2834 4759
298 194 361 257 DE
387 194 590 257 sturnis
605 194 960 259 Terentinum.
1143 196 1210 257 lxiii

56 324 109 385 Etsi
130 344 256 421 revers,
272 327 354 405 quod
375 326 501 387 Romi
524 326 691 398 voluerunt,
714 327 780 386 reni
800 328 832 385 in
853 345 972 419 quoque
991 326 1127 387 trimetro
1146 327 1207 387 sint

55 408 137 480 ictum
160 409 216 486 qui
230 408 274 467 sic
288 408 415 486 exprimi
426 408 548 486 possint,

258 498 417 627 ene
438 498 1036 627 crescencium

54 662 156 722 Verum
177 662 253 740 quia
272 661 303 719 in
322 662 443 755 peribus
463 660 544 731 locis,
560 667 588 731 2,
605 667 633 731 4,
649 668 677 731 6,
692 664 788 721 minus
808 660 982 740 plerumque
1003 660 1156 721 elevantur
1176 674 1208 721 et

53 743 200 812 feriuntur,
215 762 307 819 quern
320 742 349 801 in
362 742 532 821 imparibus,
550 747 576 813 1,
592 748 621 813 ι,
636 746 663 813 5,
680 742 790 802 idcirco
806 763 857 801 eos
871 763 953 801 more
967 740 1142 803 Graecorum
1154 743 1206 803 bie

53 824 155 901 placuit
168 823 320 883 omittere.
364 822 481 882 Horum
496 836 592 881 sutem
613 838 786 883 accentuum
800 823 891 883 (luctu
905 824 944 900 (si
958 844 1019 882 vox
1032 824 1063 883 in
1076 822 1133 881 illis
1146 822 1208 901 syl·

52 902 118 963 lrbis
136 918 273 974 acuatur,
294 914 325 963 et
342 924 396 997 pur
417 904 558 981 temporis
576 923 721 972 mensure,
736 924 804 982 quse
822 904 906 981 pedis
919 903 1073 963 ditrocboei
1089 904 1138 964 vel
1150 908 1208 963 iss·

48 992 131 1062 spisso
144 990 272 1061 δευιέρου
289 986 385 1063 spatio
407 1004 521 1063 semper
538 984 669 1055 linitur,⁸
662 998 738 1043 mter
756 984 888 1063 singulos
908 998 1047 1044 accentus
1060 982 1208 1062 servetur)

48 1086 148 1125 sersus
169 1066 327 1125 universos
349 1065 452 1123 eodem
472 1064 561 1123 modo
581 1064 674 1124 lector
694 1065 806 1135 efferet,
827 1086 887 1143 quo
908 1066 977 1125 olim
998 1067 1155 1125 obserere
1178 1066 1209 1125 in

53 1168 130 1207 scena
144 1146 184 1206 ad
199 1147 306 1205 tibiam
319 1147 598 1224 pronunciabantur.
624 1146 693 1205 Hoc
707 1166 824 1224 quoque
838 1146 1007 1205 commodi
998 1166 1028 1205 ιιι
1042 1146 1089 1203 bis
1103 1166 1208 1206 eccen-

55 1229 124 1286 ubus
137 1227 236 1287 lector
249 1228 399 1285 inveniet:
418 1226 498 1303 quod
511 1228 609 1285 stetim
623 1242 654 1285 et
667 1228 728 1286 ictu
743 1227 820 1285 oculi
834 1227 997 1286 trochaicus
1010 1228 1048 1286 sb
1062 1226 1207 1296 iambicis,

56 1310 139 1385 quiin
152 1308 261 1367 eadem
275 1328 366 1367 scena
385 1306 530 1365 interdurn
543 1306 639 1367 locum
654 1307 771 1379 hebent,
786 1309 880 1385 possit
894 1308 1091 1386 distinguere:
1112 1308 1137 1367 si
1158 1326 1208 1367 sc·

58 1402 145 1449 centus
166 1388 286 1449 scilieet
306 1389 337 1447 iu
357 1388 452 1467 prims
464 1408 567 1447 versus
582 1388 695 1467 syllaba
707 1400 763 1459 ert,
777 1389 917 1448 trochaici
931 1400 1017 1460 sunt3
1041 1388 1086 1447 sin
1099 1388 1207 1458 miuus,

62 1469 173 1529 iambici.

558 1578 705 1646 Ccesura.

95 1684 182 1746 Omne
204 1705 351 1744 versuum
372 1704 464 1764 genus
485 1704 566 1743 suem
587 1684 676 1744 babet
694 1704 833 1743 coesoram
856 1684 918 1744 sive
938 1682 1127 1754 incisionem
1149 1702 1209 1761 qus

63 1770 168 1827 rerbum
183 1767 372 1835 terminatur,
387 1778 418 1824 et
430 1785 491 1824 vox
504 1766 533 1823 in
548 1765 673 1824 decursu
694 1765 842 1844 paulurn
833 1764 1043 1842 interquiescit.
1077 1728 1133 1823 llll
1147 1765 1209 1823 lere

61 1868 157 1907 meurs
171 1848 320 1906 Romanis
334 1810 453 1925 placuit,
468 1867 535 1924 quae
556 1846 703 1924 inpriore
726 1846 805 1905 tertii
825 1844 1102 1925 pedissyllubslit:
1125 1845 1209 1905 utin

59 1929 185 1989 beroioo:

263 2005 386 2059 Arma
360 2022 422 2059 viru
469 2022 502 2059 ue
514 2021 583 2059 cano
598 2002 604 2077 Ι
619 2002 710 2087 Trojae
722 2004 769 2076 qui
780 2004 883 2087 primus
895 2000 930 2058 sb
942 2002 997 2059 oris

264 2074 372 2129 ltuliem
383 2022 469 2145 latmi
475 2074 607 2146 profugus
620 2072 776 2159 lavinaque
787 2075 863 2129 veuit

265 2146 369 2211 Litore,
383 2146 499 2200 multum
509 2146 555 2199 ille
567 2154 594 2199 et
607 2144 615 2215 Ι
629 2146 708 2199 terris
717 2146 835 2216 jactetur
847 2153 874 2199 et
886 2144 941 2199 sito

264 2215 302 2270 vi
312 2232 457 2288 superum,
464 2232 542 2271 saevae
556 2215 563 2288 Ι
578 2232 726 2271 memorem
737 2215 857 2270 lunonis
868 2213 923 2271 ob
916 2233 993 2271 ιιιιιι.

56 2324 143 2385 Vsrro
164 2321 291 2401 quidem
312 2320 391 2399 apud
412 2320 550 2389 Gellium,
563 2321 647 2379 xviii.
665 2326 712 2379 15.
729 2319 828 2379 scribit
847 2319 1009 2378 observasse
1028 2340 1058 2378 se
1081 2318 1113 2377 ιἰι
1130 2338 1212 2379 ceros

55 2406 224 2475 lemmtro,
340 2401 493 2460 onmimodo
514 2402 629 2481 pssintsm
651 2401 795 2480 smiper(
782 2400 827 2478 (id
848 2414 903 2469 est,
925 2402 1007 2479 prior
1026 2398 1110 2479 pedis
1131 2400 1210 2459 tertii

54 2486 174 2565 syllabis)
159 2486 241 2563 )oer
310 2481 384 2577 finis
339 2492 421 2542 met.
447 2482 568 2552 Mirum,
583 2482 663 2560 quod
675 2480 830 2541 omnimodo
842 2480 960 2551 dixerit,
974 2502 1042 2541 cum
1055 2481 1211 2541 Lueretius

47 2568 105 2645 jam
117 2581 186 2626 tum
201 2564 373 2633 venereris,

264 2656 452 2712 Reddendum
461 2657 532 2711 ratio
547 2655 553 2729 Ι
567 2672 602 2712 ne
612 2672 723 2723 vocure,
736 2664 764 2710 et
774 2657 878 2711 semino
888 2672 988 2711 rerum.

51 2748 955 2897 Ειοιιιιιιω’ΟιιιιιιιιἰιιιιιιιιιιιιιιΙ(ιιιιιιιιιοΙιιιιιιιιιιιιιοιι.

51 2918 157 2980 Postea
168 2916 284 2995 srepius
300 2912 450 2991 Virgilius,

266 3006 393 3080 Lyrnessi
405 3006 502 3063 domus
513 3009 539 3062 al
552 3006 559 3080 Ι
574 3016 612 3075 ιι,
626 3008 685 3064 solo
697 3006 832 3063 inurente
844 3008 1006 3079 sepulcrum.

52 3100 203 3163 Homerus
215 3108 318 3159 sutem
331 3094 401 3155 olim
415 3097 584 3176 sepissime,

264 3196 436 3269 Οιλομινην
423 3222 438 3269 η
451 3222 486 3269 μυ
471 3190 560 3274 ιἰἸ
526 3220 553 3271 ρι
574 3198 690 3271 Ἀχαιοῖς
701 3196 775 3273 ἄλγε’
789 3200 887 3270 ἔθηκεν.

55 3313 118 3373 tlon
130 3307 312 3372 onmirrodo'
303 3306 393 3385 igitur
406 3306 517 3367 dictum
531 3308 683 3385 oportuit3
706 3308 760 3367 sed
770 3307 943 3388 plerumque.

92 3396 124 3456 Iu
137 3391 291 3473 Sapphico
306 3387 437 3447 similiter
451 3388 577 3447 Romani
590 3388 694 3465 quinto
707 3390 770 3449 fere
783 3389 953 3469 semipede.

265 3480 412 3538 Pindarum
424 3480 577 3607 quisqurslp
583 3482 674 3537 studet
686 3484 816 3550 emulari,

267 3553 340 3619 lule,
353 3553 449 3607 emetis
455 3551 470 3635 Ι
486 3569 537 3623 ope
578 3552 678 3607 reddes

266 3624 371 3679 Nititur
381 3623 478 3694 pennis
493 3622 500 3696 Ι
514 3624 601 3677 vitreo
613 3623 727 3678 daturus

512 3692 633 3750 Nomius
642 3702 739 3765 ponto.

50 3776 82 3835 lu
96 3771 245 3835 nterim·

263 3846 398 3903 Doctrina
410 3844 494 3901 sed'
468 3862 525 3900 vnn
539 3844 547 3919 Ι
560 3853 703 3915 promovet
714 3846 836 3913 ιιιιιιιιι,

264 3916 397 3991 flectique
408 3916 498 3971 cultus
513 3915 519 3989 Ι
533 3925 643 3989 pectora
653 3914 793 3972 roborent.

50 4012 81 4073 lu
93 4009 269 4073 Pbslreeio:

264 4100 364 4157 Multis
374 4100 421 4155 ills
430 4097 512 4154 bonis
526 4096 533 4171 Ι
545 4098 643 4155 flebilis
656 4098 773 4154 οιιιιιι.

264 4170 344 4227 Nulli
355 4170 471 4225 flebilior
484 4168 491 4240 Ι
505 4186 586 4241 qusm
596 4170 657 4235 tibi,
670 4168 793 4241 virgili·

51 4260 473 4328 Siestmismbotrimetro.

264 4354 332 4411 Jrsn
353 4350 835 4433 umefficscildomsnusscisutbe:

402 4420 855 4499 storolrsgnsperl’rosopiw.
