2834 4759
242 40 306 105 260
624 37 920 103 PROLOGUS
951 38 1010 103 IN

331 174 386 239 Ex
401 177 527 261 integra
543 174 673 253 Graeca,
688 175 847 259 integram
862 174 1052 239 comoedism

305 286 319 333 t
332 273 442 339 Hodie
459 296 529 339 sum
544 284 674 340 acturus
690 273 1098 339 Heautontimorumenon:

329 371 465 457 Duplex
480 394 553 458 quae
567 396 608 437 ex
622 382 812 458 argumento
825 371 911 437 facta
924 384 976 437 est
990 372 1135 457 simplici.

327 470 456 535 Novam
466 492 539 535 esse
554 471 692 549 ostendi,
708 483 742 536 et
756 493 830 556 quae
842 480 945 535 esset:
968 493 1055 535 nunc
1068 471 1126 555 qui
1139 471 1312 555 scripserit,

329 568 376 633 Et
390 570 464 654 cuja
476 568 596 635 Graeca
610 570 662 647 sit,
678 570 712 633 ni
725 579 850 654 partem
863 570 1032 633 maximam

330 662 558 733 Existimurem
574 669 655 733 scire
669 677 825 746 vostrum,
840 669 874 732 id
889 670 1040 734 dicerem.

290 781 320 827 10
331 766 441 844 Nunc,
458 766 666 852 quamobrem
679 765 740 829 has
755 769 856 850 partis
872 769 1048 847 didicerim,
1063 769 1175 854 paucis
1190 770 1294 834 dabo:

330 866 503 931 Oratorem
518 888 589 930 esse
604 864 704 929 voluit
718 887 781 943 me,
794 888 859 929 non
874 865 1061 952 prologum:

240 1070 302 1131 quod
310 1071 368 1125 oeni,
376 1068 475 1129 eioqteor,
486 1064 547 1114 illud
556 1074 610 1114 eat:
627 1082 679 1113 acro
690 1068 750 1128 qood
758 1081 799 1113 rtr-
828 1067 894 1126 plici.
922 1066 983 1121 Quae
994 1066 1067 1115 lectio
1080 1082 1227 1130 quamquam
1241 1078 1279 1117 eat
1291 1080 1381 1117 cretos·

241 1148 313 1180 neree
324 1134 460 1181 distulerant
474 1133 580 1189 malivoli,
592 1132 675 1179 molior
690 1133 799 1179 minmi-
831 1145 886 1179 rum
902 1132 971 1179 codd
991 1131 1121 1195 legendum
1137 1142 1274 1182 esttamen
1293 1137 1382 1195 Sinpiea

241 1214 307 1246 notre
321 1200 421 1254 Grecos,
432 1194 553 1259 dumsooii
560 1212 647 1257 pesam
658 1197 762 1250 Latinos.
775 1197 802 1242 id
832 1212 882 1258 qua
898 1213 926 1244 es
941 1204 1073 1258 tergam
1081 1196 1151 1259 socio
1166 1206 1201 1246 eei
1217 1202 1310 1259 duplici,
1326 1200 1348 1247 lr.
1362 1214 1381 1245 e.

243 1261 571 1324 eraesoctemhiceoeeegot.
597 1260 663 1323 Ergo
675 1270 800 1324 utpropo-
832 1260 1214 1324 unaiahula,sedergumentom
1227 1264 1332 1327 duplex:
1348 1278 1381 1310 se·

242 1326 300 1375 sitio
310 1326 426 1375 collocata
436 1334 480 1383 eet
491 1324 526 1374 its
537 1325 610 1373 ctiam
621 1324 748 1373 solutionis
764 1333 803 1373 est
833 1340 877 1373 nes
893 1325 949 1383 duo,
966 1325 1131 1375 adolescentes
1147 1326 1203 1385 duo,
1221 1329 1305 1378 amice
1320 1329 1381 1377 dua:

243 1392 303 1439 ordo
314 1401 429 1440 meratus
459 1390 507 1439 Sed
518 1404 582 1439 nnnc
594 1389 625 1438 ad
635 1389 801 1453 interpretati·
833 1388 894 1438 rarii
910 1404 1009 1455 prorsus
1025 1390 1125 1440 affectus
1141 1402 1166 1439 et
1181 1403 1291 1452 evenma,
1302 1394 1341 1456 qni
1351 1404 1382 1439 ta-

242 1454 803 1584 dutitii‘ttpitihhisi‘sl
833 1456 1291 1583 iilil‘m’ffdiliilffldm’m
1305 1467 1382 1507 ”³⁸²¹

538 1554 544 1577 r
595 1554 603 1577 r
790 1546 801 1556 “
1182 1556 1190 1569 ·

243 1586 344 1643 sulamr,
359 1584 468 1633 ordinem
485 1583 524 1632 hic
540 1585 672 1641 invertunt,
685 1586 717 1631 id
727 1586 803 1632 dicore
867 1584 889 1635 7.
906 1586 940 1632 Et
955 1602 1006 1648 qaae
1021 1585 1092 1650 eeeei]
1115 1585 1145 1634 ld
1166 1597 1212 1645 eet,
1228 1604 1278 1650 qno
1296 1586 1382 1635 nomine

242 1653 343 1707 deinde,·
359 1654 459 1712 primore
473 1652 532 1713 qaod
546 1652 596 1697 oeni
609 1651 708 1712 eioqum.
737 1648 802 1697 Nam
833 1659 968 1698 vocaretur.
985 1651 1134 1700 C.-Nooero
1144 1668 1192 1701 esee
1202 1652 1305 1716 oeuadi]
1316 1654 1382 1715 Prop-

242 1715 283 1763 hic
299 1714 413 1779 prologus
429 1729 486 1772 non,
501 1724 529 1761 ut
544 1713 611 1770 alias,
627 1729 640 1761 c
656 1728 729 1761 scena
743 1714 801 1771 abit,
834 1724 908 1771 teres,
919 1730 975 1763 cum
987 1730 1002 1763 a
1016 1716 1103 1765 Gracc
1119 1726 1214 1765 tantum
1231 1717 1298 1771 dicta
1313 1727 1353 1773 eat,
1363 1728 1383 1763 et

243 1778 287 1829 aed
297 1778 379 1829 statim
388 1778 525 1828 Chremetis
536 1788 617 1842 partes
628 1777 685 1841 agit.
715 1779 801 1841 Itaque
834 1778 922 1828 Latine
938 1794 1003 1828 nunc
1019 1790 1073 1829 acta
1087 1790 1131 1830 eet.
1160 1782 1236 1830 Nunc
1251 1780 1383 1847 primumin

243 1859 330 1895 sensus
349 1853 404 1893 est:
433 1846 464 1892 Id
481 1846 580 1905 primum
596 1842 683 1906 dicam]
701 1843 740 1891 Sc.
757 1860 801 1891 cur
832 1859 930 1893 acenmn
945 1844 1062 1909 procedit,
1074 1846 1165 1894 idcirco
1179 1846 1273 1895 dicitur
1286 1856 1384 1903 met.

291 1920 315 1958 ta
325 1908 392 1966 mihi,
401 1924 451 1957 non
458 1908 543 1971 juveni
557 1908 640 1966 actori,
650 1919 732 1971 partes
743 1924 799 1971 pro-
833 1924 887 1971 ques
902 1918 974 1967 esset,
987 1925 1062 1974 supra
1075 1911 1145 1968 dixit,
1157 1914 1383 1961 Heautontimoru-

253 1974 292 2039 ogi
302 1974 456 2023 commiserit.
473 1976 562 2023 Deinde
570 1976 629 2037 quod
637 1976 687 2021 oeni
695 1972 799 2035 eloquor]
832 1991 882 2021 eoa.
893 1973 1005 2028 a-Qae
1013 1974 1144 2039 scripserit]
1154 1977 1192 2024 Sc
1199 1977 1296 2034 Latine,
1302 1977 1382 2026 Tereo·

245 2040 278 2089 Η.
291 2039 431 2088 eiabulam
451 2038 537 2103 ipsam,
555 2038 669 2101 adquam
682 2037 801 2101 agendam
833 2038 890 2087 tius.
919 2039 978 2101 cuja
991 2039 1086 2103 draeo]
1104 2042 1142 2089 Se.
1160 2041 1302 2091 Menandri
1328 2042 1383 2089 Nun

243 2105 291 2154 huc
305 2104 369 2163 veni,
381 2112 437 2169 pcat
446 2103 540 2169 prologi
556 2103 731 2162 recitationem,
745 2118 800 2167 per·
834 2102 908 2152 etiarn
920 2100 1002 2152 Latini
1013 2104 1144 2169 scriptores
1156 2120 1247 2155 nomen
1258 2108 1285 2155 in
1296 2106 1384 2171 prologo

244 2186 320 2235 agam.
345 2170 374 2218 B.
624 2214 626 2219 ,
833 2168 956 2216 interdum
977 2169 1107 2218 dicebant:
1136 2186 1209 2233 quem
1232 2170 1321 2235 alioqui
1336 2185 1384 2235 pan

275 2230 801 2297 addeintegroGreoo]TerentiusHecy-
833 2248 921 2296 magna
932 2244 1096 2310 spectatorum
1107 2235 1265 2298 ignoraverit.
1288 2237 1316 2286 B.

243 2316 296 2349 ram
304 2309 330 2349 et
339 2300 509 2348 Phormionem
520 2299 550 2346 ab
562 2297 711 2362 Apollodoro
722 2307 802 2346 nana
867 2300 890 2346 8.
909 2301 968 2361 Gripo
981 2302 1064 2348 Graeoo
1073 2299 1118 2363 eir]
1130 2301 1241 2364 Antique
1249 2302 1346 2351 dictum.
1360 2299 1384 2347 C.

244 2365 307 2423 tulit,
319 2364 535 2426 reliquasquatucr
546 2378 561 2411 a
573 2362 718 2411 Menandro.
742 2363 804 2409 C.-
834 2365 901 2411 —Iit
915 2365 968 2427 cuja
985 2366 1067 2413 Graeco
1080 2369 1119 2423 eit,
1132 2369 1158 2413 ni
1167 2376 1262 2427 portem
1277 2370 1384 2415 mine·

244 2432 283 2479 aa
294 2434 383 2493 integro
397 2432 478 2477 Gracc
488 2431 601 2491 integram
612 2429 743 2475 comediam
754 2444 804 2475 eoae
834 2431 988 2477 uietinorero
997 2433 1056 2478 scire
1066 2438 1171 2489 oeetmn,
1180 2434 1207 2479 id
1215 2430 1325 2493 dimon]
1338 2430 1383 2478 Do-

243 2498 309 2543 hodie
316 2492 423 2557 ortum]
435 2492 555 2548 Quoniam
567 2492 662 2541 Andria
671 2507 701 2540 ex
710 2491 804 2541 duabus
834 2492 893 2557 plex
903 2493 943 2542 hic
954 2494 1124 2558 pronunciatio
1139 2496 1276 2557 (propositio
1292 2498 1332 2555 Ζ.)
1346 2504 1383 2548 cri

244 2559 369 2609 comoediia
391 2558 486 2606 videtur
506 2572 560 2606 esse
579 2556 695 2614 coniecta,
713 2556 804 2621 quippe
835 2560 875 2621 qui
884 2562 1010 2619 scripserit,
1021 2568 1045 2608 et
1054 2560 1108 2622 cajo
1121 2562 1204 2609 Graeeo
1217 2565 1258 2619 eit,
1269 2564 1295 2610 ro·
1305 2566 1385 2623 pero·

245 2621 296 2673 illic
307 2635 332 2673 et
343 2622 469 2672 Perinthia
485 2622 615 2671 ctrindria
630 2621 803 2678 continentum
834 2626 955 2671 eodm
970 2626 1123 2673 eeietiororere
1138 2630 1204 2683 scire,
1222 2630 1269 2675 id.-
1296 2635 1324 2674 ut
1338 2634 1385 2688 post

245 2690 309 2753 quod
330 2688 428 2753 quidem
449 2686 558 2736 criminis
579 2687 632 2735 loco
651 2685 804 2735 adversarius
834 2686 959 2746 inieratru,
974 2691 1044 2737 Nure
1059 2693 1202 2752 qeembreos
1216 2694 1261 2739 hoe
1268 2700 1344 2753 portes
1353 2691 1385 2735 di·

245 2754 351 2805 dederat.
380 2754 439 2802 ldeo
453 2752 492 2801 hic
507 2768 536 2801 ec
551 2756 649 2814 integro,
662 2751 749 2814 inquit,
766 2770 803 2800 co-
835 2754 1098 2815 dicerinffloaciedoio.
1117 2755 1256 2818 illudquod
1266 2768 1385 2819 supr-apo

245 2823 328 2871 raoedio
344 2822 457 2881 integram
472 2820 602 2865 mmoediom
620 2824 714 2865 acturus
733 2833 783 2864 eura
793 2837 803 2873 ,·
835 2817 909 2866 situm
920 2828 965 2876 eat,
977 2818 1073 2867 videtur
1086 2820 1214 2882 adjectum.
1244 2821 1317 2869 Nunc
1330 2816 1386 2868 redit

245 2900 277 2933 ne
290 2884 399 2934 videatur
410 2885 441 2932 ab
451 2882 527 2931 altero
538 2893 608 2939 tacta,
621 2890 663 2930 aut
677 2881 730 2945 ipse
742 2881 802 2929 alte·
835 2881 866 2930 ad
877 2882 1033 2947 partitionem
1044 2900 1119 2948 supra
1132 2884 1253 2941 collatam.
1265 2900 1309 2935 cut
1315 2890 1386 2947 portes

245 2966 298 2998 ram
310 2948 425 3012 tetigisse,
434 2947 477 2997 aed
489 2962 562 2997 unam
573 2946 716 2995 comoediam
727 2956 753 2994 et
763 2946 801 2994 in·
834 2949 1008 2996 edokeoeuriser
1017 2965 1085 2997 maes
1094 2953 1207 2998 emerit.
1230 2950 1262 2999 E.

245 3024 337 3077 tagram
349 3014 380 3062 ad
389 3012 502 3061 Latinum
512 3026 647 3060 sermonem
656 3010 802 3075 interpreta-
870 3014 906 3061 10.
923 3014 976 3061 Hos
983 3021 1063 3075 portes
1078 3013 1210 3077 didiceriod
1224 3016 1304 3065 Docet
1314 3020 1384 3079 poeto

245 3078 312 3127 tione
334 3088 447 3126 mumase.
481 3076 594 3139 Denique
617 3076 672 3124 ideo
695 3076 802 3139 adjecit:
836 3076 909 3126 discit
918 3089 992 3136 actor,
1004 3078 1081 3127 edunt
1090 3079 1207 3143 magistri.
1225 3082 1254 3129 C.

245 3146 343 3204 Dispice,
351 3139 642 3205 qoaeeeorguorentosooto
649 3144 802 3202 eeisimpiici:
869 3144 953 3199 11‚12.
968 3146 1085 3192 Orotm
1094 3148 1167 3193 oeiait
1176 3162 1224 3193 eeee
1234 3163 1277 3203 are,
1288 3162 1330 3193 roos
1336 3158 1383 3205 μν-

245 3217 274 3255 ut
289 3206 393 3271 simplex
409 3216 578 3269 argumentum
595 3205 634 3263 ait,
651 3205 742 3269 duplex
761 3222 802 3254 co-
835 3206 921 3270 logum]
934 3207 1047 3256 Officium
1058 3212 1149 3272 prologi
1159 3220 1217 3257 ante
1229 3210 1384 3259 narrationem

245 3271 349 3321 rnoedis:
367 3270 425 3320 dum
436 3281 462 3319 et
474 3270 562 3319 Latina
576 3270 660 3318 eadem
677 3280 702 3317 et
718 3272 804 3319 orceo
834 3271 872 3320 rei
893 3288 990 3336 semper
1011 3285 1061 3321 est:
1088 3289 1172 3323 verum
1194 3284 1278 3324 nmen
1298 3281 1385 3337 etpost

246 3346 290 3386 eet.
314 3333 802 3398 E.-r:reregreoraece]olossar.1n-
853 3336 983 3401 rincipium
1007 3336 1095 3387 fabulae
1120 3338 1252 3398 inducitur,
1275 3350 1304 3389 ut
1327 3335 1384 3402 apud

247 3411 319 3464 tegre,
335 3404 417 3459 idaei,
435 3418 450 3451 o
465 3402 527 3449 oudo
543 3406 650 3474 tractato.
661 3401 802 3475 Latinorum.
834 3352 949 3450 luuram
966 3402 993 3450 in
1005 3402 1088 3451 Milite
1104 3404 1217 3466 glorioso,
1229 3414 1255 3453 et
1265 3404 1330 3470 apud
1343 3416 1383 3450 ca·

245 3464 526 3528 Heautontimorumenos]
538 3464 622 3513 Horat.
634 3464 675 3513 hb.
688 3480 703 3512 ι.
718 3464 767 3513 Sat
779 3468 802 3513 2
835 3477 900 3515 tersa
917 3482 1011 3529 magnae
1026 3469 1176 3517 auctoritatis
1189 3478 1285 3519 veteres
1302 3480 1383 3534 poetar.

248 3534 358 3581 la-eie
373 3534 463 3581 credere
476 3534 550 3593 poesie
567 3528 639 3583 Quom
655 3532 758 3578 sibinen
770 3534 804 3579 ait
837 3531 967 3595 Oratam]
985 3532 1026 3581 Sic
1039 3532 1067 3580 in
1082 3533 1183 3597 prologo
1195 3534 1313 3599 Hecyrae:
1332 3535 1383 3581 Oro·

246 3600 349 3646 amicae:
367 3600 403 3644 iio
417 3605 443 3645 ui
461 3604 529 3658 poter
544 3598 583 3643 ilie
602 3596 701 3651 Terenti,
714 3597 804 3643 Fuluio
835 3604 871 3644 tor
882 3599 914 3645 od
923 3614 961 3645 ooo
970 3601 1034 3645 mio
1044 3615 1094 3645 coos
1108 3608 1191 3647 moute
1202 3602 1299 3663 prologi.
1332 3600 1383 3645 Om-

246 3680 310 3726 quem
326 3666 431 3710 mitem
446 3668 500 3709 nato
515 3663 597 3709 oiaiese
606 3658 692 3722 fugato
701 3662 803 3719 inducit,
836 3660 918 3724 torem]
933 3664 1050 3711 &meos
1061 3662 1145 3711 audire
1158 3674 1270 3727 oportere
1282 3666 1323 3725 §ua
1331 3675 1383 3724 gen·

246 3744 324 3777 nonae
333 3726 400 3789 pejor
410 3729 552 3783 cruciaverit,
564 3732 632 3789 atque
642 3728 686 3773 hic.
707 3725 804 3773 L.—ln
836 3723 898 3774 tium
917 3736 961 3774 est.
997 3729 1114 3775 &uterere
1133 3744 1183 3776 non
1203 3728 1260 3778 licet
1279 3726 1383 3791 injuriam

246 3792 302 3842 libri
315 3790 427 3840 Bembini
438 3790 547 3854 margine
561 3805 617 3838 cum
631 3805 675 3854 per
690 3789 750 3838 alias
763 3806 803 3839 co-
836 3790 895 3854 pati.
924 3792 963 3840 Ne
975 3791 1050 3855 igitur
1060 3793 1166 3856 patiamr
1175 3791 1297 3855 injuriam,
1306 3803 1383 3841 nouae

246 3857 347 3907 moedias
369 3855 513 3921 glossemata
532 3872 546 3904 e
565 3854 662 3903 Donato
683 3854 806 3919 adscripta
833 3859 958 3919 prolegom,
965 3856 1009 3905 sed
1016 3866 1127 3906 erotem
1135 3859 1251 3907 nominat.
1274 3859 1383 3906 atnoe

246 3934 311 3979 sunt,
325 3932 375 3971 turn
387 3920 477 3985 passim
489 3920 514 3969 in
529 3920 663 3969 Heautont.
677 3919 754 3968 multa
767 3919 804 3967 vi·
837 3930 875 3969 est
896 3921 938 3984 qui
959 3931 1041 3984 rogat:
1069 3931 1180 3981 exorator,
1203 3922 1244 3985 qui
1271 3922 1382 3986 impetret

246 3997 340 4044 suntor,
357 4002 410 4048 quta
426 3984 531 4050 speciem
547 3984 693 4033 scholiorum
714 3984 806 4033 Donati
837 3985 906 4033 Alibi
923 3985 1021 4034 Terent.
1044 3990 1127 4036 Orator
1144 3991 1177 4037 od
1193 4004 1230 4036 ooo
1244 3991 1315 4045 mio,
1324 3986 1384 4033 rieiic

246 4050 441 4115 praeseferunt:
458 4049 806 4113 quorumoliquaponerenon
837 4058 942 4099 erorum
959 4054 1022 4100 aiere.
1056 4052 1090 4101 Et
1106 4060 1182 4101 mmor
1198 4062 1241 4109 eat,
1260 4052 1300 4100 cui
1319 4061 1383 4099 caus!

247 4114 416 4177 gravabimurr
443 4126 470 4163 ut
488 4114 520 4163 ad
538 4115 563 4163 h.
584 4115 599 4163 l
624 4128 660 4161 nx
681 4127 805 4163 rursoaa
837 4114 988 4164 defendenda
1004 4117 1139 4166 mandatur.
1163 4119 1339 4166 c.-omm
1353 4126 1383 4159 Μ

250 4192 353 4234 canoa,
364 4196 379 4226 o
390 4183 451 4227 eolo
461 4188 530 4228 taeta
559 4192 690 4227 raasuos.
837 4196 885 4229 eree
901 4183 979 4239 misit,
998 4199 1043 4230 noa
1058 4182 1188 4247 μοὶομ]
1209 4182 1243 4230 Ut
1263 4179 1327 4246 apud
1346 4189 1383 4223 rot

281 4243 303 4289 6.
322 4242 353 4289 lu
368 4241 430 4291 lihro
449 4244 531 4292 Bemh.
546 4260 561 4291 a
575 4260 648 4293 manu
663 4243 745 4308 prima
758 4244 806 4292 fuit
837 4260 934 4308 agerem
943 4261 1040 4296 musam
1051 4246 1140 4311 potius,
1151 4264 1200 4296 non
1216 4246 1294 4295 officio
1305 4245 1381 4305 muge-

248 4309 341 4369 dupiiee,
357 4307 419 4368 quod
434 4320 519 4371 postea
534 4318 654 4359 mutatum
665 4309 804 4359 eatineim·
837 4325 878 4359 rer
886 4310 1048 4375 prologorum.
1074 4310 1382 4377 Pmtopeninmicutrjao
