2834 4759
329 183 510 247 VICTOR
536 186 599 247 DE
625 184 878 245 GOMOEDIA.
1124 188 1178 249 als

50 312 255 391 Aristophanem
268 315 436 392 accepimus
456 316 619 394 presertim
632 335 651 376 a
663 334 735 395 rega
747 315 939 375 celebratum.
980 313 1092 376 Contra
1106 338 1179 379 vero

49 414 112 452 nora
122 394 261 453 comedia
275 395 397 463 iambos,
411 408 445 453 ut
463 396 623 475 plurimum
636 396 723 463 solet,
738 411 875 475 usurpat:
898 396 1145 473 quemadmodum
1159 420 1180 459 a

49 474 156 545 Subito,
173 474 342 545 Plutarcho,
356 476 454 535 Gellio
468 478 556 536 citata
570 476 727 537 Menandri
741 479 870 537 cannina
882 477 1093 537 demonstrant.

80 556 159 615 Binas
175 570 322 635 apparatu
342 556 521 617 differentias
542 558 676 617 extitisse
696 558 879 636 grammatici
901 559 1093 627 tradiderunt,
1110 580 1180 621 cum

48 636 139 695 militet
160 638 189 695 in
215 638 359 715 personis,
387 652 450 697 turn
484 638 513 697 in
534 640 597 717 ipsa
621 640 705 707 serie,
731 638 1000 716 comoediarumque
1024 654 1177 701 contextu.

47 716 176 777 Platonica
188 720 267 777 euim
282 732 385 777 auctor
397 734 444 779 est
456 720 564 777 veteris
578 719 732 779 comoedioe
750 734 852 799 poetas
865 740 883 778 e
896 740 985 779 scena
997 720 1099 781 solitos
1112 742 1178 781 ease

46 818 85 855 ecs
106 799 224 857 educere
248 813 433 877 personatos,
456 800 625 876 quistatim
650 820 690 859 ex
714 800 779 879 ipss
800 800 875 859 facie
899 822 974 878 quos
994 816 1093 861 ament
1115 816 1179 863 toto

46 898 117 956 opere
135 882 272 958 carpturi,
295 881 512 959 spectatoribus
532 880 712 941 indicarent:
734 896 768 939 ut
786 882 812 941 si
826 882 903 941 forte
921 882 989 959 quis
1002 902 1062 941 non
1076 883 1179 943 audire

46 961 152 1019 carmina
167 974 334 1039 cogeretur,
351 961 388 1019 de
408 980 533 1039 persona
554 974 660 1031 tamen,
681 962 815 1040 quisnam
834 974 915 1021 esset
930 962 1108 1023 deridendus
1125 985 1178 1043 ag·

45 1054 165 1100 maceret.
206 1041 268 1101 Sed
291 1042 398 1101 comici
421 1043 598 1101 recentiores
616 1042 655 1101 ad
674 1042 866 1102 excutiendos
883 1044 1068 1121 potissimum
1091 1044 1178 1115 risus,

45 1120 195 1181 histrionum
218 1122 313 1182 facies
338 1123 569 1201 configurarunt.
610 1122 658 1181 De
682 1124 825 1183 industris
849 1124 968 1201 quidem
995 1140 1177 1185 monstrosos

44 1200 170 1261 hominnm
198 1204 304 1263 cultus
338 1202 479 1282 effingere
508 1206 695 1273 conabantur,
725 1225 761 1263 ne
787 1204 915 1283 cuipiam
948 1206 1025 1264 forte
1059 1208 1178 1267 fortuna

45 1280 178 1343 Macedoni
198 1298 275 1345 tunc
298 1284 441 1362 praefecto
461 1283 569 1343 similes
590 1305 655 1344 esse
676 1284 863 1345 uiderentur:
885 1286 1068 1365 proindeque
1088 1288 1178 1347 miser

46 1362 82 1421 ille
92 1379 169 1441 poeta
182 1386 242 1425 uon
256 1384 347 1424 secus
362 1384 396 1424 ac
406 1366 430 1424 si
443 1367 598 1425 barbarum
613 1366 775 1445 principem
789 1366 859 1425 data
872 1386 961 1444 opera
973 1368 1177 1441 subsannaret,

48 1444 349 1521 puhlicemnltaretur:
370 1446 445 1505 adeo
459 1446 565 1505 nobilis
583 1446 633 1505 illa
648 1446 822 1505 Graecorum
836 1446 973 1525 majestas
988 1448 1110 1525 impuris
1123 1452 1177 1509 ob·

51 1530 210 1603 temperabat.
257 1527 382 1605 Quippe
403 1527 527 1587 distorta
548 1548 672 1605 corpora
687 1526 851 1586 Menander
869 1527 909 1605 (ai
929 1526 1063 1587 Platonis
1080 1530 1177 1589 credi-

52 1606 108 1679 mus)
126 1608 274 1687 planeque
303 1628 488 1667 communem
513 1609 663 1667 hominum
686 1608 859 1667 excedentia
881 1621 1018 1668 naturam
1042 1610 1177 1688 personis

51 1684 195 1759 imitabatur,
209 1690 353 1768 prosectu
363 1688 518 1766 sapienter,
530 1688 687 1758 Quoniam,
699 1690 796 1766 iuquit
807 1687 866 1758 ille,
877 1710 937 1748 non
952 1689 1046 1749 solum
1056 1691 1176 1763 malum,

49 1766 85 1823 sed
102 1782 125 1827 et
143 1770 213 1829 mali
238 1769 364 1829 vitands
383 1783 429 1828 est
448 1770 586 1848 suspicio.
628 1769 721 1834 Quod
740 1784 838 1829 autem
858 1770 897 1829 ad
921 1770 1029 1829 fabulae
1049 1773 1177 1849 pertinet

45 1863 196 1921 murtam,
227 1851 341 1910 chorus
362 1851 392 1909 in
419 1870 507 1910 causa
529 1865 575 1909 est
596 1871 648 1909 cnr
671 1851 747 1908 inter
773 1871 806 1909 se
827 1865 941 1910 veteres
964 1852 1092 1930 novique
1116 1874 1176 1913 non

44 1930 175 2003 quadrent:
198 1930 443 2009 quandoquidem
457 1930 498 1989 illi
513 1932 594 1990 varia
607 1931 742 2007 quaedam
756 1931 954 1991 modulamina
965 1934 1176 2011 temperabant,

45 2026 94 2085 qua
105 2010 205 2071 chorus
214 2012 346 2091 cingulis
360 2012 473 2071 actibus
488 2012 686 2071 intercincndo
700 2011 817 2090 plebem
832 2013 894 2070 sine
909 2012 1007 2082 taedio,
1022 2034 1176 2092 quousque

43 2093 93 2148 acri
111 2094 321 2171 egrederentur
344 2093 508 2163 histriones,
530 2092 683 2151 detineret.
726 2090 858 2171 Populus
878 2094 956 2151 enirn
980 2094 1176 2165 Atheniensis,

43 2184 160 2243 quatenus
185 2194 292 2233 rerum
316 2173 453 2233 dominus
476 2175 648 2241 habebatur,
673 2174 830 2251 quotannis
851 2174 954 2233 aediles
974 2177 1100 2243 creabat,
1124 2177 1176 2253 qui

4 2320 9 2334 ι
42 2266 133 2313 sumtus
150 2254 266 2315 alendis
289 2274 448 2332 puerorum
470 2254 571 2315 choris.
586 2254 849 2313 subministrarent.
897 2254 1047 2314 Caeterum
1068 2256 1175 2315 chorus

42 2349 144 2405 quatuor
160 2352 191 2395 et
205 2336 314 2413 viginti
336 2336 417 2403 viris,
439 2336 574 2413 puerisve
589 2349 640 2393 aut
660 2334 775 2393 feminis
796 2336 1003 2405 instruebatur,
1017 2337 1094 2395 sicut
1107 2336 1176 2397 nri-

42 2416 174 2491 ttuphaues
186 2418 216 2476 in
233 2418 355 2475 Avibus
369 2415 467 2476 fabula
480 2430 624 2475 numerat.
660 2415 692 2473 Si
707 2436 777 2475 vero
791 2416 956 2493 promiscue
971 2418 1026 2475 riri
1041 2417 1174 2477 feminae-

42 2512 85 2568 que
96 2497 129 2554 ad
141 2496 326 2576 explendum
348 2497 429 2555 chori
446 2516 599 2556 numerum
613 2496 824 2556 adhiberentur
837 2496 938 2574 (quod
951 2497 1055 2556 fecisse
1068 2498 1175 2559 dicitur

40 2576 130 2649 primm
148 2580 285 2638 omnium
306 2576 459 2656 Tyrtoeus)
485 2598 580 2637 mares
609 2577 762 2638 dimidium
785 2577 977 2637 excedebant.
1018 2578 1051 2636 Si
1080 2580 1174 2656 pueri,

42 2672 88 2713 tunt
108 2658 219 2718 feminis
242 2658 364 2718 illorum
387 2658 480 2736 major
502 2676 640 2717 numerus
663 2671 735 2717 erat.
778 2658 830 2717 Sin
850 2671 948 2718 autern
972 2658 1028 2717 riri
1051 2673 1174 2730 tantum,

38 2733 140 2809 juvenes
153 2740 319 2799 scilicetne
342 2758 435 2809 senes,
449 2740 608 2799 identidem
630 2753 728 2816 poetae
748 2738 874 2818 majores
890 2739 1039 2809 tredecim,
1054 2742 1174 2799 minori-

43 2818 83 2875 buc
98 2820 227 2881 undecim
252 2820 465 2889 admiscebant,
480 2834 580 2897 utpote
596 2840 721 2898 quorum
736 2819 774 2878 de
793 2820 911 2879 nomine
924 2820 1031 2879 chorus
1044 2820 1174 2899 appella-

40 2912 112 2957 retur.
150 2902 292 2969 Quilibet
304 2914 402 2960 autem
421 2921 459 2958 cx
479 2901 525 2959 his
540 2901 646 2959 chorus
667 2900 695 2959 in
712 2914 839 2977 quatuor
852 2901 900 2977 (ut
913 2899 1008 2977 aiunt)
1021 2908 1085 2979 (νγὰ
1098 2902 1174 2961 divi-

39 2974 150 3051 debatur,
163 3002 295 3061 quorum
308 2980 423 3059 singula
437 3002 490 3039 sex
504 2982 684 3041 continerent
698 2981 863 3040 saltatores.
903 2980 1040 3041 Comicus
1054 2982 1174 3060 inquam

40 3058 82 3118 loc
100 3080 183 3141 pacto
207 3065 320 3123 chorus
344 3064 550 3141 apparabatur.
592 3061 669 3121 Nam
691 3062 768 3121 sicut
795 3061 953 3139 AEschylus
976 3064 1063 3133 canit,
1089 3067 1174 3141 quin-

40 3158 83 3215 que
102 3156 210 3203 tantum
237 3160 270 3204 et
291 3143 394 3203 decem
422 3143 450 3201 in
474 3142 619 3223 tragoedia
648 3145 809 3203 constabat.
852 3143 1064 3221 Interdumque
1087 3144 1175 3205 dimi·

40 3218 103 3280 disto
114 3244 238 3285 numero
252 3224 355 3301 (sicuti
376 3222 484 3283 Pollux
503 3223 558 3297 ait)
572 3224 768 3283 semichorum
787 3222 887 3283 induci
908 3223 992 3282 facile
1013 3225 1174 3285 admodum

39 3314 74 3357 est
93 3305 197 3365 ridere.
243 3305 329 3364 Idem
350 3318 477 3365 attamen
503 3305 604 3364 scribit
629 3304 658 3363 in
680 3306 774 3363 veteri
795 3304 948 3383 tragoedis,
973 3305 1095 3364 chorum
1115 3306 1174 3365 sal·

40 3394 128 3443 tatores
148 3386 290 3447 babuisse
314 3385 541 3464 quinquaginta:
574 3405 674 3444 verum
703 3385 841 3463 quoniam
866 3384 1024 3463 AEschylus
1051 3388 1173 3447 totidern

41 3460 197 3526 Eumenidas
220 3466 397 3538 induxisset,
426 3486 493 3544 quae
517 3479 610 3525 totum
635 3486 696 3543 praa
720 3464 907 3525 multitudine
932 3467 1078 3526 theatrum
1102 3489 1173 3527 con-

40 3556 205 3617 tltmasaent,
234 3548 390 3607 cohibente
417 3547 482 3625 lege
516 3548 554 3606 ad
589 3548 741 3625 pauciores
770 3567 834 3605 esse
863 3548 1032 3607 deventum.
1082 3549 1172 3608 Arbi-

42 3636 89 3682 tror
110 3629 193 3688 etiam
222 3630 254 3687 in
277 3628 422 3687 comoedia
443 3648 510 3687 cum
532 3626 650 3687 Donato
678 3627 765 3705 longe
791 3627 890 3705 plures
914 3630 951 3687 ab
977 3629 1060 3687 initio
1082 3630 1172 3689 suisse

41 3722 161 3777 untoms.
189 3710 332 3787 quonism
357 3708 405 3787 (ut
429 3708 604 3767 Aristoteles
630 3709 660 3767 in
684 3708 807 3767 naturali
830 3708 957 3786 quadam
978 3711 1069 3768 sentit
1089 3731 1172 3787 qnae-

42 3786 130 3864 atione)
147 3791 233 3849 multi
256 3789 369 3850 facilius
389 3810 507 3849 servare
529 3810 666 3849 numeros
690 3803 825 3867 possunt.
867 3789 968 3855 Quum
991 3790 1083 3868 igitur
1104 3805 1173 3869 post

42 3864 129 3928 fibula
142 3872 300 3949 prologum
314 3885 390 3930 esset
404 3871 582 3929 orchestram
603 3871 798 3947 ingressurus,
813 3871 837 3929 si
852 3871 969 3929 rusticis
983 3884 1139 3939 constaret,
1155 3894 1173 3931 a

43 3942 128 4009 dextro
146 3952 238 4011 latere
259 3950 373 4011 solebat
385 3952 497 4011 emitti:
519 3952 564 4011 sin
579 3964 677 4010 autern
698 3952 829 4017 urbanis,
843 3972 860 4009 a
873 3952 991 4010 sinistra
1003 3966 1088 4029 parte
1102 3972 1171 4030 pro-

42 4024 114 4099 dibat,
127 4034 327 4111 quadrataque
344 4032 438 4093 sonus
449 4033 611 4091 consistens
625 4030 795 4091 recedentes
815 4033 971 4091 histriones
983 4033 1171 4093 observabat.

45 4102 138 4171 Darne
157 4134 318 4173 conversus
339 4114 586 4191 adspectatores,
609 4132 876 4190 quorsumcumque
897 4112 1005 4189 septies
1026 4113 1172 4175 theatrum

44 4185 198 4265 intuebatur,
214 4195 395 4270 totidemque
408 4194 565 4253 cantilenas
578 4194 731 4252 moderato
744 4208 829 4270 gestu
844 4190 1073 4271 pronunciabat:
1094 4196 1174 4270 quod

44 4282 269 4355 ΨΜταρόβωις
282 4277 319 4335 ab
333 4276 529 4353 Aristophane
549 4275 684 4353 pluribus
706 4274 736 4331 in
754 4273 826 4332 locis
839 4284 1032 4347 nuncupatur.
1075 4272 1175 4334 Prima

45 4350 115 4423 gitur
125 4356 267 4417 mutilena
280 4357 377 4415 statim
392 4359 430 4416 ab
444 4356 616 4415 histrionum
631 4354 764 4413 discessu
775 4352 898 4428 prolata,
908 4354 1014 4425 soporis
1026 4356 1175 4412 communi

46 4434 267 4505 mmedicitur.
311 4436 386 4496 Nam
402 4436 540 4515 quicquid
561 4454 687 4517 persona
701 4431 835 4509 quapiam
857 4430 1012 4490 recedente
1032 4446 1175 4500 canutus,
