2834 4759
248 214 313 276 xxii
510 208 568 272 DE
588 206 824 272 TRAGOEDIA
846 205 902 269 ET
922 203 1145 271 COMOEDIA.

248 342 332 403 Leno
346 340 435 422 pallio
450 342 523 402 rarii
538 338 644 402 coloris
658 339 762 401 utitur.
795 337 948 401 Meretrin’
962 335 1164 401 obstaritiam
1175 338 1288 400 luteum
1299 336 1387 398 dator.

246 424 386 504 'Syrmsta
397 422 477 483 dicte
490 434 558 481 sunt
572 422 609 482 ab
623 438 668 494 eo,
682 421 763 501 quod
771 420 949 480 trabuntur:
970 437 1038 499 quae
1052 437 1099 481 res
1109 424 1146 481 ab
1155 420 1269 481 scenica
1281 420 1388 479 hauris

248 505 383 566 instituta
396 516 451 563 est.
494 502 606 562 Eadem
621 504 650 562 in
664 503 806 561 luctuosis
823 502 956 580 personis
969 502 1111 562 incuriam
1125 503 1170 561 sui
1184 516 1237 581 per
1249 500 1389 579 negligen-

250 588 321 646 tiam
346 584 521 663 significant.
563 582 670 643 Auioes
690 597 808 661 quoque
829 583 860 641 iu
881 600 968 642 scena
987 584 1102 643 intexta
1120 594 1298 652 statuerumt,
1319 581 1388 659 quod

250 667 347 747 pictus
361 678 481 725 ornatus
495 675 567 736 erat,
582 664 637 723 'ex
657 663 787 722 Attalica
806 663 901 741 Regia
921 663 1045 723 Romaiu
1063 679 1157 743 usque
1177 663 1323 743 perlatus:
1342 680 1389 740 pro

251 749 358 826 quibus
380 746 486 824 siparia
500 758 573 805 aetas
593 746 739 823 posterior
759 744 881 823 accepit.
924 744 980 804 Est
993 757 1091 805 autem
1112 744 1276 804 'mimicum
1291 742 1389 810 selum,

250 828 331 906 quod
351 826 461 905 populo
481 826 606 893 obsistit,
621 825 691 884 dum
712 825 876 885 fabularum
890 839 973 885 actus
993 836 1218 885 commutantur.
1259 824 1391 882 Diserbia

249 908 405 968 histriones
426 907 666 986 pronunciabant.
709 903 831 965 Cantica
848 921 920 964 vero
940 909 1179 985 temperabantur
1197 906 1294 965 modis
1312 922 1391 963 nona

249 1002 346 1069 poeta,
369 988 452 1047 seda
472 988 567 1065 perito
586 988 657 1045 artis
677 988 798 1045 musicae
820 987 914 1045 factis.
957 986 1063 1065 Neque
1083 988 1161 1046 enim
1181 987 1279 1046 omnia
1298 984 1390 1043 iisdem

249 1070 345 1129 modis
361 1069 389 1127 in
403 1084 462 1127 uno
476 1068 590 1127 cantico
604 1070 774 1145 agebantur,
788 1067 840 1126 sed
854 1085 936 1146 saepe
949 1070 1079 1128 mutatis.
1118 1068 1161 1127 Ut
1174 1068 1337 1146 significant
1348 1066 1391 1143 qui

251 1164 312 1209 tres
326 1164 462 1208 numeros
482 1150 512 1207 in
527 1148 680 1208 comoediis
701 1161 823 1227 penum,
837 1148 889 1226 qui
909 1160 969 1207 tres
983 1151 1134 1208 continent
1151 1160 1279 1207 mutatos
1299 1146 1391 1206 modos

251 1230 358 1291 cantici
378 1230 465 1289 illius.
507 1228 568 1296 Qui
589 1228 757 1307 hujusmodi
778 1228 881 1287 modos
901 1229 1054 1300 faciebant,
1075 1246 1183 1288 nornen
1204 1230 1233 1287 in
1259 1226 1392 1307 principio

250 1312 359 1371 isbulae
373 1322 403 1369 et
424 1311 574 1389 scriptoris
589 1322 619 1368 et
633 1310 739 1369 actoru
760 1322 793 1367 su
833 1312 1005 1387 rponebant.
1048 1309 1229 1389 Hujusmodi
1243 1310 1317 1368 adeo
1337 1326 1391 1366 car·

250 1392 329 1451 mina
343 1392 380 1451 sd
401 1392 486 1450 tibias
501 1390 619 1460 flebant,
634 1402 667 1449 ut
687 1390 734 1449 his
748 1406 784 1449 su
807 1390 864 1460 itis,
878 1390 962 1449 multi
984 1412 1022 1451 ex
1043 1390 1154 1471 populo
1166 1402 1233 1450 ante
1246 1390 1392 1455 discerent,

251 1486 340 1553 quam
354 1472 481 1531 fabulam
497 1472 590 1531 acturi
610 1470 717 1530 scenici
731 1483 838 1540 essent,
854 1489 941 1548 quam
956 1472 1074 1531 omnino
1095 1472 1311 1550 spectatoribus
1330 1469 1392 1547 ipsis

250 1554 427 1613 antecedens
448 1552 551 1611 titulus
577 1551 829 1631 pronunciaretur.
871 1552 1045 1630 Agebantur
1064 1564 1163 1612 autem
1183 1552 1264 1611 tibiis
1284 1550 1393 1630 paribus

250 1648 303 1694 aut
317 1634 485 1712 imparibus,
500 1644 530 1691 et
543 1632 656 1691 dextris
670 1644 722 1691 aut
735 1631 870 1691 sinistris.
914 1630 1038 1693 Dextrae
1051 1644 1151 1693 autem
1165 1633 1248 1693 tibiae
1261 1649 1316 1691 sua
1335 1649 1392 1708 gra·

251 1716 342 1774 vitate
356 1714 461 1773 seriam
476 1714 629 1773 comoediae
643 1713 800 1773 dictionem
813 1714 1053 1807 pronunciabant.
1084 1714 1217 1773 Sinistra
1230 1726 1263 1773 et
1276 1730 1393 1772 serram

250 1796 392 1855 acuminis
412 1794 531 1853 levitate
541 1795 644 1873 jocum
657 1795 685 1851 in
701 1794 846 1852 comoedra
859 1795 1062 1854 ostendebant.
1105 1794 1165 1854 Ubi
1178 1806 1277 1853 autern
1299 1794 1394 1852 dextra

251 1888 282 1935 et
295 1876 411 1935 sinistra
425 1888 490 1936 scta
502 1874 603 1935 sabula
620 1874 842 1945 inscribebatur,
856 1875 965 1935 mistim
981 1875 1045 1956 joci
1057 1889 1088 1936 et
1109 1876 1271 1956 gravitates
1292 1875 1394 1934 denun-

253 1958 417 2017 ciebantur.

763 2139 894 2155 m

469 2322 672 2401 PUBLII
711 2317 1007 2401 TERENTII
1045 2326 1189 2400 VITA

256 2466 367 2533 'ouum
384 2472 406 2525 a
423 2474 554 2525 conica
572 2474 628 2525 us,
645 2469 844 2525 oxomensi
863 2474 1069 2525 usscaresm
1084 2474 1164 2524 ann
1181 2470 1386 2525 Gronovius.

252 2616 389 2689 Courcus
413 2650 521 2709 genere
549 2630 667 2709 quidem
695 2631 810 2690 exstitit
836 2629 919 2700 Afer,
945 2632 1017 2691 civis
1042 2652 1112 2692 vero
1135 2630 1395 2711 Carthaginienses

252 2712 389 2790 Scipione
410 2727 508 2771 autem
528 2727 677 2771 remeante
692 2713 803 2771 victore
824 2709 1002 2789 Carthagine
1016 2711 1054 2771 ad
1067 2714 1171 2773 urbem
1190 2712 1317 2772 Romam
1338 2722 1397 2791 post

252 2792 484 2851 intersectionem
503 2791 685 2861 Hannibalis,
701 2792 757 2851 iste
771 2793 821 2870 qui
836 2813 903 2852 curn
917 2791 981 2852 aliis
1001 2792 1101 2853 multis
1115 2792 1396 2873 Carthaginiensibus

253 2874 479 2957 comprehensus
508 2873 613 2941 luerat,
637 2886 707 2931 ante¹
730 2894 848 2933 currum
871 2873 1015 2952 Scipionis
1043 2872 1142 2953 ligatis
1166 2888 1246 2933 retro
1271 2875 1396 2934 manibus

251 2953 379 3012 minatus
394 2967 448 3023 est,
464 2966 497 3013 ut
511 2955 653 3032 captivus,
668 2953 721 3013 sed
735 2975 853 3013 currum
867 2953 945 3014 illius
980 2953 1084 3014 ileatus
1104 2969 1303 3033 prosequutus
1316 2954 1396 3014 estin

253 3035 366 3103 urbem,
382 3033 537 3111 quoderat
558 3034 587 3093 in
609 3036 725 3111 siguum
746 3034 900 3094 libertatis.
944 2976 1022 3094 riam
1037 3035 1204 3114 quicunque
1221 3037 1397 3115 captivorum

251 3134 270 3173 a
290 3114 402 3175 victore
422 3113 557 3174 libertate
580 3116 734 3193 potiretur,
756 3115 866 3195 pileum
888 3116 919 3174 in
940 3116 1036 3194 capite
1054 3116 1167 3175 habens
1188 3137 1307 3177 currum
1327 3115 1397 3174 illius

251 3196 484 3275 prosequebatur
496 3218 503 3267 ς
526 3208 558 3254 ut
568 3198 646 3253 enim
660 3216 677 3254 a
689 3195 824 3275 Scipione
834 3196 950 3274 agnitus
965 3210 1010 3256 est
1023 3196 1137 3256 liberali
1151 3197 1278 3276 iugenio,
1290 3198 1397 3274 sapien·

252 3276 295 3334 tia
307 3269 421 3346 florere,
438 3276 466 3335 in
481 3288 561 3335 tanto
576 3276 694 3345 honore,
711 3289 792 3336 tanta
805 3278 899 3357 gratia
908 3277 987 3357 apud
1001 3298 1068 3337 eum
1082 3278 1200 3337 babitus
1210 3292 1265 3347 est,
1279 3296 1396 3357 presser-

252 3356 304 3415 tim
319 3376 385 3415 cum
406 3356 506 3416 liberis
526 3358 708 3435 genitoribus
726 3371 809 3416 ortus
824 3372 911 3429 esset,
926 3372 959 3417 ut
973 3358 1000 3417 ei
1015 3357 1136 3418 eandem
1156 3358 1321 3418 insertarum
1335 3377 1397 3417 cou-

252 3436 378 3505 cederet,
407 3449 495 3515 atque
523 3438 597 3495 inter
625 3438 802 3499 domesticos
828 3460 897 3499 suos
923 3439 1103 3518 praecipuam
1126 3438 1352 3499 familiaritatem
1374 3435 1397 3494 ei

252 3518 384 3577 donaret.
421 3516 525 3579 Rornae
534 3532 631 3578 autem
643 3518 714 3578 dum
725 3534 899 3589 moraretur,
913 3532 943 3579 et
956 3519 1069 3579 videret
1083 3520 1252 3598 frequenter
1264 3518 1398 3599 populum

250 3598 279 3657 iu
302 3594 447 3658 theatrum
468 3598 506 3658 ad
526 3596 726 3677 spectaculum
747 3602 919 3670 convenire;
948 3600 1115 3660 erratione
1136 3616 1224 3679 atque
1245 3601 1398 3661 intentione

251 3700 375 3739 exorsus
395 3694 441 3739 est
467 3680 641 3740 comoediam
665 3682 803 3750 scribere,
827 3694 860 3741 ut
884 3681 995 3760 populo
1017 3680 1217 3741 recitationem
1241 3681 1398 3741 fabularum

251 3764 369 3820 suarum
380 3761 534 3831 conferret,
545 3762 660 3838 sibique
671 3782 738 3820 eum
750 3762 935 3821 conciliaret:
957 3761 1010 3821 sed
1020 3783 1111 3839 quum
1125 3764 1284 3841 coepissent
1299 3758 1398 3822 fabula

249 3840 314 3920 ejus
340 3842 467 3910 recitari,
493 3840 579 3920 longe
601 3842 686 3901 aliter
707 3841 804 3901 visum
828 3855 882 3911 est,
907 3863 994 3920 quarn
1019 3857 1174 3921 sperasset,
1204 3843 1273 3921 quia
1298 3841 1398 3902 multos

249 3921 372 3981 aemulos
386 3936 507 4001 propter
520 3923 576 3981 hoc
590 3936 690 3982 contra
704 3943 736 3981 se
751 3923 901 3992 excitavit,
911 3924 961 4001 qui
976 3922 1042 4001 ejus
1050 3924 1129 3983 dicta
1143 3924 1397 4003 reprehendebant.

250 4002 374 4081 Scripsit
401 4017 498 4062 autem
527 4003 702 4063 nitidissimo
730 4003 799 4063 stilo
823 4024 878 4063 sex
903 4004 1028 4076 fabulas,
1054 4025 1093 4063 ex
1114 4024 1289 4083 unaquaque
1315 4020 1398 4063 uuum

283 4130 292 4161 ¹
310 4132 347 4179 ns
358 4130 463 4179 Attalica
476 4130 562 4194 Reglo]
581 4130 623 4179 Sil.
643 4130 751 4188 italicus,
767 4130 809 4180 lib.
843 4134 868 4180 iss
883 4134 971 4194 sipario
981 4133 1082 4182 omnibus
1098 4136 1160 4193 locis,
1171 4139 1214 4182 sat
1223 4134 1308 4181 nudans
1318 4132 1398 4181 mis

248 4195 425 4275 κὴρ-,φημι
442 4198 553 4244 Attalis-it
569 4200 661 4244 amiato
675 4212 719 4258 per
738 4204 811 4245 artent
843 4200 1227 4277 nouo,catobasricisredesrtsss
1238 4200 1397 4275 erubuist-

248 4262 597 4388 Allhilirii'iiiiamuleihniluiioec
608 4340 666 4374 vera
677 4334 715 4374 est
730 4324 810 4375 lectio.
842 4271 930 4376 ⁸Sieiliio
940 4262 1399 4393 lillpcogaopgemvgpgassqregppuepsshept

249 4388 323 4465 ripul.
333 4392 448 4465 Spurium
457 4394 568 4439 nitatem
577 4392 692 4439 dimoveto.
717 4390 810 4445 Quinc·
844 4391 956 4443 Juvenal.
976 4392 1103 4443 Scholiast.
1121 4394 1153 4443 ad
1172 4392 1288 4459 Satyra
1312 4388 1396 4442 etalii

249 4456 326 4505 ultan.
343 4452 384 4503 hb.
403 4468 433 4505 vt.
450 4457 538 4520 capi.
557 4458 612 4505 Gaas
628 4456 679 4520 dus
694 4463 813 4506 matos
845 4455 875 4505 L.
985 4490 990 4499 -
