2834 4759
460 225 516 292 IN
546 227 776 294 ANDRIA.

121 359 263 428 Faciunt
277 385 330 428 nae
343 361 565 452 intelligendo,
580 374 618 429 ut
632 360 712 428 nihil
725 360 916 447 intelligant.

121 461 190 534 Qui
204 481 308 546 quum
324 459 411 527 hunc
426 471 591 540 accusant,
607 459 771 538 Naevium,
787 459 951 540 Plautum,
968 459 1111 528 Ennium

118 557 310 624 Accusant:
334 581 417 643 quos
431 557 485 624 hic
499 569 611 624 noster
625 569 777 624 auctores
790 556 910 623 habet:

69 666 102 711 2⁰
119 654 273 728 Quorum
287 655 432 721 oernulari
445 665 582 741 exoptat
594 653 825 742 negligentiam

117 752 249 830 Potius,
265 776 363 838 quarn
378 755 515 818 istorum
529 754 701 818 obscuram
717 751 928 837 diligentiam.

117 850 253 916 Dehinc
264 856 306 915 'ut
320 853 501 936 quiescant,
517 871 615 936 porro
629 873 757 930 moneo,
770 861 806 916 et
819 852 970 917 desinant

116 949 335 1028 Maledicere,
350 949 522 1016 malefacta
534 973 576 1016 ne
589 960 726 1016 noscant
741 971 810 1014 sua.

116 1043 254 1125 Favete,
267 1048 382 1113 adeste
397 1071 493 1132 aequo
507 1050 624 1126 animo,
639 1059 673 1114 et
686 1069 757 1112 rem
770 1047 968 1132 cognoscite,

64 1156 98 1200 2⁵
116 1144 166 1208 Ut
180 1147 400 1230 pernoscatis,
415 1146 544 1230 etquid
559 1147 629 1230 spei
644 1147 686 1210 sit
699 1143 882 1230 relliquunr,

114 1242 266 1308 Posthac
281 1265 364 1328 quas
380 1242 478 1309 faciet
493 1244 536 1309 de
549 1244 676 1328 integro
690 1242 881 1319 comoedias,

114 1340 330 1426 Spectandae‚
348 1364 390 1406 an
404 1342 575 1427 exigendae
590 1343 654 1407 sint
668 1340 761 1406 vobis
776 1340 878 1424 prius.

27 1441 229 1548 etleqtaaem,
243 1475 366 1539 attingere
382 1483 464 1535 estet
479 1475 596 1542 polluere.
629 1489 724 1540 ronym.
741 1473 773 1522 de
783 1472 835 1522 vita
845 1471 927 1523 cleric.
963 1477 1061 1526 Obsecro
1075 1485 1103 1526 st
1117 1481 1193 1542 quies·
1272 1477 1287 1530 1

28 1537 155 1601 Virgilius,
167 1543 289 1602 Linquere
303 1543 415 1602 pollutam
426 1543 555 1602 turpilium,
571 1539 597 1588 id
629 1547 684 1588 caet
698 1546 724 1587 et
738 1541 845 1586 declam
860 1541 1012 1588 nakdieare:
1031 1559 1076 1590 aaa
1091 1549 1151 1592 estse
1167 1552 1194 1593 et

27 1615 73 1659 eat,
89 1605 296 1652 contaminatum.
326 1607 490 1654 Contaminari.
508 1604 598 1668 *Tangi
629 1606 778 1661 admontis,
789 1605 832 1650 sed
845 1611 872 1650 st
889 1607 970 1653 antem
984 1609 1123 1668 mpetum.
1161 1613 1193 1658 Ut

27 1677 52 1714 et
61 1668 166 1731 relinqui
178 1669 278 1733 polluta
290 1683 371 1727 manu,
381 1685 410 1718 ac
421 1685 466 1734 per
476 1671 523 1718 hoc
531 1669 598 1718 velut
626 1665 783 1730 muenia]
794 1666 848 1714 MS.
857 1667 918 1732 lteg.
940 1671 972 1718 Ut
977 1676 1127 1732 peremta
1171 1678 1176 1688 ¹

27 1731 315 1782 imdarirntmeulari:
333 1733 484 1799 utipseait:
501 1735 540 1782 Ne
555 1737 595 1782 loe
627 1731 744 1796 ap.V.c.
765 1734 1116 1797 Utets‘spemmatqstmte.

25 1800 135 1858 gudan
150 1803 295 1848 mantnt
310 1801 380 1846 eitam
396 1801 534 1861 egritudine
550 1801 593 1847 slt-
661 1798 700 1845 24.
717 1794 816 1872 Fmete]
827 1795 884 1844 lam
895 1797 927 1846 ad
936 1798 1061 1849 auditores
1068 1801 1190 1850 conveni·

28 1990 288 2054 raineri-eedem]
300 1991 597 2055 ExemplarBrlsliothecae
629 1987 1054 2053 autem,quodinrobieest,l’avete.
1070 1994 1191 2059 Vosergo
1279 2043 1290 2060 .

31 2054 105 2118 liegie
115 2055 223 2104 Galliar.
235 2072 282 2104 sos
292 2059 382 2105 detera.
406 2056 435 2104 L.
628 2054 737 2104 savorem
748 2053 828 2102 facite.
857 2053 892 2102 lit
901 2058 985 2114 mete,
998 2071 1048 2106 non
1058 2067 1088 2106 ut
1102 2061 1190 2108 absen-

60 2119 97 2168 li.
115 2119 275 2182 Faciuntne]
292 2121 332 2168 Ne
344 2121 442 2183 quidam
453 2119 596 2185 corripiunt,
629 2117 695 2168 tibus
711 2119 779 2178 dicit,
790 2116 882 2182 qnippe
892 2119 934 2183 qui
944 2121 1087 2184 corporibus
1102 2133 1193 2187 presto

28 2195 51 2230 et
65 2199 120 2232 cam
138 2184 340 2248 interruptione
354 2185 525 2250 pronunciant,
543 2185 597 2248 qui·
630 2191 712 2232 mant:
731 2183 783 2241 sed,
798 2181 889 2230 intenti
905 2193 990 2244 estote,
1007 2185 1094 2245 favete,
1112 2187 1190 2236 silete.

28 2247 80 2295 dam
92 2249 253 2312 producunt:
278 2263 382 2312 quonum
399 2249 439 2297 alii
456 2265 541 2313 nepro
555 2265 596 2297 aee
628 2247 669 2296 Sic
688 2255 714 2296 et
732 2247 861 2312 pontifices
879 2247 972 2305 dieunt,
993 2251 1078 2299 Favete
1109 2254 1115 2264 '
1165 2255 1191 2309 ¹,

28 2313 154 2376 accipiunt,
167 2314 197 2362 id
215 2322 263 2372 est,
277 2329 342 2370 non3
359 2313 402 2362 alii
417 2331 446 2362 ae
461 2328 507 2378 pro
518 2313 596 2370 valde,
627 2311 707 2361 latete
719 2311 807 2360 verbia
832 2311 906 2360 Unde
917 2311 1044 2376 Virgilius,
1058 2315 1104 2362 Ore
1129 2324 1193 2364 mete

28 2387 61 2432 ut,
77 2380 113 2426 Ne
128 2394 173 2441 ego
190 2381 259 2426 hasra
275 2395 325 2426 essa
340 2377 438 2440 Melia,-
461 2387 486 2426 et
502 2377 596 2435 Cicero,
627 2392 709 2425 omnes.
731 2379 825 2426 Adeste.
848 2376 947 2425 Animis
962 2377 1056 2426 scilicet
1072 2378 1192 2427 auxilium

29 2443 63 2488 Ne
74 2445 109 2490 tu
119 2447 271 2492 umam
277 2451 364 2491 errant.
393 2443 426 2490 lit
437 2442 484 2490 hoc
494 2442 595 2491 melius:
627 2443 748 2505 prebete:
768 2450 797 2490 ut
807 2442 939 2490 advocatus
948 2455 991 2494 reo
999 2441 1090 2491 dicitu
1098 2443 1191 2492 adesse.

29 2519 82 2553 nem
91 2508 176 2555 atatim
187 2507 274 2566 infert,
284 2510 330 2559 Qas'
338 2523 405 2568 quam
413 2509 473 2555 hune
480 2513 596 2564 caruem,
628 2507 706 2568 AEqeo
715 2509 796 2553 omaso.
814 2507 855 2555 Ab
869 2505 980 2553 honesto.
997 2507 1032 2554 Et
1041 2522 1088 2555 rem
1098 2525 1191 2570 cognom

29 2571 139 2629 Nau,
156 2574 282 2629 Plantam,
299 2574 399 2620 Esaiam
415 2579 530 2620 acescant.
566 2571 597 2619 ln
628 2572 680 2617 cite.
698 2570 805 2630 Ajtrsto.
823 2573 961 2632 Cognosmte.
979 2570 1128 2621 Pernoseite.
1150 2572 1192 2621 Sic

28 2635 535 2699 dnguffimagnaempbasisauctoritatist
553 2635 597 2684 sed
628 2633 700 2690 dixit,
711 2636 873 2696 eognoeeiust
879 2638 1026 2694 pernoscatis,
1034 2636 1191 2698 quemadmo-

29 2700 84 2746 ordo
99 2715 151 2749 non
168 2710 208 2748 eet
225 2708 345 2748 servatur.
379 2699 476 2748 Ennius
492 2714 597 2762 namque
629 2698 687 2746 dum
699 2697 726 2746 in
739 2698 845 2763 Hecyra,
859 2702 943 2746 Orator
952 2703 985 2747 nd
993 2704 1191 2749 ommiooraate

28 2765 213 2813 antel'lantnm
226 2764 290 2812 luit:
309 2764 428 2826 sedquod
443 2773 481 2812 est
496 2779 597 2813 summm
626 2765 724 2826 prologi,
737 2765 811 2812 Sinite
821 2771 926 2812 exorator
935 2766 985 2812 alar.
1023 2765 1056 2812 Ut
1067 2780 1191 2827 moeca-

28 2829 187 2886 auetoritatis,
201 2828 316 2877 Ennium
328 2827 441 2876 ultimum
453 2828 522 2877 dixit.
551 2831 596 2878 Ne.
629 2825 673 2890 tis]
686 2827 800 2876 Abutili.
823 2829 854 2876 D.

29 2892 113 2951 llinis,
128 2893 251 2949 multum,
267 2892 407 2958 plurimum.
432 2893 597 2941 D.-Faetant
662 2893 701 2939 25.
719 2889 862 2956 ltella'qsem]
875 2891 986 2955 Suntqni
1009 2908 1037 2942 ro
1046 2896 1193 2956 relliqum

27 2955 597 3086 idssidffifflssldlfdllffi
628 2955 860 3084 &diffidi
871 2971 918 3069 :1⁰
910 2958 1193 3070 tantm:

30 3085 174 3150 Hieronym.
204 3085 316 3134 Stridon.
345 3087 425 3151 Epist.
454 3087 485 3135 de
503 3087 597 3151 optimo
628 3085 667 3134 bia
688 3086 828 3149 meetandae
849 3085 907 3134 sint
952 3085 1009 3133 Non
1036 3087 1192 3149 postmodum

28 3165 78 3211 gen.
101 3152 197 3216 interp.
228 3153 331 3199 Facient
349 3168 378 3200 ne
398 3153 552 3214 intelligendo,
570 3157 598 3199 at
628 3149 782 3198 dictumalio
797 3149 906 3215 prologo,
923 3152 992 3197 Altos
1007 3153 1119 3213 westie
1133 3151 1192 3214 eju,

28 3219 247 3279 miilietelliguatr
262 3223 287 3264 et
294 3217 347 3264 dum
354 3218 452 3265 caenam
458 3219 597 3278 imperitiam
628 3229 711 3276 qwto,
722 3216 882 3262 inmmerito.
914 3215 1042 3276 Reliquum.
1065 3215 1142 3270 Quasi
1153 3215 1191 3264 dl-

28 3283 224 3344 aolntorgwe,
236 3283 415 3342 smmprsdant.
439 3280 496 3328 Cel.
513 3279 595 3328 Sedul.
628 3288 702 3338 caret,
722 3286 887 3342 postremum:
908 3293 967 3341 ergo
983 3278 1126 3329 adverbium
1146 3289 1192 3338 est,

28 3343 56 3391 ad
68 3345 200 3394 Macedon
219 3343 252 3392 de
262 3360 338 3409 opere
349 3345 418 3393 Pasc.
436 3347 462 3392 Si
473 3348 513 3408 qul
521 3352 597 3392 tamea
628 3341 655 3389 ld
666 3352 711 3401 est,
722 3342 752 3390 τὸ
763 3341 855 3392 λοιπόν.
889 3341 937 3390 Sed
951 3342 1004 3391 sire
1014 3343 1061 3392 lioc
1071 3347 1193 3407 ralltqasm

28 3411 88 3456 istud
102 3411 230 3473 objiciant,
240 3407 337 3471 saciant
351 3425 393 3457 nee
408 3411 597 3473 intelligendam
629 3405 696 3466 dicit,
712 3407 765 3456 sire
780 3410 901 3470 relliqasm
916 3421 962 3471 pro
977 3409 1131 3471 relltqsorass,
1147 3424 1191 3484 pe·

29 3476 84 3521 nou
102 3477 251 3538 intelligant.
280 3472 444 3523 videbaris
458 3473 536 3536 Soeip.
554 3471 595 3522 lib.
628 3469 880 3521 minatoascribitur.
905 3471 1098 3521 D.-1tstcesea
1113 3487 1192 3538 senp-

29 3535 52 3584 ii.
73 3538 191 3587 Diomed.
209 3537 252 3586 tiu
270 3537 287 3586 i.
304 3553 357 3602 cap.
369 3540 392 3585 4.
415 3537 524 3586 n-Na
540 3537 595 3586 h.e.
629 3543 685 3584 tura
706 3543 731 3584 et
751 3539 808 3598 qaid
824 3551 869 3600 pro
891 3538 988 3598 emstd:
1007 3536 1043 3586 ita
1061 3545 1143 3586 tamen
1164 3547 1193 3587 ut

29 3611 98 3660 certe,
111 3603 236 3668 proiecto,
249 3617 307 3650 cum
318 3609 441 3668 repugnet
451 3600 557 3650 sermoni
568 3617 597 3650 ac
628 3603 709 3662 etquid
723 3615 769 3664 pro
785 3615 834 3648 uno
849 3601 924 3648 verbo
939 3600 1030 3659 veniat,
1047 3609 1073 3648 et
1088 3605 1145 3664 qaid
1159 3601 1194 3649 ait

30 3667 115 3725 mxi,
127 3666 281 3715 mutandum
290 3666 364 3715 estin
372 3683 408 3724 ne,
419 3675 508 3714 etcum
519 3667 596 3714 inter·
630 3664 778 3713 encliticam.
804 3663 885 3712 Semel
896 3664 1020 3713 monuisse
1030 3673 1069 3714 sat
1079 3665 1133 3713 erit.
1151 3666 1182 3713 B.

30 3730 497 3858 wezffled'dlffilgentium,
509 3793 596 3858 inquit,
629 3728 875 3856 toraniam]
891 3729 1193 3868 &witlam

30 3859 168 3921 specialiter
185 3869 337 3917 aecueantes,
354 3859 468 3908 nesciunt
483 3875 510 3908 sc
526 3859 597 3908 bonis
629 3856 755 3922 syllepsis,
768 3866 795 3905 ut
806 3871 894 3921 suptar
912 3857 1055 3906 adverbum
1071 3872 1138 3906 enim
1147 3855 1191 3918 sa·

31 3923 141 3972 manibus
158 3923 317 3982 maledicere,
335 3939 396 3988 quos
414 3922 455 3972 ille
473 3923 595 3972 imitatur:
629 3920 931 3980 ctetdeclinavitnonad
994 3925 1071 3970 tanda
1081 3925 1135 3970 sint
1160 3922 1194 3970 D.

32 3997 240 4052 rtargrnnentum
257 3988 337 4037 estat
352 3988 467 4052 exemplo
477 3998 503 4036 et
513 3997 597 4037 aucto·
628 3986 948 4049 -Quaesocietdes'etegro
977 3986 1033 4035 lloc
1049 3984 1136 4042 estde
1152 3985 1192 4035 in·
1239 3995 1244 4003 ·

32 4049 107 4101 ritate.
131 4054 166 4102 D.
630 4059 699 4114 tegno
711 4065 767 4099 cum
778 4065 853 4099 unam
864 4051 976 4099 Grecam
988 4049 1015 4098 in
1031 4063 1106 4098 unam
1124 4049 1193 4099 Lati·

60 4119 98 4165 22
115 4120 213 4167 Deliae
232 4123 260 4165 rt
275 4117 406 4181 amarent]
423 4117 514 4167 Recte:
540 4129 598 4166 narn
630 4127 687 4164 nam
703 4115 862 4164 transtulerit
896 4115 970 4163 Nunc
986 4113 1052 4162 enim
1069 4114 1195 4168 uanatnlit

32 4185 142 4240 quiem
158 4181 205 4230 ille
221 4179 321 4241 dicitur,
337 4183 378 4245 qui
396 4191 433 4232 est
449 4181 557 4230 insolens
573 4191 599 4230 et
630 4179 699 4244 quasi
717 4180 792 4235 duam
815 4189 888 4242 atque
905 4193 937 4226 ex
953 4178 1000 4226 hoc
1017 4178 1116 4226 videtur
1132 4179 1195 4228 illud

31 4243 160 4307 ittquietus.
179 4245 264 4294 Porro.
282 4245 359 4295 Porro
369 4247 396 4294 in
406 4247 515 4295 futurum
527 4245 597 4295 dixit
630 4243 762 4293 Terentius
782 4242 926 4300 declarasse,
944 4242 1010 4305 quod
1031 4241 1123 4302 iecerit,
1138 4245 1195 4306 jure

32 4309 115 4358 usses
132 4309 294 4359 'terribiliter
310 4309 379 4360 dixit.
397 4309 492 4368 Cicero,
509 4312 598 4370 Moneo,
631 4308 725 4368 iecisse,
748 4316 774 4357 et
794 4323 839 4372 per
861 4306 981 4370 exempla.
1018 4306 1196 4357 Verumtamen

31 4377 137 4432 predica,
153 4383 212 4424 nate
228 4377 346 4432 deamata
381 4375 511 4424 Liberatus
527 4373 600 4438 culpa
628 4376 742 4436 jamnon
754 4387 807 4421 ease
818 4372 947 4429 factumn,
958 4379 986 4420 ut
997 4372 1028 4420 de
1043 4372 1137 4423 duabus
1153 4388 1194 4421 co·

33 4438 103 4486 etiam
116 4449 204 4496 terret,
215 4438 275 4487 alibi
287 4439 360 4488 etiarn
371 4438 545 4488 criminaturus
555 4440 599 4487 ad·
631 4438 729 4488 moediis
741 4451 815 4485 unam
826 4435 971 4484 comediam
982 4435 1062 4485 iaciat.
1086 4436 1116 4484 li.

33 4503 158 4553 remansa
186 4503 291 4552 D.-Ut
306 4507 421 4566 quletcmtt
435 4501 517 4568 porro]
535 4503 598 4552 ffie-
665 4503 704 4553 27.
722 4499 869 4564 Speemsaae]
887 4499 997 4565 Proprie,
1014 4511 1042 4550 ut
1058 4500 1152 4557 fabule,
1169 4499 1197 4548 id

790 4579 804 4611 c
