2834 4759
302 159 481 221 VICTOR
507 158 569 219 DE
594 158 847 219 COMOED'IA.
1082 159 1151 221 :tut

53 297 197 357 secutusest
209 286 329 359 Cratino,
347 290 461 349 fabulas
481 292 512 349 in
534 310 616 349 suam
637 290 761 349 ioman
778 308 844 347 esse
864 286 985 349 tandem
1001 287 1147 349 redactas.

53 366 166 442 Siquidem
182 382 244 427 ante
261 370 390 431 deuictos
411 371 515 430 Persas
535 371 573 431 ad
593 370 747 439 Salamina,
760 370 845 447 cajus
856 369 989 429 victoriae
1006 370 1147 441 fabulam,

52 468 98 523 qua
108 468 170 507 nunc
180 464 277 519 exstat,
291 450 446 529 AEschylus
464 451 555 522 dedit,
575 451 672 511 nullus
693 451 722 509 in
741 452 777 509 iis
789 450 863 509 ordo
876 462 991 528 poterat
1009 452 1143 529 reperiri.

52 526 225 589 Conoediarum
237 532 330 607 itaque
342 535 438 611 prims
455 535 565 593 semina
577 533 614 591 ad
629 532 786 611 AEgy'ptios
807 532 976 601 referamus,
990 531 1146 593 formulam

51 628 123 667 aaron
139 622 166 667 et
182 611 303 671 ordinem
317 613 429 672 Cratini
451 615 630 693 temporibus
650 612 859 681 adscribentes,
872 612 931 671 stili
944 632 1012 671 cnm
1030 614 1146 672 coetcris

50 690 163 766 scipturis
174 692 267 752 eadem
280 714 343 752 esse
355 693 520 753 differentia
533 694 656 763 videtur,
669 693 789 771 antiqua
798 694 876 751 enim
888 693 1032 753 comoedia
1045 694 1145 771 gravis

50 784 70 823 et
84 770 142 828 elata
160 792 264 851 semper
287 775 404 843 incedit,
423 794 457 833 ac
479 794 683 850 nonnunquam
704 773 881 833 obsoletiora
899 772 1034 849 quaedam
1055 776 1147 833 verba

50 863 156 909 sectatur:
174 866 202 911 at
222 870 321 915 contra
342 856 486 914 recentior
507 856 693 933 perspicuum
716 874 881 913 sermonem
899 853 1026 925 affectat,
1040 868 1145 933 utpote

50 950 95 1003 qua
105 934 174 991 noris
185 954 217 993 ac
230 934 411 1011 politioribus
424 948 524 995 utatur
537 936 698 995 atticismis.

76 1009 191 1083 litterise,
204 1036 291 1091 quum
311 1030 372 1075 tres
392 1038 456 1076 esse
476 1038 562 1076 nemo
582 1016 709 1095 ambigat
730 1016 885 1085 sectiones,
902 1015 1037 1093 quaedam
1057 1016 1145 1075 altius

49 1090 147 1151 :dentur
158 1096 234 1155 nobis
247 1116 311 1155 esse
325 1098 494 1176 repetenda.
536 1099 594 1156 Per
607 1098 717 1155 Atticae
731 1097 811 1155 urhis
830 1098 1010 1155 incrementa
1026 1098 1145 1175 potissi-

49 1188 103 1229 nun
111 1175 210 1251 rigente
221 1178 379 1255 republica,
388 1198 479 1256 quum
493 1178 602 1237 scilicet
612 1178 712 1237 omnia
721 1177 821 1255 populi
834 1178 955 1236 arbitrio
964 1192 1144 1255 regerentur,

49 1268 114 1325 poete
122 1256 164 1332 qui
175 1257 277 1317 fabulis
290 1278 410 1337 operam
424 1260 543 1328 dabant,
553 1261 591 1317 ab
603 1258 794 1317 insectatione
806 1258 901 1317 aliena
913 1258 1012 1317 stilum
1026 1259 1146 1318 minime

50 1346 145 1405 poterant
155 1340 312 1398 continere:
335 1360 386 1399 seu
401 1340 536 1417 quoniam
550 1340 642 1398 Attici
657 1354 760 1416 suapte
778 1352 882 1397 natura
899 1340 1062 1399 nasutiores
1080 1360 1146 1399 esse

53 1409 160 1475 dcunmr:
179 1421 238 1477 sive
253 1422 352 1499 potius
365 1421 445 1498 quod
458 1420 564 1498 plebeii
582 1440 697 1497 semper
718 1420 817 1479 innato
837 1419 906 1479 odio
922 1421 1061 1498 patricios
1075 1441 1144 1499 pro-

54 1510 175 1567 sequuntur.
214 1500 332 1559 Etenim
353 1502 526 1579 praepotenti
546 1520 657 1561 morem
680 1499 791 1578 populo
811 1514 957 1579 gerentes,
981 1514 1011 1558 et
1029 1502 1146 1579 judices

55 1584 187 1665 ttlpratores
203 1581 366 1641 maledictis
386 1581 520 1643 insectari
539 1583 657 1641 minime
680 1582 873 1641 dubitabant:
894 1601 929 1640 ac
946 1580 1038 1641 nihilo
1051 1584 1146 1643 secius

53 1670 267 1811 hillidii?
278 1662 523 1822 {hildilid
536 1660 1148 1821 {llll}.f.ii.lll⁰.{⁶.‘.¹¹{‚i.ll²i¹.hilli

52 1818 115 1875 rerl‘s
135 1820 160 1880 id
183 1843 274 1899 genus
298 1824 440 1895 homines,
464 1823 554 1884 veluti
577 1821 683 1902 jaculis
704 1824 886 1883 confecisset.
929 1822 996 1883 Hoc
1021 1845 1147 1903 namque

50 1894 104 1955 nolti
121 1900 268 1962 dommtico
293 1907 403 1983 probro
423 1905 507 1983 quasi
535 1904 650 1982 flagello
672 1904 799 1982 quodam
823 1904 932 1973 vexati,
957 1924 1024 1963 curn
1049 1926 1147 1967 mores

49 1981 302 2055 monueruntque,
316 1999 377 2045 turn
388 1986 434 2045 vel
449 2006 513 2045 esse
527 1986 614 2063 frugi,
624 1984 671 2042 rel
685 1984 788 2043 saltem
802 2004 942 2063 apparere
952 1987 1147 2063 cogebantur:

50 2074 72 2111 tt
81 2058 155 2121 denuo
165 2085 225 2125 sese
238 2066 316 2125 male
330 2080 474 2144 gerentes,
488 2066 563 2125 mele
577 2064 737 2125 identidem
754 2064 906 2123 audirent:
927 2066 1011 2142 cnjus
1031 2068 1073 2127 rei
1092 2090 1149 2127 nu·

49 2153 212 2205 mttosomnes
231 2144 371 2206 Cratinus
388 2148 495 2207 dicitur
515 2146 699 2225 implevisse:
722 2146 832 2223 quippe
847 2148 961 2205 caeteris
979 2148 1149 2207 austeritate

48 2234 161 2295 lmus,
182 2228 368 2288 acerbissima
386 2227 487 2306 jurgia
509 2228 670 2306 procaciter
694 2228 867 2305 exspuebat.
914 2226 981 2285 Hac
1007 2228 1095 2287 etiarn
1119 2230 1150 2289 in

47 2314 103 2370 lint
113 2305 196 2365 bonus
207 2308 256 2367 ille
269 2308 484 2387 Aristophanes
500 2328 559 2369 non
577 2308 756 2367 dormitavit.
799 2307 872 2385 Ejus
891 2308 968 2365 enim
983 2306 1091 2386 Vespa:
1106 2310 1150 2369 t'a-

48 2376 99 2447 ltlt.
116 2400 248 2465 quotquot
268 2404 354 2448 erant
377 2390 576 2468 sycophantae,
594 2408 668 2466 quos
686 2386 805 2467 quidem
829 2389 893 2467 ipse
912 2402 999 2447 voest
1016 2390 1150 2462 ἠπιάλους,
1247 2413 1252 2424 ’

48 2456 93 2519 lecit
102 2466 132 2523 ab
143 2469 252 2547 incepto
266 2471 419 2539 desistere,
430 2490 489 2547 quo
503 2472 577 2529 inter
591 2484 699 2529 caetera
712 2468 841 2528 facinore
856 2481 970 2527 tautum
983 2468 1103 2547 placuit,
1116 2486 1152 2531 ut

46 2536 149 2621 oleagina,
162 2569 226 2627 quse
246 2571 302 2630 par
323 2564 369 2611 est
390 2571 487 2610 aureae
510 2570 635 2619 coronoe,
654 2549 821 2610 donaretur.
863 2550 978 2608 Deinde
998 2549 1150 2611 lahehctis

46 2625 117 2697 pupuli
128 2629 238 2699 viribus,
253 2652 347 2709 quum
365 2631 475 2691 scilicet
494 2631 648 2709 imperium
666 2631 704 2689 ad
722 2650 832 2709 paucos
851 2632 968 2690 omnino
988 2630 1150 2702 recidisset,

46 2701 101 2761 nulla
111 2711 192 2783 poetis
205 2713 330 2790 amplius
343 2712 435 2771 libere
448 2710 586 2789 loquendi
601 2711 724 2771 facultas
738 2710 962 2780 concedebatur,
978 2712 1031 2769 sed
1048 2733 1151 2792 poenas

46 2777 92 2841 irre
103 2792 301 2864 potentioribus
315 2812 431 2852 necesse
446 2806 517 2861 erat,
529 2794 553 2851 si
567 2793 633 2869 quis
644 2792 691 2851 vel
704 2793 855 2851 minimum
869 2805 947 2851 esset
960 2792 1151 2870 obloqnutns.

47 2857 103 2953 litu
118 2872 185 2931 enim
197 2874 417 2952 Aristophanes,
432 2874 677 2951 quemadmodum
696 2873 727 2933 iu
741 2872 977 2932 Acharnensibus
996 2873 1095 2934 fabula
1112 2875 1152 2935 ds

46 2960 65 2999 tt
75 2964 123 3022 lpse
134 2955 267 3023 meminit,
282 2955 412 3032 quinque
426 2954 601 3013 talentorum
617 2952 740 3013 multam
757 2974 914 3031 perpessus
927 2966 981 3023 est,
996 2968 1153 3033 propterea

46 3027 100 3095 itud
111 3028 215 3093 Cleonis
228 3036 382 3115 cujusdam
401 3056 439 3093 ex
456 3036 678 3095 Atheniensium
696 3034 887 3112 optimatibus
904 3035 1104 3112 impotentiam
1120 3050 1152 3096 st

46 3106 173 3194 tesolatam
185 3136 237 3193 per
252 3116 375 3194 Equites
389 3115 517 3176 fabulam
535 3116 672 3195 detegere
685 3128 849 3175 conaretur.
892 3114 1009 3175 Etenim
1021 3116 1063 3175 illi
1077 3117 1153 3179 adeo

47 3181 212 3265 utinenses,
227 3210 259 3255 nt
274 3198 411 3275 quoniam
429 3199 466 3255 ab
485 3196 589 3274 opifice
609 3216 763 3274 personam
782 3194 885 3254 Cleoni
902 3196 1025 3255 similem
1043 3198 1152 3258 habere

45 3280 85 3323 Νι
94 3288 185 3345 posset,
198 3279 253 3338 sibi
267 3276 360 3337 multo
375 3278 545 3355 caterisque
559 3277 590 3336 id
607 3296 700 3355 genus
719 3276 794 3335 fucis
814 3278 1013 3335 concinnaris:
1034 3278 1153 3339 histrio·

46 3346 155 3428 mbusque
176 3378 236 3435 prae
260 3358 351 3417 nimio
371 3372 452 3417 metu
470 3378 487 3416 e
508 3378 595 3417 scena
614 3357 732 3436 prodire
755 3378 813 3415 non
831 3357 1018 3426 audentibus,
1034 3358 1153 3420 Cleonis

46 3442 163 3495 ltnonam
181 3439 259 3498 solus
280 3460 367 3517 agere
386 3460 445 3499 non
465 3439 615 3498 dubitarit.
658 3437 783 3515 Eupolis
796 3458 867 3496 vero
880 3458 1013 3517 praeceps
1027 3440 1057 3498 in
1070 3462 1152 3501 mare

48 3502 107 3568 latus
118 3528 164 3585 est,
177 3538 210 3578 eo
224 3520 304 3597 quod
318 3522 499 3599 potentiores
518 3519 630 3597 aliquot
650 3519 678 3577 in
699 3518 801 3597 Baptis
819 3519 919 3577 fabula
936 3521 1151 3583 momordisset.

49 3582 120 3651 Quum
132 3596 211 3674 igitur
225 3602 288 3660 haec
302 3600 568 3660 animadverterent
581 3612 685 3677 poetae,
700 3600 894 3659 decreverunt
912 3601 968 3659 sihi
987 3601 1050 3660 iore
1067 3623 1153 3680 pror·

49 3677 263 3754 tuamnedictir
278 3681 334 3740 illis
349 3680 578 3759 temperandum.
621 3680 725 3757 Itaque
740 3680 799 3738 stili
819 3702 923 3740 nasum
943 3683 981 3739 ob
999 3682 1152 3743 imminens

49 3763 94 3833 uta
108 3755 247 3821 discrimen
265 3762 324 3821 alio
337 3776 554 3830 converterunt,
570 3781 673 3839 poema
692 3761 803 3820 scilicet
817 3762 951 3831 Homeri,
966 3761 1013 3821 vel
1033 3763 1153 3823 alterius

49 3828 212 3915 qluditrium
226 3862 304 3921 saepe
318 3844 437 3921 quidem
458 3842 596 3920 injuriose
611 3854 778 3901 vertentes:
799 3863 924 3920 qnorum
938 3844 1064 3903 maxime
1079 3842 1153 3904 Cra·

49 3916 104 3969 tuns
118 3937 200 3981 mena
219 3924 387 4002 populoque
408 3923 455 3999 (ut
476 3924 570 3999 aiunt)
588 3924 697 3983 servire
720 3924 878 3983 contendit.
921 3923 1054 3983 Noverat
1074 3926 1154 3985 enim

50 3984 166 4075 (arbitror)
174 4002 202 4061 id
214 4004 293 4081 quod
307 4006 337 4063 in
350 4006 480 4063 oratione
494 4004 531 4063 de
547 4024 654 4063 corona
667 4003 883 4063 Demosthenes
896 4005 1009 4074 asserit,
1021 4024 1085 4064 esse
1100 4027 1155 4066 na·

51 4078 95 4157 ”3¹²
105 4095 296 4159 conparatum,
311 4098 345 4143 nt
357 4085 489 4143 homiues
502 4084 603 4143 libenti
618 4084 714 4143 animo
733 4084 891 4145 calumnias
910 4083 1033 4143 aliorum
1051 4086 1154 4147 audire

50 4150 178 4219 vttlttntnr.
216 4164 339 4244 Ulysses
352 4167 449 4242 itaque
467 4164 572 4244 plurali
590 4184 713 4224 numero
730 4165 859 4223 fabulam
877 4164 968 4229 dedit,
981 4184 1047 4243 quoe
1063 4167 1155 4225 totius

52 4224 160 4307 Odym
178 4244 400 4307 calumniaretur
424 4246 584 4306 historiam.
626 4246 839 4323 Aristophanes
859 4264 976 4321 qnoque
999 4260 1155 4324 postquam

52 4324 90 4369 ⁸¹³⁰
99 4318 162 4381 malo
172 4342 269 4387 eontra
289 4327 437 4387 stimulum
455 4327 550 4387 calces
569 4326 641 4388 nihil
655 4325 752 4385 valere
769 4326 929 4393 didicisset,
944 4324 974 4382 in
986 4326 1107 4384 alteram
1121 4344 1154 4383 se

160 4409 234 4480 qusai
254 4408 400 4477 Protheus
419 4409 572 4481 convertit,
587 4407 707 4467 AEolum
727 4406 840 4467 scilicet
859 4403 988 4463 fabulam
1005 4426 1024 4464 a
1036 4403 1156 4478 tragicis
