2834 4759
216 154 283 221 590
658 152 935 237 TERENTII
1200 152 1369 239 [icrusn.

303 288 501 369 Ventuns'st,
515 312 580 355 non
595 291 702 374 potuit
716 291 857 375 cogitate
871 288 1039 375 proloqui:

304 388 355 453 Ita
369 411 443 454 eum
458 400 526 453 tum
541 388 688 453 timidum
702 388 921 474 obstupefecit
936 390 1054 473 pudor.

260 499 292 547 ot
305 487 372 551 Gn.
389 486 508 551 Laudo
522 486 626 550 hunc:
651 486 710 551 sed
725 508 819 551 cesso
833 488 924 551 edire
938 508 1035 571 quem
1049 486 1191 572 primum
1206 488 1340 550 senensi
1414 524 1415 535 .

302 584 405 661 Here,
421 583 526 662 salve3
549 582 670 648 salvom
684 595 718 649 te
733 585 904 650 advenisse
920 584 1058 669 gaudeo.
1098 582 1168 649 Dn.
1186 580 1264 647 Ho!
1414 580 1415 585 ’

303 682 398 747 Bone
413 694 535 759 custos,
552 681 649 758 suive,
665 681 812 747 columen
826 706 904 747 vero
919 682 1056 760 fannssiae,

303 781 366 846 Cui
381 782 601 847 commendavi
613 780 715 845 filium
729 780 805 846 hinc
819 782 930 846 abiens
946 802 1062 845 meum.

303 880 371 944 Ge.
387 880 463 944 dam
478 880 601 944 dudum
616 890 649 943 te
663 880 766 943 omnis
781 902 841 943 nos
855 900 1008 944 accusare
1023 878 1120 943 audio

260 991 292 1039 60
304 979 480 1057 Immerito,
494 991 529 1044 et
542 1002 593 1043 me
608 979 748 1044 omnium
762 978 878 1042 horum
893 978 1149 1042 immeritissimo.

302 1079 391 1144 Nam
404 1079 483 1164 quid
497 1098 548 1143 me
561 1078 595 1141 in
608 1076 671 1141 hac
685 1098 721 1141 re
737 1075 843 1141 facere
859 1075 988 1141 voluisti
1002 1076 1083 1140 tibit

216 1241 283 1287 note,
303 1231 400 1294 functus
423 1234 525 1291 officium,
548 1229 686 1278 accusativo
708 1244 774 1286 ensu,
807 1228 866 1277 xxii.
889 1231 971 1277 Servus
988 1246 1058 1292 noque
1078 1231 1162 1289 infidus
1181 1230 1281 1285 domiso,
1305 1246 1369 1292 seque

216 1298 281 1361 quod
291 1313 335 1345 nos
346 1296 458 1344 ablativo.
477 1297 508 1343 D.
807 1296 897 1342 inutilic
907 1296 1019 1355 cuiquam,
1032 1296 1110 1341 Lucili
1123 1296 1251 1351 columella,
1262 1298 1302 1342 llic
1317 1300 1369 1341 sites

249 1365 289 1410 63.
300 1364 423 1423 Postquam
433 1360 563 1422 adjudices
573 1367 663 1407 oculum
678 1366 721 1415 est,
732 1374 776 1406 non
807 1360 976 1419 Metrophanes.
1004 1358 1108 1415 Tubero,
1121 1360 1184 1407 Hinc
1194 1362 1221 1405 in
1230 1362 1370 1407 enesim

213 1431 291 1489 poluit
301 1430 402 1489 cogitato
410 1424 526 1487 proloqui]
542 1425 603 1472 Hoec
614 1423 679 1486 opud
695 1434 775 1471 orato-
808 1440 892 1471 annum
911 1440 986 1471 eorum
997 1426 1105 1471 columine
1117 1427 1198 1471 civitas
1209 1427 1367 1471 contuebitur.

215 1488 392 1551 respondetote
403 1488 633 1545 cirinsdieitur,hoe
645 1499 688 1545 est,
697 1498 776 1536 trane·
811 1488 937 1544 Horatius,
948 1490 1028 1535 Curru.
1041 1487 1056 1535 i.
1068 1490 1106 1535 35.
1122 1488 1159 1535 12.
1171 1498 1261 1537 coum
1276 1504 1322 1552 pro
1333 1504 1368 1535 eo-

216 1556 275 1604 lotio
286 1572 364 1604 cause
375 1555 445 1603 lecti:
464 1570 535 1616 quern
546 1554 618 1616 uulgo
629 1557 723 1601 colorem
733 1568 776 1600 no·
808 1552 900 1600 lumine
912 1552 1057 1609 columnam,
1071 1553 1183 1614 injurioso
1200 1570 1229 1601 sc
1245 1557 1308 1614 pede
1321 1570 1368 1614 pro·

214 1622 317 1669 minant.
331 1623 383 1668 Nos
390 1623 465 1681 potuit
473 1623 573 1681 cogitato
581 1616 697 1679 proloqui]
712 1618 777 1679 Ergo
808 1635 864 1666 roos
880 1621 982 1665 Stantem
998 1621 1128 1667 crunnum.
1150 1616 1249 1666 Ennius
1262 1634 1287 1667 x.
1299 1620 1369 1680 Regni

215 1685 280 1747 quod
291 1683 550 1747 cogitavitindustriae
566 1693 616 1731 est:
635 1682 699 1744 quod
715 1682 777 1729 nihil
808 1690 920 1731 mentum
941 1699 1074 1731 summense
1097 1684 1230 1731 colman.
1269 1686 1368 1731 &lenes

214 1750 286 1807 dixit,
304 1748 410 1813 pudorin
441 1749 615 1810 D.-Cogltoto
636 1764 680 1795 nos
700 1750 777 1808 potuit
808 1746 977 1809 oerosomr'llae]
991 1746 1295 1797 Sustentetioveldecus:
1311 1748 1369 1795 unde

211 1814 330 1877 proloqui]
346 1814 407 1861 Hrec
418 1828 474 1876 pers
485 1812 587 1860 venialis
598 1821 642 1868 est,
654 1826 686 1859 ex
697 1822 776 1859 aetete.
808 1815 914 1861 colum
925 1812 1010 1860 dietae:
1028 1822 1053 1861 et
1069 1812 1167 1861 morulis
1179 1812 1281 1873 αὔξησις
1298 1814 1323 1861 ἐν
1340 1810 1367 1859 εἰ·

215 1880 333 1927 E.—Nos
348 1882 423 1940 poluit
442 1881 543 1940 cogitato
556 1875 672 1939 proloqui]
691 1876 777 1925 Simile
808 1875 896 1939 ρωνείᾳ
916 1878 1089 1927 D.-Columen
1099 1875 1271 1940 corosanilioe]
1285 1876 1368 1939 Digni·

214 1944 273 2007 quid
284 1944 315 1992 de
326 1942 468 2005 Thucydide
483 1953 566 1990 nones
578 1940 733 2005 Aristophan.
748 1940 774 1989 in
807 1952 844 1989 tes
866 1941 904 1989 rel
924 1952 990 1990 certe
1010 1940 1160 2000 sustentatio,
1179 1941 1248 1990 unde
1265 1946 1369 1991 colum

214 2009 436 2072 Vespisz—lxtiso
466 2006 506 2067 pol
533 2008 600 2055 δοκεῖ
626 2003 773 2063 πεπονθέναι,
806 2006 926 2055 dicuntur.
950 2006 978 2055 E.

209 2071 289 2135 Ὀπερ
304 2072 363 2122 rori
379 2074 475 2133 pedm
487 2070 559 2119 ἔπαθε
574 2070 614 2119 καὶ
625 2072 773 2128 Θονκυδίδης,
839 2073 877 2119 58.
897 2074 941 2119 Cui
956 2074 1107 2119 commendaui
1122 2074 1199 2132 filiurn
1217 2075 1275 2119 ltine
1295 2074 1368 2121 «iim

213 2132 773 2199 ’Δπόπληκποςἑξαίφνηςέγένηοπὰπγνᾶθους.
805 2135 889 2198 mum]
912 2136 1009 2199 Duplex
1027 2136 1150 2184 excusatio
1167 2136 1300 2198 (accusatio
1319 2136 1368 2184 edd.

215 2202 264 2251 Ubi
275 2202 323 2251 rid.
333 2218 387 2265 quoe
397 2211 465 2249 notet
474 2200 599 2249 Scholiast.
617 2199 775 2262 Similemque
806 2200 879 2264 vett.)
890 2212 927 2250 est
938 2202 969 2249 de
981 2216 1010 2249 eo
1021 2200 1085 2262 quod
1094 2200 1185 2249 fecerit.
1204 2202 1270 2249 Haee
1282 2216 1367 2250 conse-

213 2284 310 2316 censam
317 2266 409 2315 silentii
418 2266 506 2329 alleget
514 2266 605 2313 Decius
612 2266 703 2313 Brutus
709 2265 775 2327 opud
806 2266 878 2313 niunt
887 2266 913 2313 in
925 2281 966 2314 ene
981 2278 1104 2329 personne,
1121 2280 1180 2328 ques
1196 2278 1312 2331 spectare
1324 2281 1367 2313 non

214 2334 316 2395 Dionys.
327 2332 453 2380 Helinium.
463 2331 543 2379 linui.
553 2347 576 2395 p.
585 2330 640 2377 369.
650 2328 773 2377 etdeAn·
805 2331 946 2394 oportuerit.
971 2331 1002 2378 D.

213 2397 280 2445 conio
292 2398 427 2458 crassoque
439 2396 525 2444 Cicero
536 2398 567 2443 de
579 2396 689 2451 Oratore,
701 2394 742 2442 lib.
754 2395 771 2444 i.
837 2397 876 2444 69.
888 2398 1026 2444 Iamdudum
1036 2404 1058 2443 te
1068 2412 1142 2443 omnes
1153 2412 1192 2443 nos
1203 2412 1316 2445 acessm
1327 2413 1366 2443 os·

213 2462 269 2510 Vid.
278 2462 368 2509 AElinn.
377 2462 434 2509 Ver.
443 2460 483 2508 vii.
493 2462 530 2507 12.
547 2458 610 2507 oeli
622 2458 672 2505 viii.
682 2461 705 2506 8.
724 2460 752 2507 L.
804 2462 842 2508 dio
863 2460 987 2523 immnilo]
1009 2460 1072 2507 Vide
1089 2474 1161 2521 quern
1184 2460 1209 2507 in
1230 2460 1271 2509 his
1292 2460 1367 2508 verbis

245 2529 285 2574 54.
308 2529 347 2574 lto
368 2543 419 2574 essi
439 2533 487 2573 tons
509 2522 625 2587 timidum]
651 2526 772 2581 llmldum,
805 2526 878 2573 etium
890 2526 970 2573 vultus
980 2524 1077 2587 quidnrn
1086 2524 1150 2573 servi
1161 2526 1317 2573 contumacis
1327 2540 1365 2587 ep-

212 2591 388 2655 perturbatum.
412 2590 520 2647 Plautus,
541 2589 630 2637 Bacch.
650 2588 667 2635 i.
692 2590 713 2635 l.
733 2589 771 2639 78.
804 2600 896 2653 pareat,
908 2600 932 2638 et
944 2598 1040 2638 versute
1052 2589 1116 2637 meli
1141 2589 1174 2636 Et
1191 2590 1238 2637 hoc
1251 2587 1365 2652 estquod

212 2658 554 2705 Nomsteemoritlmldoec.
583 2654 617 2701 Et
627 2652 681 2716 ipse
696 2654 723 2701 in
737 2654 772 2701 A·
806 2654 908 2712 dixerat,
917 2658 969 2717 Ego
979 2659 1004 2703 ln
1014 2657 1106 2703 insidiis
1117 2657 1153 2701 lile
1161 2670 1200 2701 ero
1209 2656 1365 2703 succenturia-

211 2720 316 2785 delphis,
327 2722 368 2768 Me
376 2723 498 2768 mucram!
508 2722 617 2782 quidnam
627 2726 661 2766 etl
670 2721 731 2781 quod
740 2722 774 2767 tic
807 2727 850 2767 tus.
868 2720 988 2768 D.-Jcm
998 2721 1083 2766 dodum
1095 2727 1116 2767 tc
1124 2736 1199 2767 omncs
1208 2736 1252 2767 nos
1262 2734 1366 2768 oecssm

211 2788 277 2834 oldeo
288 2788 391 2834 tisuidum
402 2792 425 2833 et
441 2792 601 2846 properantem
614 2788 714 2833 Getam?
741 2783 773 2831 D.
806 2784 887 2847 cndu]
907 2784 937 2832 Id
954 2794 991 2833 eet
1009 2784 1072 2845 quod
1090 2783 1255 2846 supradixit,
1273 2786 1366 2846 Egolrle

211 2851 338 2898 —Vcrsus
351 2850 438 2913 probet
454 2860 510 2912 post
526 2851 636 2905 timidum,
655 2847 718 2895 illud
732 2852 773 2904 ill,
805 2853 830 2897 in
850 2852 959 2897 subsidiis
980 2866 1024 2896 cro.
1066 2848 1104 2896 lte
1124 2847 1236 2897 defensio
1258 2848 1365 2913 superior

211 2916 276 2978 qued
295 2915 322 2963 in
338 2916 422 2963 Bemb.
435 2914 527 2963 Victor.
546 2925 571 2961 et
588 2928 637 2962 uno
655 2928 669 2960 e
684 2912 774 2961 nostris
805 2928 879 2961 unuin
890 2913 998 2961 instituit
1008 2928 1121 2977 pugnarn.
1145 2914 1175 2960 Β.

211 2981 460 3093 redeomdldoddlose:
477 3045 518 3092 red
532 3060 592 3091 cesso
607 3041 686 3105 adue]
708 3041 773 3091 Setis
804 2980 1364 3107 rltdsdldssmgddued'idrmddmrgll

210 3109 359 3158 defensionis
376 3119 420 3167 est,
440 3108 481 3156 ubi
492 3109 556 3156 Geta
570 3110 622 3170 jorn
639 3106 706 3155 odire
722 3122 772 3155 non
804 3118 890 3155 utnon
901 3107 980 3156 solum
991 3124 1025 3167 se,
1032 3107 1076 3155 sed
1086 3108 1147 3155 elios
1158 3106 1233 3155 etiam
1245 3106 1362 3157 defendet.

210 3174 439 3222 timeetdominurn.
462 3174 494 3221 D.
805 3172 1022 3221 Horumonrnium
1039 3172 1230 3221 immeritissirno
1247 3175 1262 3221 d
1278 3171 1363 3233 stipis

244 3240 282 3285 56.
293 3241 363 3293 Here,
371 3241 449 3286 coloe.-
458 3240 541 3285 solonis
553 3244 575 3284 lc
586 3239 703 3284 αᾰαππίικ
711 3253 771 3299 gou-
804 3240 897 3285 lorum:
914 3247 939 3285 et
959 3236 994 3285 sio
1010 3253 1055 3285 nos
1075 3240 1134 3285 lonc
1144 3246 1169 3285 et
1183 3240 1244 3285 leuse
1255 3238 1361 3285 dicimus.

210 3302 263 3365 deo]
278 3302 428 3366 Principium
444 3317 460 3349 o
475 3300 651 3349 benevolentia.
671 3301 705 3348 Et
717 3302 772 3349 vide
804 3300 994 3365 lmmerltiuimo]
1016 3302 1051 3349 Ut
1064 3317 1147 3365 perro,
1158 3301 1225 3359 falso,
1239 3302 1272 3350 de
1282 3301 1362 3350 edver-

209 3367 374 3415 vernilitatein
401 3366 551 3430 aptissimam
570 3381 641 3413 servo
668 3365 769 3415 callido:
804 3367 850 3415 biis
867 3366 1152 3415 estinodesinentibns.
1174 3366 1307 3415 D.-Cum
1320 3366 1361 3413 Fe-

210 3433 326 3481 credssne
345 3431 410 3479 hune
427 3446 487 3486 esse,
510 3429 552 3492 qui
572 3445 648 3493 supro
673 3430 771 3489 dixerit,
804 3447 863 3479 erno
883 3432 1013 3494 legendum
1035 3442 1101 3494 puto,
1121 3432 1156 3478 Et
1170 3448 1206 3479 ote
1222 3435 1361 3480 lonseew

210 3498 770 3556 Herussiredieril,molendumcsseinplslrino,
803 3500 866 3544 nium
882 3499 1062 3545 immerils'srs'mo.
1090 3496 1154 3543 Nem
1170 3496 1211 3544 hie
1227 3496 1290 3544 ordo
1301 3504 1361 3543 emt

209 3564 369 3623 vapulandum,
393 3570 418 3609 et
439 3562 544 3609 caetersl
569 3560 727 3608 D.-Salvum
749 3568 771 3608 te
804 3562 829 3609 in
842 3562 926 3609 Bemb.
939 3572 964 3609 et
980 3560 1069 3609 Faerni
1082 3562 1200 3618 Donatus,
1217 3560 1245 3609 iu
1261 3558 1361 3610 secunde

210 3625 330 3689 advenire]
350 3628 477 3689 Oportune
494 3640 579 3673 servus
589 3640 645 3672 cunr
658 3625 719 3672 duos
731 3624 767 3672 lo·
802 3626 962 3690 expositione,
978 3626 1013 3673 ite
1029 3626 1118 3683 laudnt,
1134 3628 1213 3673 lorum
1228 3628 1359 3678 commerito,

209 3691 405 3755 cosperdidisset
415 3690 710 3747 accusator,rehementer
718 3692 770 3751 jem
801 3690 825 3738 in
838 3707 859 3738 e.
878 3694 962 3739 lorum
981 3708 1000 3739 o.
1017 3693 1122 3745 immerit,
1139 3690 1163 3737 h.
1175 3706 1197 3737 e.
1216 3694 1302 3739 home
1318 3705 1358 3737 on-

209 3756 357 3805 confraetnm
367 3756 433 3805 senis
444 3755 594 3804 iracundiam
602 3755 701 3812 videret,
711 3770 769 3819 sup·
801 3759 1055 3803 niumimouritlssimo.
1085 3755 1209 3803 nomin
1225 3755 1322 3805 Basilio.
1337 3760 1359 3800 et

209 3821 281 3887 ponit
290 3837 324 3870 se.
347 3821 377 3868 E.
803 3820 1186 3882 nostroeliquoretestlsorune.
1210 3820 1240 3867 B.

244 3887 281 3938 57.
300 3888 355 3934 Ho!
373 3888 426 3933 done
444 3893 524 3940 custos,
542 3883 617 3946 soloe]
641 3884 681 3932 Ab
700 3882 772 3932 initio
837 3886 875 3933 dl.
888 3888 950 3932 Nom
961 3888 1017 3948 quid
1032 3883 1287 3946 metamorfoseon
1302 3884 1357 3931 solt·

208 3951 275 4000 idem
287 3962 368 3999 motus
379 3948 475 4014 (modos,
489 3950 526 3998 vel
542 3966 588 3998 nos
604 3947 644 4009 Z.)
662 3960 772 3997 servatus
803 3948 857 4012 isti]
877 3950 946 3998 Bone
965 3950 1108 4013 exceptione
1125 3948 1222 3998 locutos
1232 3960 1279 4007 est,
1296 3944 1357 4011 qussi

210 4030 248 4065 est
263 4017 324 4064 seni.
352 4015 418 4063 Nem
433 4014 498 4063 idem
509 4016 556 4063 hoe
567 4013 679 4076 estquod
696 4028 772 4077 supra
803 4013 830 4061 in
841 4013 988 4063 sliisomnie
1003 4014 1094 4063 fecerit.
1123 4016 1151 4062 ln
1167 4017 1212 4063 luo
1230 4030 1257 4063 re
1275 4012 1357 4063 winuli

210 4081 280 4139 dixit,
305 4084 325 4129 0
344 4083 404 4128 Geta
425 4085 536 4128 mom'tor:
563 4094 707 4141 quomquem
728 4090 772 4142 per
803 4078 860 4141 ott]
881 4080 960 4133 Quam
976 4087 1116 4127 contemnet
1134 4078 1196 4127 irem
1218 4078 1317 4133 domini,
1333 4084 1357 4122 ut

211 4146 308 4205 αὔξησιν
325 4145 381 4207 plus
400 4144 521 4207 significet
539 4143 604 4206 quod
620 4143 687 4200 dicit,
708 4145 772 4192 nmo
804 4144 849 4191 hoc
858 4144 912 4207 ipso
941 4144 1048 4205 urgetior
1058 4143 1177 4200 videntur,
1188 4158 1220 4191 ex
1231 4144 1278 4192 hoo
1288 4154 1355 4205 eppa·

210 4218 300 4257 ectus:
316 4210 556 4273 quamquodsnprs,
567 4210 676 4257 Monltor.
703 4210 771 4256 Colu-
803 4218 847 4265 ret,
866 4224 897 4271 qu
949 4208 1042 4257 eddidit
1060 4212 1111 4257 tibi.
1140 4208 1180 4257 Sic
1200 4208 1267 4257 enim
1283 4208 1357 4256 dicere

209 4292 260 4322 men
271 4290 322 4321 uero
330 4272 444 4336 familie]
460 4277 571 4331 ddum,
582 4272 679 4322 culinen
690 4288 722 4321 on
733 4290 770 4321 co-
802 4273 916 4330 solemus,
928 4276 991 4326 Quid
996 4276 1040 4321 tili
1045 4277 1080 4321 uls
1082 4271 1191 4335 saelum
1203 4289 1277 4337 quum
1284 4272 1355 4321 alieno

210 4342 292 4395 ἱαιιιιι,
311 4338 442 4386 columne?
469 4338 535 4386 unde
553 4340 683 4396 nonem,
704 4337 771 4401 apud
802 4338 901 4401 negotio
917 4339 1007 4387 frustra
1024 4352 1069 4387 nos
1079 4338 1231 4387 ostendimus
1247 4338 1352 4387 neome-

209 4414 313 4463 veteres,
321 4400 382 4452 dicti
392 4402 457 4453 servi
468 4402 675 4466 majoresdomus.
692 4402 770 4453 Lucil.
804 4404 931 4454 D.-Nan
942 4407 999 4467 quid
1008 4420 1043 4453 ne
1053 4408 1079 4453 is
1089 4406 1133 4454 lae
1146 4420 1172 4454 re
1182 4406 1274 4455 misisti
1282 4401 1355 4467 soem
