2834 4759
198 88 260 152 148
638 79 922 146 TERENTII
1185 76 1316 161 [aeros
1331 94 1367 138 ιι.

263 218 363 283 Meus
378 218 431 281 fac
444 215 489 281 sis
504 226 670 301 postremo
684 216 821 292 enimus,
837 215 969 300 quando
984 236 1047 300 ego
1063 234 1135 278 sum
1149 222 1241 277 tuus.
1310 205 1319 221 '

262 316 331 380 Τιι.
348 315 407 380 Me
421 314 588 379 miseram!
613 314 750 377 forsitan
763 313 817 379 hio
831 314 910 377 mihi
924 334 1057 399 parvam
1071 312 1191 377 habeat
1204 310 1326 387 fidem,

262 418 376 501 Atque
390 438 434 480 ex
449 414 585 479 aliarum
600 414 737 498 ingeniis
752 434 838 477 nunc
853 435 904 477 me
915 414 1053 497 judicet.

264 514 340 599 Ego
355 513 422 598 pol,
437 535 512 598 quae
526 511 604 575 mihi
619 534 691 574 sum
705 512 846 588 conscia,
862 510 926 575 hoc
940 521 1030 575 certo
1046 510 1124 586 scio,

200 625 247 672 120
262 612 382 696 Neque
397 633 449 676 me
464 610 599 674 linxisse
614 608 687 674 falsi
701 610 886 693 quicquam,
902 630 1008 693 neque
1022 630 1096 673 meo

263 711 366 775 Cordi
380 732 454 775 esse
468 730 664 794 quemquam
678 709 834 772 cariorem
849 707 913 772 hoc
929 707 1092 772 Phaedria.

265 810 313 875 Et
327 809 482 894 quicquid
496 808 595 893 hujus
611 806 685 883 feci,
701 828 800 871 causa
814 806 946 890 virginis

263 906 360 972 Feci:
384 929 459 971 nam
473 928 524 970 me
539 907 611 990 ejus
627 926 724 989 spero
738 904 873 969 fratrem
888 904 1123 989 propemodum

264 1006 288 1070 J
289 1029 340 1070 am
356 1006 553 1090 repperisse,
566 1003 805 1067 adolescentem
818 1002 901 1067 adeo
915 1002 1073 1067 nobilem:

201 1117 248 1164 ltt
264 1104 310 1168 Et
326 1105 353 1167 is
368 1102 468 1167 hodie
482 1112 653 1167 venturum
666 1101 708 1166 ad
723 1124 775 1165 me
790 1101 958 1165 constituit
971 1101 1113 1166 domum.

266 1201 451 1266 Concedam
466 1200 542 1265 hinc
557 1201 653 1276 intro,
669 1209 768 1283 atque
781 1200 993 1283 exspectabo,
1009 1199 1086 1262 dum
1100 1198 1199 1263 venit.

301 1464 495 1538 ACTUS
530 1402 795 1539 SECUNDI
832 1464 1025 1537 SCENA
1057 1464 1262 1537 PRIMA.

580 1652 764 1701 ruffinam.
800 1650 986 1701 PARMENO·
1034 1664 1037 1669 '

266 1776 348 1854 Fac,
366 1778 412 1842 ita
434 1786 471 1841 ut
487 1777 584 1861 jussi,
610 1776 815 1840 deducantur
838 1774 902 1839 isti.
940 1773 1026 1839 Pan.
1046 1774 1186 1841 Faciam.
1239 1773 1307 1839 ΡΗ.
1323 1769 1367 1836 At

331 1873 514 1959 diligenter.

201 2074 328 2123 sparsere,
340 2058 496 2107 incertorum.
514 2058 548 2107 Et
555 2061 702 2120 stemmatio,
709 2073 767 2121 pro-
801 2056 862 2121 fingi
871 2056 959 2121 potuit,
969 2066 997 2107 ut
1008 2073 1089 2123 supra,
1100 2061 1222 2119 dmin,
1232 2056 1364 2121 cassalun

201 2125 349 2189 pinqusrum
373 2139 469 2179 returns
493 2140 551 2186 spos,
571 2122 766 2187 longinquarum.
801 2125 981 2182 eutflctumest.
1006 2123 1038 2172 D.

202 2190 237 2237 Et
247 2192 391 2251 esspeetuts'o,
400 2188 508 2237 destinat
518 2197 630 2251 tempus:
648 2206 706 2249 apsa,
718 2203 769 2237 non
836 2189 890 2235 121.
907 2190 965 2237 Erro
980 2204 1112 2251 quemquem
1128 2187 1255 2251 mrim]
1269 2184 1362 2241 Melius,

202 2254 316 2303 destinat.
343 2256 393 2312 An,
411 2270 446 2301 ore
462 2270 539 2315 speres
554 2256 614 2301 idem
624 2251 726 2314 fuceret
743 2252 769 2301 id
801 2252 1362 2315 quemquum‚quamsidixisset,ssititmurn·

162 2353 165 2359 ·
203 2329 247 2377 est,
260 2319 291 2367 de
307 2328 331 2366 te
346 2317 468 2381 cogitare:
487 2327 516 2366 ut
530 2316 768 2379 sitopemmredan
802 2334 869 2379 ptum
903 2322 1019 2365 cariorem
1069 2318 1211 2381 Quanqua-
1243 2312 1362 2376 mrim]

202 2393 232 2431 ut
248 2384 331 2432 atatim
343 2382 370 2431 in
387 2382 491 2431 subditis
502 2382 620 2431 invenies.
638 2384 701 2430 Nom
719 2382 770 2445 ejus
802 2381 879 2435 Quasi
896 2382 1020 2441 meretrix,
1031 2397 1081 2429 non
1098 2398 1181 2431 carum
1198 2383 1312 2437 alterum,
1323 2378 1362 2427 sed

197 2446 300 2510 fratreas
317 2464 382 2508 spero
397 2448 451 2510 juro
470 2450 629 2509 propemodum
650 2450 768 2509 reperisse.
801 2446 919 2494 cariorem
932 2458 1012 2509 negat.
1037 2447 1068 2496 D.

204 2515 278 2561 Mete
291 2510 399 2573 oblectes]
416 2512 542 2575 Septimus
558 2527 629 2560 casus
644 2528 686 2560 ore.
716 2514 768 2560 Me·
837 2513 889 2559 122
908 2510 1209 2575 thus'opuldtujurseet]
1227 2511 1308 2573 Hatjus
1322 2508 1360 2555 ab·

204 2595 255 2625 euos
275 2586 324 2626 toto
342 2576 388 2639 sis]
412 2576 476 2624 Toto
495 2576 585 2624 auimo.
614 2576 680 2624 Nam
699 2575 768 2625 illam
800 2575 893 2630 salutet
910 2586 953 2624 aut
964 2592 1009 2640 per
1020 2576 1136 2638 ἔλλειψιν,
1148 2584 1176 2625 ut
1186 2576 1305 2625 desitnt
1332 2573 1359 2620 lu

204 2658 271 2691 nunc
286 2641 396 2689 animum
413 2640 467 2689 vult
480 2656 603 2698 essenon
619 2640 696 2701 (auae,
715 2656 767 2689 ma·
802 2640 907 2715 Hecyra,
924 2658 952 2689 ne
963 2644 1020 2703 quid
1035 2644 1067 2689 stt
1077 2642 1145 2703 liujus
1156 2658 1202 2689 oro.
1232 2641 1263 2690 lu
1280 2638 1358 2687 Hesu-

204 2706 255 2754 lim.
282 2706 313 2754 ln
330 2705 384 2755 edd.
396 2715 456 2754 vett.
473 2708 533 2753 dixit
548 2704 607 2765 esse)
621 2720 725 2768 corpus:
744 2714 770 2754 et
801 2715 1014 2763 tonumorumeno‚
1031 2708 1091 2753 auu
1110 2722 1144 2754 sss
1161 2710 1232 2755 istius
1246 2703 1360 2768 suctum

204 2770 278 2819 simul
289 2770 354 2833 quod
370 2770 424 2834 ipse
438 2770 470 2818 ab
483 2771 537 2831 ejus
548 2786 650 2833 corpore
661 2769 768 2834 petitum
798 2773 872 2831 putri.
902 2770 989 2833 Virgil
1007 2770 1065 2817 AEn.
1082 2769 1116 2818 ix.
1134 2772 1173 2819 94.
1202 2796 1237 2807 -·-
1253 2777 1295 2817 at
1310 2766 1361 2829 qnid

204 2835 231 2884 id
242 2835 296 2885 vult
305 2834 380 2883 militi
394 2837 447 2897 eius
457 2845 540 2883 mente
551 2834 702 2897 contingere,
715 2846 769 2883 tau-
800 2838 862 2896 petis
878 2838 950 2884 istis?
981 2834 1097 2897 Quicquid
1115 2834 1197 2897 bajus]
1215 2839 1261 2885 net
1277 2834 1358 2882 subau-

205 2915 278 2963 quam
289 2899 388 2964 penitus
400 2899 631 2947 exclusoabamica.
660 2899 692 2947 D.
803 2898 919 2947 diendum
932 2908 977 2956 est,
990 2900 1309 2962 quodeumexclusiforu·
1331 2895 1358 2942 D·

241 2966 294 3012 116.
324 2967 421 3016 Quaado
441 2981 483 3027 ego
504 2981 555 3012 suso
576 2963 642 3026 tuus]
662 2963 770 3012 Animus
838 2965 890 3011 123.
915 2966 986 3026 Spero
1004 2963 1177 3028 propemodum]
1201 2965 1274 3013 Nove
1293 2976 1358 3023 tm

206 3029 308 3078 scillcet.
332 3030 364 3077 D.
802 3043 848 3092 pro
859 3028 931 3076 oredo
943 3028 982 3077 vel
993 3029 1097 3077 conlido.
1125 3032 1288 3091 Propemodum
1302 3025 1358 3079 idtflr

242 3093 295 3143 117.
322 3094 363 3141 Me
381 3096 503 3141 nunant
521 3091 625 3154 sasitos
643 3096 681 3141 tu'c
700 3091 770 3156 asts]
803 3092 861 3155 quis
871 3093 995 3141 hominem
1009 3092 1107 3157 quidem
1119 3094 1194 3151 novit,
1208 3096 1252 3143 sed
1267 3094 1358 3140 tram

207 3156 554 3220 Recte'l'haisnuncpartem
571 3157 710 3221 argumenti
727 3174 770 3206 ex·
804 3172 857 3206 esse
869 3158 971 3221 virgini
983 3159 1091 3206 nondum
1103 3158 1223 3286 probavit.
1245 3158 1277 3207 D.

207 3222 318 3285 sequitur
330 3220 427 3269 tacitam
440 3222 507 3281 (cum
521 3237 572 3270 nou
587 3221 714 3285 probabile
731 3222 770 3281 sit,
838 3224 891 3271 124.
918 3226 983 3271 Adeo
1004 3226 1100 3271 nubib-ts

209 3286 347 3336 Phaedriam
363 3296 389 3334 et
404 3286 485 3334 Parin.
502 3287 622 3335 restitisse
638 3286 664 3335 iu
681 3301 769 3336 scena:
802 3288 910 3349 positum
922 3297 966 3345 est,
978 3297 1021 3335 aut
1037 3303 1082 3351 pro
1098 3288 1223 3353 expletiva
1238 3282 1356 3353 particula.

207 3368 254 3417 pro
264 3356 359 3400 tacituro
373 3351 435 3399 sorte
453 3351 517 3399 Don.
531 3350 636 3414 scripsit,
648 3369 716 3415 quusi
732 3360 769 3401 to·
805 3351 935 3401 D.-Adeo
955 3351 1062 3414 astitero]
1083 3354 1150 3401 Serv.
1169 3353 1267 3401 AEneid.
1284 3350 1314 3398 ir.
1330 3344 1356 3394 sd

207 3421 256 3465 cuit
276 3425 329 3464 onte
352 3414 395 3479 Z.)
415 3415 480 3479 apud
503 3415 648 3473 Phaedriam,
668 3425 771 3481 propter
803 3416 872 3465 illum
886 3432 947 3465 vers
960 3417 998 3465 96.
1028 3416 1269 3480 Neomeudeosatltt.
1290 3414 1317 3463 1..

207 3481 364 3545 presentiam
380 3480 458 3529 servi:
487 3495 560 3543 quem
576 3490 649 3543 poete
665 3481 718 3529 vult
736 3481 771 3529 ita
838 3482 891 3529 125.
909 3481 972 3530 Tres
983 3482 1053 3529 codd
1065 3498 1121 3530 cum
1138 3480 1356 3531 attractabant

207 3546 311 3601 nescire,
323 3545 492 3594 utaudeatad
504 3544 636 3593 sitiendam
648 3546 769 3610 virginem
803 3548 874 3595 Etis
892 3560 923 3594 ss
944 3549 1017 3607 lodie,
1035 3555 1077 3595 etc.
1097 3557 1125 3595 ut
1147 3548 1209 3596 llec.
1229 3548 1246 3596 i.
1267 3548 1287 3594 2
1308 3540 1354 3589 120·

208 3612 341 3659 subornare
364 3610 497 3658 chaeream.
534 3609 667 3673 D.-Lege
686 3610 772 3673 sorsua
804 3612 834 3659 B.

205 3693 302 3738 parvam
313 3677 593 3735 tlebudeutms'ltifidero.
618 3676 647 3723 B.
839 3676 891 3723 126.
913 3678 989 3739 Atque
1004 3679 1138 3738 exspectabo
1153 3680 1207 3725 duos
1222 3672 1295 3737 mit]
1312 3670 1355 3719 Fr·

243 3743 296 3789 118.
314 3742 392 3802 Atque
402 3756 430 3787 er
441 3741 540 3787 suma
551 3743 650 3802 ingentis
661 3757 721 3787 auae
737 3757 771 3788 ms
804 3750 886 3789 turum
898 3751 978 3789 actum
990 3741 1132 3805 promittere
1145 3742 1233 3791 voluit:
1251 3754 1298 3789 non
1314 3748 1355 3797 quo

202 3804 308 3868 judicet]
330 3804 381 3853 llic
401 3804 532 3852 Terentius
550 3804 657 3852 ostendit
672 3804 772 3853 virtutis
803 3804 891 3868 aliquis
902 3815 987 3868 gestus
1003 3806 1036 3853 ait
1052 3807 1216 3869 exspectantis
1228 3804 1355 3868 (Scriptus

209 3871 325 3919 aurelios
348 3885 408 3926 esse,
430 3878 458 3917 ut
479 3868 634 3932 pervulgatus
654 3884 773 3933 personas
805 3880 927 3934 corrupta,
936 3870 1080 3919 cuialibris
1091 3870 1165 3919 nullis
1174 3872 1299 3935 quicquam
1309 3878 1354 3913 mt-

209 3950 272 3983 nove
288 3934 401 3983 inducat:
424 3942 548 3982 ettamen
564 3949 580 3981 e
595 3934 772 3983 consuetudine
805 3933 873 3983 dela.
903 3934 1045 3998 Legendum
1062 3936 1164 3999 opinor:
1186 3938 1306 3985 Vestam
1319 3944 1353 3975 tt·

208 4013 258 4047 nou
270 4002 381 4048 recedat:
400 4008 429 4047 ut
438 4008 505 4063 puta,
518 3996 672 4047 meretricem
683 4000 772 4047 bonam
805 4008 879 4048 tutum
887 4004 1021 4061 proortttera
1032 4003 1120 4049 uoluit:
1137 4018 1209 4065 aequ
1217 4002 1299 4064 atiqrsir
1306 4007 1352 4057 got-

209 4078 265 4110 cum
281 4063 347 4123 lacit,
359 4064 440 4139 capiat
457 4073 539 4111 tamen
556 4072 581 4111 et
596 4062 702 4111 delectet
718 4064 771 4112 ani·
805 4072 842 4111 tus
853 4073 887 4112 est
898 4064 1070 4128 exspectantis).
1095 4066 1126 4113 D.
1310 4123 1315 4135 Ι

209 4129 621 4263 mllofpiiiffbsstassm
636 4191 769 4255 quoquam]
804 4130 988 4256 ..bilbili
1009 4130 1352 4261 pomposianum&

209 4258 268 4314 Aut,
283 4258 376 4313 tutae,
393 4256 477 4307 debuit
492 4258 586 4307 dicere:
605 4269 648 4306 sut
663 4257 773 4332 abundat
803 4258 851 4306 ista
862 4259 939 4307 actim
958 4274 1013 4307 nam
1026 4269 1051 4307 et
1061 4261 1152 4324 repetit
1167 4260 1231 4323 quod
1245 4263 1291 4321 jam
1306 4252 1351 4323 dit·

202 4321 279 4383 satu
304 4331 347 4370 aut
367 4321 422 4370 ideo
444 4322 501 4385 quia
524 4332 548 4371 et
566 4338 656 4371 vanum
679 4322 771 4385 aliquid
804 4332 916 4372 tumeat:
934 4333 959 4372 et
976 4323 1000 4373 id
1017 4324 1075 4373 lacit
1091 4324 1169 4389 magis
1186 4334 1210 4374 et
1225 4324 1302 4375 odiose
1316 4328 1349 4363 ¹¹¹·

1142 3227 1208 3273 Adeo
1228 3238 1274 3289 pro
1292 3215 1358 3268 nimis
