<?xml version="1.0" encoding="UTF-8"?>
<!DOCTYPE html PUBLIC "-//W3C//DTD XHTML 1.0 Transitional//EN"
    "http://www.w3.org/TR/xhtml1/DTD/xhtml1-transitional.dtd">
<html xmlns="http://www.w3.org/1999/xhtml" xml:lang="en" lang="en">
 <head>
  <title>
</title>
<meta http-equiv="Content-Type" content="text/html;charset=utf-8" />
  <meta name='ocr-system' content='tesseract 3.04.00' />
  <meta name='ocr-capabilities' content='ocr_page ocr_carea ocr_par ocr_line ocrx_word'/>
</head>
<body>
  <div class='ocr_page' id='page_1' title='image "./publiiterentiic01lindgoog/publiiterentiic01lindgoog_0454.png"; bbox 0 0 2834 4759; ppageno 0'>
   <div class='ocr_carea' id='block_1_1' title="bbox 46 75 809 237">
    <p class='ocr_par' dir='ltr' id='par_1_1' title="bbox 46 75 809 237">
     <span class='ocr_line' id='line_1_1' title="bbox 46 75 809 237; baseline 0.013 -47"><span class='ocrx_word' id='word_1_1' title='bbox 46 146 163 191; x_wconf 76' lang='lat' dir='ltr'><strong>scsus</strong></span> <span class='ocrx_word' id='word_1_2' title='bbox 176 128 241 211; x_wconf 77' lang='lat' dir='ltr'><strong>nn]</strong></span> <span class='ocrx_word' id='word_1_3' title='bbox 496 75 758 237; x_wconf 55' lang='lat' dir='ltr'><strong>sueretu.</strong></span> <span class='ocrx_word' id='word_1_4' title='bbox 807 226 809 229; x_wconf 15' lang='grc' dir='ltr'>Ι</span> 
     </span>
    </p>
   </div>
   <div class='ocr_carea' id='block_1_2' title="bbox 43 259 1033 844">
    <p class='ocr_par' dir='ltr' id='par_1_2' title="bbox 92 259 834 333">
     <span class='ocr_line' id='line_1_2' title="bbox 92 259 834 333; baseline 0.012 -9"><span class='ocrx_word' id='word_1_5' title='bbox 92 259 285 327; x_wconf 74' lang='lat' dir='ltr'><strong>Communia</strong></span> <span class='ocrx_word' id='word_1_6' title='bbox 299 285 372 329; x_wconf 81' lang='lat' dir='ltr'><strong>esse</strong></span> <span class='ocrx_word' id='word_1_7' title='bbox 384 266 557 330; x_wconf 82' lang='lat' dir='ltr'><strong>amicorum</strong></span> <span class='ocrx_word' id='word_1_8' title='bbox 571 266 655 331; x_wconf 85' lang='lat' dir='ltr'><strong>inter</strong></span> <span class='ocrx_word' id='word_1_9' title='bbox 668 290 704 332; x_wconf 91' lang='lat' dir='ltr'><strong>se</strong></span> <span class='ocrx_word' id='word_1_10' title='bbox 719 259 834 333; x_wconf 89' lang='lat' dir='ltr'><strong>oninia.</strong></span> 
     </span>
    </p>

    <p class='ocr_par' dir='ltr' id='par_1_3' title="bbox 43 358 1033 547">
     <span class='ocr_line' id='line_1_3' title="bbox 92 358 1033 434; baseline 0.012 -12"><span class='ocrx_word' id='word_1_11' title='bbox 92 358 164 424; x_wconf 83' lang='lat' dir='ltr'><strong>De.</strong></span> <span class='ocrx_word' id='word_1_12' title='bbox 180 359 318 426; x_wconf 85' lang='lat' dir='ltr'><strong>Facete:</strong></span> <span class='ocrx_word' id='word_1_13' title='bbox 340 386 426 434; x_wconf 87' lang='lat' dir='ltr'><strong>nunc</strong></span> <span class='ocrx_word' id='word_1_14' title='bbox 441 364 569 430; x_wconf 87' lang='lat' dir='ltr'><strong>demum</strong></span> <span class='ocrx_word' id='word_1_15' title='bbox 580 367 670 430; x_wconf 81' lang='lat' dir='ltr'><strong>istoec</strong></span> <span class='ocrx_word' id='word_1_16' title='bbox 683 376 760 431; x_wconf 86' lang='lat' dir='ltr'><strong>nata</strong></span> <span class='ocrx_word' id='word_1_17' title='bbox 774 367 876 431; x_wconf 88' lang='lat' dir='ltr'><strong>oratio</strong></span> <span class='ocrx_word' id='word_1_18' title='bbox 891 378 951 432; x_wconf 88' lang='lat' dir='ltr'><strong>est.</strong></span> <span class='ocrx_word' id='word_1_19' title='bbox 1029 361 1033 371; x_wconf 81' lang='grc'><em>’</em></span> 
     </span>
     <span class='ocr_line' id='line_1_4' title="bbox 43 456 967 547; baseline 0.013 -30"><span class='ocrx_word' id='word_1_20' title='bbox 43 470 77 517; x_wconf 81' lang='lat'><strong>2⁰</strong></span> <span class='ocrx_word' id='word_1_21' title='bbox 90 456 159 521; x_wconf 88' lang='lat' dir='ltr'><strong>Mt.</strong></span> <span class='ocrx_word' id='word_1_22' title='bbox 174 457 335 525; x_wconf 85' lang='lat' dir='ltr'><strong>Ausculta</strong></span> <span class='ocrx_word' id='word_1_23' title='bbox 347 464 471 547; x_wconf 81' lang='lat' dir='ltr'><strong>paucis,</strong></span> <span class='ocrx_word' id='word_1_24' title='bbox 486 464 547 527; x_wconf 89' lang='lat' dir='ltr'><strong>nisi</strong></span> <span class='ocrx_word' id='word_1_25' title='bbox 561 463 730 529; x_wconf 89' lang='lat' dir='ltr'><strong>molestum</strong></span> <span class='ocrx_word' id='word_1_26' title='bbox 743 476 805 542; x_wconf 87' lang='lat' dir='ltr'><strong>est,</strong></span> <span class='ocrx_word' id='word_1_27' title='bbox 821 464 947 530; x_wconf 85' lang='lat' dir='ltr'><strong>Demea</strong></span> <span class='ocrx_word' id='word_1_28' title='bbox 959 490 967 529; x_wconf 95' lang='lat'><strong>:</strong></span> 
     </span>
    </p>

    <p class='ocr_par' dir='ltr' id='par_1_4' title="bbox 89 555 786 642">
     <span class='ocr_line' id='line_1_5' title="bbox 89 555 786 642; baseline 0.013 -23"><span class='ocrx_word' id='word_1_29' title='bbox 89 555 269 642; x_wconf 89' lang='lat' dir='ltr'><strong>Principio,</strong></span> <span class='ocrx_word' id='word_1_30' title='bbox 285 560 312 622; x_wconf 90' lang='lat' dir='ltr'><strong>si</strong></span> <span class='ocrx_word' id='word_1_31' title='bbox 326 560 360 624; x_wconf 91' lang='lat' dir='ltr'><strong>id</strong></span> <span class='ocrx_word' id='word_1_32' title='bbox 375 571 407 624; x_wconf 90' lang='lat' dir='ltr'><strong>te</strong></span> <span class='ocrx_word' id='word_1_33' title='bbox 421 562 559 640; x_wconf 90' lang='lat' dir='ltr'><strong>mordet,</strong></span> <span class='ocrx_word' id='word_1_34' title='bbox 575 574 714 628; x_wconf 85' lang='lat' dir='ltr'><strong>sumtum</strong></span> <span class='ocrx_word' id='word_1_35' title='bbox 728 563 786 627; x_wconf 89' lang='lat' dir='ltr'><strong>filii</strong></span> 
     </span>
    </p>

    <p class='ocr_par' dir='ltr' id='par_1_5' title="bbox 89 656 947 749">
     <span class='ocr_line' id='line_1_6' title="bbox 89 656 947 749; baseline 0.008 -29"><span class='ocrx_word' id='word_1_36' title='bbox 89 656 202 729; x_wconf 83' lang='lat' dir='ltr'><strong>Quem</strong></span> <span class='ocrx_word' id='word_1_37' title='bbox 216 657 348 736; x_wconf 82' lang='lat' dir='ltr'><strong>faciunt,</strong></span> <span class='ocrx_word' id='word_1_38' title='bbox 365 683 476 745; x_wconf 74' lang='lat' dir='ltr'><strong>quaeso</strong></span> <span class='ocrx_word' id='word_1_39' title='bbox 490 660 586 727; x_wconf 87' lang='lat' dir='ltr'><strong>facito</strong></span> <span class='ocrx_word' id='word_1_40' title='bbox 600 662 670 728; x_wconf 77' lang='lat' dir='ltr'><strong>hec</strong></span> <span class='ocrx_word' id='word_1_41' title='bbox 686 675 792 728; x_wconf 88' lang='lat' dir='ltr'><strong>tecum</strong></span> <span class='ocrx_word' id='word_1_42' title='bbox 808 665 947 749; x_wconf 85' lang='lat' dir='ltr'><strong>cogites:</strong></span> 
     </span>
    </p>

    <p class='ocr_par' dir='ltr' id='par_1_6' title="bbox 87 752 776 844">
     <span class='ocr_line' id='line_1_7' title="bbox 87 752 776 844; baseline 0.012 -26"><span class='ocrx_word' id='word_1_43' title='bbox 87 752 150 819; x_wconf 90' lang='lat' dir='ltr'><strong>Tu</strong></span> <span class='ocrx_word' id='word_1_44' title='bbox 163 754 234 820; x_wconf 90' lang='lat' dir='ltr'><strong>illos</strong></span> <span class='ocrx_word' id='word_1_45' title='bbox 249 756 332 821; x_wconf 91' lang='lat' dir='ltr'><strong>duos</strong></span> <span class='ocrx_word' id='word_1_46' title='bbox 347 758 420 822; x_wconf 91' lang='lat' dir='ltr'><strong>olim</strong></span> <span class='ocrx_word' id='word_1_47' title='bbox 435 782 544 844; x_wconf 86' lang='lat' dir='ltr'><strong>prore</strong></span> <span class='ocrx_word' id='word_1_48' title='bbox 559 758 694 825; x_wconf 76' lang='lat' dir='ltr'><strong>tollebas</strong></span> <span class='ocrx_word' id='word_1_49' title='bbox 708 771 776 839; x_wconf 87' lang='lat' dir='ltr'><strong>tua,</strong></span> 
     </span>
    </p>
   </div>
   <div class='ocr_carea' id='block_1_3' title="bbox 43 852 881 1025">
    <p class='ocr_par' dir='ltr' id='par_1_7' title="bbox 43 852 881 1025">
     <span class='ocr_line' id='line_1_8' title="bbox 88 852 881 941; baseline 0.009 -24"><span class='ocrx_word' id='word_1_50' title='bbox 88 852 194 925; x_wconf 86' lang='lat' dir='ltr'><strong>Quod</strong></span> <span class='ocrx_word' id='word_1_51' title='bbox 209 856 287 920; x_wconf 85' lang='lat' dir='ltr'><strong>satis</strong></span> <span class='ocrx_word' id='word_1_52' title='bbox 302 858 441 941; x_wconf 87' lang='lat' dir='ltr'><strong>putabas</strong></span> <span class='ocrx_word' id='word_1_53' title='bbox 455 869 511 923; x_wconf 88' lang='lat' dir='ltr'><strong>tua</strong></span> <span class='ocrx_word' id='word_1_54' title='bbox 525 860 610 923; x_wconf 88' lang='lat' dir='ltr'><strong>bona</strong></span> <span class='ocrx_word' id='word_1_55' title='bbox 623 859 780 924; x_wconf 87' lang='lat' dir='ltr'><strong>ambobus</strong></span> <span class='ocrx_word' id='word_1_56' title='bbox 794 859 881 939; x_wconf 76' lang='lat' dir='ltr'><strong>fore:</strong></span> 
     </span>
     <span class='ocr_line' id='line_1_9' title="bbox 43 950 753 1025; baseline 0.02 -15"><span class='ocrx_word' id='word_1_57' title='bbox 43 962 76 1008; x_wconf 78' lang='lat' dir='ltr'><strong>at</strong></span> <span class='ocrx_word' id='word_1_58' title='bbox 90 950 143 1015; x_wconf 90' lang='lat' dir='ltr'><strong>Et</strong></span> <span class='ocrx_word' id='word_1_59' title='bbox 157 963 289 1018; x_wconf 87' lang='lat' dir='ltr'><strong>metum</strong></span> <span class='ocrx_word' id='word_1_60' title='bbox 304 976 437 1020; x_wconf 86' lang='lat' dir='ltr'><strong>uxorem</strong></span> <span class='ocrx_word' id='word_1_61' title='bbox 451 956 617 1021; x_wconf 79' lang='lat' dir='ltr'><strong>credidisti</strong></span> <span class='ocrx_word' id='word_1_62' title='bbox 631 958 753 1025; x_wconf 89' lang='lat' dir='ltr'><strong>scilicet</strong></span> 
     </span>
    </p>
   </div>
   <div class='ocr_carea' id='block_1_4' title="bbox 86 1048 1037 1143">
    <p class='ocr_par' dir='ltr' id='par_1_8' title="bbox 86 1048 1037 1143">
     <span class='ocr_line' id='line_1_10' title="bbox 86 1048 1037 1143; baseline 0.014 -30"><span class='ocrx_word' id='word_1_63' title='bbox 86 1048 294 1116; x_wconf 89' lang='lat' dir='ltr'><strong>Ductnrum:</strong></span> <span class='ocrx_word' id='word_1_64' title='bbox 317 1055 452 1119; x_wconf 90' lang='lat' dir='ltr'><strong>eandem</strong></span> <span class='ocrx_word' id='word_1_65' title='bbox 465 1053 550 1119; x_wconf 89' lang='lat' dir='ltr'><strong>illam</strong></span> <span class='ocrx_word' id='word_1_66' title='bbox 564 1060 719 1123; x_wconf 89' lang='lat' dir='ltr'><strong>rationem</strong></span> <span class='ocrx_word' id='word_1_67' title='bbox 733 1060 895 1143; x_wconf 88' lang='lat' dir='ltr'><strong>antiquam</strong></span> <span class='ocrx_word' id='word_1_68' title='bbox 911 1060 1037 1125; x_wconf 87' lang='lat' dir='ltr'><strong>obtine:</strong></span> 
     </span>
    </p>
   </div>
   <div class='ocr_carea' id='block_1_5' title="bbox 86 1147 930 1337">
    <p class='ocr_par' dir='ltr' id='par_1_9' title="bbox 86 1147 930 1337">
     <span class='ocr_line' id='line_1_11' title="bbox 86 1147 930 1243; baseline 0.011 -31"><span class='ocrx_word' id='word_1_69' title='bbox 86 1147 267 1229; x_wconf 81' lang='lat' dir='ltr'><strong>conserve,</strong></span> <span class='ocrx_word' id='word_1_70' title='bbox 283 1174 404 1235; x_wconf 83' lang='lat' dir='ltr'><strong>quaere,</strong></span> <span class='ocrx_word' id='word_1_71' title='bbox 417 1175 533 1239; x_wconf 89' lang='lat' dir='ltr'><strong>parce:</strong></span> <span class='ocrx_word' id='word_1_72' title='bbox 557 1155 608 1220; x_wconf 88' lang='lat' dir='ltr'><strong>fac</strong></span> <span class='ocrx_word' id='word_1_73' title='bbox 622 1155 889 1243; x_wconf 88' lang='lat' dir='ltr'><strong>quamplurimum</strong></span> <span class='ocrx_word' id='word_1_74' title='bbox 928 1196 930 1199; x_wconf 94' lang='lat'>-</span> 
     </span>
     <span class='ocr_line' id='line_1_12' title="bbox 86 1246 798 1337; baseline 0.013 -26"><span class='ocrx_word' id='word_1_75' title='bbox 86 1246 159 1312; x_wconf 87' lang='lat' dir='ltr'><strong>Illis</strong></span> <span class='ocrx_word' id='word_1_76' title='bbox 172 1248 349 1335; x_wconf 78' lang='lat' dir='ltr'><strong>relinquas:</strong></span> <span class='ocrx_word' id='word_1_77' title='bbox 372 1251 506 1337; x_wconf 83' lang='lat' dir='ltr'><strong>gloriam</strong></span> <span class='ocrx_word' id='word_1_78' title='bbox 520 1264 557 1317; x_wconf 91' lang='lat' dir='ltr'><strong>tu</strong></span> <span class='ocrx_word' id='word_1_79' title='bbox 571 1254 664 1319; x_wconf 85' lang='lat' dir='ltr'><strong>istam</strong></span> <span class='ocrx_word' id='word_1_80' title='bbox 678 1256 798 1321; x_wconf 89' lang='lat' dir='ltr'><strong>obtine.</strong></span> 
     </span>
    </p>
   </div>
   <div class='ocr_carea' id='block_1_6' title="bbox 45 1344 1093 1931">
    <p class='ocr_par' dir='ltr' id='par_1_10' title="bbox 45 1344 1093 1931">
     <span class='ocr_line' id='line_1_13' title="bbox 87 1344 920 1436; baseline 0.01 -25"><span class='ocrx_word' id='word_1_81' title='bbox 87 1344 183 1425; x_wconf 83' lang='lat' dir='ltr'><strong>Mes,</strong></span> <span class='ocrx_word' id='word_1_82' title='bbox 199 1370 273 1435; x_wconf 82' lang='lat' dir='ltr'><strong>que:</strong></span> <span class='ocrx_word' id='word_1_83' title='bbox 287 1360 408 1435; x_wconf 70' lang='lat' dir='ltr'><strong>praeter</strong></span> <span class='ocrx_word' id='word_1_84' title='bbox 422 1374 513 1436; x_wconf 90' lang='lat' dir='ltr'><strong>spem</strong></span> <span class='ocrx_word' id='word_1_85' title='bbox 528 1375 675 1433; x_wconf 90' lang='lat' dir='ltr'><strong>evenere,</strong></span> <span class='ocrx_word' id='word_1_86' title='bbox 691 1366 823 1419; x_wconf 88' lang='lat' dir='ltr'><strong>utantur</strong></span> <span class='ocrx_word' id='word_1_87' title='bbox 838 1354 920 1419; x_wconf 89' lang='lat' dir='ltr'><strong>sine:</strong></span> 
     </span>
     <span class='ocr_line' id='line_1_14' title="bbox 45 1444 943 1536; baseline 0.007 -26"><span class='ocrx_word' id='word_1_88' title='bbox 45 1456 77 1502; x_wconf 77' lang='lat'><strong>³⁰</strong></span> <span class='ocrx_word' id='word_1_89' title='bbox 87 1444 147 1510; x_wconf 86' lang='lat' dir='ltr'><strong>De</strong></span> <span class='ocrx_word' id='word_1_90' title='bbox 162 1469 285 1512; x_wconf 91' lang='lat' dir='ltr'><strong>summa</strong></span> <span class='ocrx_word' id='word_1_91' title='bbox 298 1447 377 1512; x_wconf 89' lang='lat' dir='ltr'><strong>nihil</strong></span> <span class='ocrx_word' id='word_1_92' title='bbox 391 1450 545 1516; x_wconf 87' lang='lat' dir='ltr'><strong>decedet:</strong></span> <span class='ocrx_word' id='word_1_93' title='bbox 568 1452 656 1536; x_wconf 90' lang='lat' dir='ltr'><strong>quod</strong></span> <span class='ocrx_word' id='word_1_94' title='bbox 671 1452 746 1517; x_wconf 90' lang='lat' dir='ltr'><strong>hinc</strong></span> <span class='ocrx_word' id='word_1_95' title='bbox 761 1452 943 1530; x_wconf 88' lang='lat' dir='ltr'><strong>accesserit,</strong></span> 
     </span>
     <span class='ocr_line' id='line_1_15' title="bbox 87 1543 870 1632; baseline 0.009 -24"><span class='ocrx_word' id='word_1_96' title='bbox 87 1543 129 1608; x_wconf 93' lang='lat' dir='ltr'><strong>ld</strong></span> <span class='ocrx_word' id='word_1_97' title='bbox 146 1546 188 1610; x_wconf 92' lang='lat' dir='ltr'><strong>de</strong></span> <span class='ocrx_word' id='word_1_98' title='bbox 203 1545 293 1611; x_wconf 92' lang='lat' dir='ltr'><strong>lucro</strong></span> <span class='ocrx_word' id='word_1_99' title='bbox 307 1558 421 1632; x_wconf 86' lang='lat' dir='ltr'><strong>putato</strong></span> <span class='ocrx_word' id='word_1_100' title='bbox 435 1572 507 1613; x_wconf 90' lang='lat' dir='ltr'><strong>esse</strong></span> <span class='ocrx_word' id='word_1_101' title='bbox 523 1572 634 1615; x_wconf 89' lang='lat' dir='ltr'><strong>omne:</strong></span> <span class='ocrx_word' id='word_1_102' title='bbox 655 1549 727 1615; x_wconf 90' lang='lat' dir='ltr'><strong>haec</strong></span> <span class='ocrx_word' id='word_1_103' title='bbox 743 1552 770 1615; x_wconf 87' lang='lat' dir='ltr'><strong>si</strong></span> <span class='ocrx_word' id='word_1_104' title='bbox 783 1549 870 1615; x_wconf 76' lang='lat' dir='ltr'><strong>voles</strong></span> 
     </span>
     <span class='ocr_line' id='line_1_16' title="bbox 86 1642 660 1732; baseline 0.012 -26"><span class='ocrx_word' id='word_1_105' title='bbox 86 1642 129 1707; x_wconf 91' lang='lat' dir='ltr'><strong>In</strong></span> <span class='ocrx_word' id='word_1_106' title='bbox 143 1645 251 1709; x_wconf 80' lang='lat' dir='ltr'><strong>animo</strong></span> <span class='ocrx_word' id='word_1_107' title='bbox 264 1668 339 1711; x_wconf 90' lang='lat' dir='ltr'><strong>vere</strong></span> <span class='ocrx_word' id='word_1_108' title='bbox 353 1648 507 1732; x_wconf 85' lang='lat' dir='ltr'><strong>cogitare,</strong></span> <span class='ocrx_word' id='word_1_109' title='bbox 523 1648 660 1726; x_wconf 89' lang='lat' dir='ltr'><strong>Demea,</strong></span> 
     </span>
     <span class='ocr_line' id='line_1_17' title="bbox 87 1742 869 1824; baseline 0.005 -17"><span class='ocrx_word' id='word_1_110' title='bbox 87 1742 137 1807; x_wconf 85' lang='lat' dir='ltr'><strong>Et</strong></span> <span class='ocrx_word' id='word_1_111' title='bbox 150 1744 240 1822; x_wconf 89' lang='lat' dir='ltr'><strong>mihi,</strong></span> <span class='ocrx_word' id='word_1_112' title='bbox 256 1756 290 1809; x_wconf 92' lang='lat' dir='ltr'><strong>et</strong></span> <span class='ocrx_word' id='word_1_113' title='bbox 304 1746 373 1824; x_wconf 91' lang='lat' dir='ltr'><strong>tibi,</strong></span> <span class='ocrx_word' id='word_1_114' title='bbox 389 1758 423 1811; x_wconf 88' lang='lat' dir='ltr'><strong>et</strong></span> <span class='ocrx_word' id='word_1_115' title='bbox 436 1744 498 1811; x_wconf 91' lang='lat' dir='ltr'><strong>illis</strong></span> <span class='ocrx_word' id='word_1_116' title='bbox 513 1749 668 1813; x_wconf 86' lang='lat' dir='ltr'><strong>demseris</strong></span> <span class='ocrx_word' id='word_1_117' title='bbox 682 1745 869 1812; x_wconf 90' lang='lat' dir='ltr'><strong>molestiam.</strong></span> 
     </span>
     <span class='ocr_line' id='line_1_18' title="bbox 88 1840 1093 1931; baseline 0.006 -26"><span class='ocrx_word' id='word_1_118' title='bbox 88 1840 159 1908; x_wconf 82' lang='lat' dir='ltr'><strong>Dn.</strong></span> <span class='ocrx_word' id='word_1_119' title='bbox 177 1843 278 1908; x_wconf 90' lang='lat' dir='ltr'><strong>Mitto</strong></span> <span class='ocrx_word' id='word_1_120' title='bbox 292 1868 377 1909; x_wconf 89' lang='lat' dir='ltr'><strong>rem:</strong></span> <span class='ocrx_word' id='word_1_121' title='bbox 401 1847 666 1912; x_wconf 89' lang='lat' dir='ltr'><strong>consuetudinem</strong></span> <span class='ocrx_word' id='word_1_122' title='bbox 680 1847 834 1931; x_wconf 90' lang='lat' dir='ltr'><strong>ipsorum.</strong></span> <span class='ocrx_word' id='word_1_123' title='bbox 874 1845 938 1911; x_wconf 89' lang='grc' dir='ltr'><strong>Μι.</strong></span> <span class='ocrx_word' id='word_1_124' title='bbox 976 1843 1093 1925; x_wconf 75' lang='lat' dir='ltr'><strong>Mane:</strong></span> 
     </span>
    </p>
   </div>
   <div class='ocr_carea' id='block_1_7' title="bbox 48 1991 1257 4135">
    <p class='ocr_par' dir='ltr' id='par_1_11' title="bbox 48 1991 1257 3423">
     <span class='ocr_line' id='line_1_19' title="bbox 48 1991 1193 2063; baseline 0.006 -23"><span class='ocrx_word' id='word_1_125' title='bbox 48 1991 210 2059; x_wconf 83' lang='lat' dir='ltr'><strong>interponunt</strong></span> <span class='ocrx_word' id='word_1_126' title='bbox 225 1996 349 2044; x_wconf 85' lang='lat' dir='ltr'><strong>Demeam.</strong></span> <span class='ocrx_word' id='word_1_127' title='bbox 378 1996 516 2061; x_wconf 81' lang='lat' dir='ltr'><strong>Utrumque</strong></span> <span class='ocrx_word' id='word_1_128' title='bbox 532 1997 568 2047; x_wconf 86' lang='lat' dir='ltr'><strong>its</strong></span> <span class='ocrx_word' id='word_1_129' title='bbox 580 2014 607 2047; x_wconf 88' lang='lat' dir='ltr'><strong>se</strong></span> <span class='ocrx_word' id='word_1_130' title='bbox 638 1997 767 2062; x_wconf 84' lang='lat' dir='ltr'><strong>proposuit</strong></span> <span class='ocrx_word' id='word_1_131' title='bbox 782 1997 928 2046; x_wconf 79' lang='lat' dir='ltr'><strong>nutritorum</strong></span> <span class='ocrx_word' id='word_1_132' title='bbox 941 1998 1138 2047; x_wconf 84' lang='lat' dir='ltr'><strong>cousuetudinem</strong></span> <span class='ocrx_word' id='word_1_133' title='bbox 1155 1998 1193 2063; x_wconf 89' lang='lat' dir='ltr'><strong>ip·</strong></span> 
     </span>
     <span class='ocr_line' id='line_1_20' title="bbox 48 2055 1193 2127; baseline 0.004 -21"><span class='ocrx_word' id='word_1_134' title='bbox 48 2060 244 2118; x_wconf 65' lang='lat' dir='ltr'><strong>commendato:</strong></span> <span class='ocrx_word' id='word_1_135' title='bbox 252 2062 345 2109; x_wconf 77' lang='lat' dir='ltr'><strong>nescim</strong></span> <span class='ocrx_word' id='word_1_136' title='bbox 353 2071 435 2110; x_wconf 86' lang='lat' dir='ltr'><strong>utrmn</strong></span> <span class='ocrx_word' id='word_1_137' title='bbox 444 2063 564 2127; x_wconf 73' lang='lat' dir='ltr'><strong>preterea.</strong></span> <span class='ocrx_word' id='word_1_138' title='bbox 577 2063 607 2114; x_wconf 86' lang='lat' dir='ltr'><strong>B.</strong></span> <span class='ocrx_word' id='word_1_139' title='bbox 639 2078 728 2111; x_wconf 75' lang='lat' dir='ltr'><strong>nortun.</strong></span> <span class='ocrx_word' id='word_1_140' title='bbox 764 2063 818 2111; x_wconf 86' lang='lat' dir='ltr'><strong>Hoc</strong></span> <span class='ocrx_word' id='word_1_141' title='bbox 838 2072 955 2125; x_wconf 80' lang='lat' dir='ltr'><strong>purgetur</strong></span> <span class='ocrx_word' id='word_1_142' title='bbox 975 2061 1016 2120; x_wconf 86' lang='lat' dir='ltr'><strong>its,</strong></span> <span class='ocrx_word' id='word_1_143' title='bbox 1037 2055 1101 2125; x_wconf 77' lang='lat' dir='ltr'><strong>q¹uod</strong></span> <span class='ocrx_word' id='word_1_144' title='bbox 1122 2072 1193 2111; x_wconf 74' lang='lat' dir='ltr'><strong>etate</strong></span> 
     </span>
     <span class='ocr_line' id='line_1_21' title="bbox 80 2118 1193 2203; baseline 0.004 -32"><span class='ocrx_word' id='word_1_145' title='bbox 80 2126 117 2172; x_wconf 81' lang='lat' dir='ltr'><strong>to.</strong></span> <span class='ocrx_word' id='word_1_146' title='bbox 140 2128 337 2175; x_wconf 67' lang='lat' dir='ltr'><strong>Commeatum</strong></span> <span class='ocrx_word' id='word_1_147' title='bbox 357 2130 478 2175; x_wconf 74' lang='lat' dir='ltr'><strong>amicorum</strong></span> <span class='ocrx_word' id='word_1_148' title='bbox 501 2131 562 2176; x_wconf 78' lang='lat' dir='ltr'><strong>tuter</strong></span> <span class='ocrx_word' id='word_1_149' title='bbox 583 2144 607 2177; x_wconf 81' lang='lat' dir='ltr'><strong>se</strong></span> <span class='ocrx_word' id='word_1_150' title='bbox 638 2118 687 2176; x_wconf 71' lang='lat' dir='ltr'><strong>i&#39;sta</strong></span> <span class='ocrx_word' id='word_1_151' title='bbox 697 2126 794 2185; x_wconf 75' lang='lat' dir='ltr'><strong>facient,</strong></span> <span class='ocrx_word' id='word_1_152' title='bbox 802 2138 827 2175; x_wconf 86' lang='lat' dir='ltr'><strong>et</strong></span> <span class='ocrx_word' id='word_1_153' title='bbox 837 2126 907 2175; x_wconf 79' lang='lat' dir='ltr'><strong>facile</strong></span> <span class='ocrx_word' id='word_1_154' title='bbox 917 2126 993 2190; x_wconf 87' lang='lat' dir='ltr'><strong>possit</strong></span> <span class='ocrx_word' id='word_1_155' title='bbox 1003 2127 1193 2203; x_wconf 66' lang='lat' dir='ltr'><strong>corriperecum</strong></span> 
     </span>
     <span class='ocr_line' id='line_1_22' title="bbox 49 2188 1192 2255; baseline 0.003 -18"><span class='ocrx_word' id='word_1_156' title='bbox 49 2188 134 2252; x_wconf 70' lang='lat' dir='ltr'><strong>msto]</strong></span> <span class='ocrx_word' id='word_1_157' title='bbox 154 2190 225 2239; x_wconf 86' lang='lat' dir='ltr'><strong>luter</strong></span> <span class='ocrx_word' id='word_1_158' title='bbox 243 2192 407 2255; x_wconf 74' lang='lat' dir='ltr'><strong>Pythagoreos</strong></span> <span class='ocrx_word' id='word_1_159' title='bbox 418 2202 498 2240; x_wconf 85' lang='lat' dir='ltr'><strong>ortum</strong></span> <span class='ocrx_word' id='word_1_160' title='bbox 510 2192 607 2254; x_wconf 80' lang='lat' dir='ltr'><strong>dicitur.</strong></span> <span class='ocrx_word' id='word_1_161' title='bbox 639 2193 670 2241; x_wconf 86' lang='lat' dir='ltr'><strong>sd</strong></span> <span class='ocrx_word' id='word_1_162' title='bbox 687 2192 851 2241; x_wconf 81' lang='lat' dir='ltr'><strong>maturitatem</strong></span> <span class='ocrx_word' id='word_1_163' title='bbox 868 2192 946 2239; x_wconf 68' lang='lat' dir='ltr'><strong>mstis</strong></span> <span class='ocrx_word' id='word_1_164' title='bbox 962 2202 1089 2240; x_wconf 70' lang='lat' dir='ltr'><strong>occesserit</strong></span> <span class='ocrx_word' id='word_1_165' title='bbox 1105 2193 1192 2255; x_wconf 79' lang='lat' dir='ltr'><strong>(occes-</strong></span> 
     </span>
     <span class='ocr_line' id='line_1_23' title="bbox 50 2253 1193 2319; baseline 0.004 -19"><span class='ocrx_word' id='word_1_166' title='bbox 50 2253 607 2319; x_wconf 74' lang='lat' dir='ltr'><strong>D.—Gomsnioesssomtcorum]llalcltusde&#39;</strong></span> <span class='ocrx_word' id='word_1_167' title='bbox 637 2274 686 2305; x_wconf 71' lang='lat' dir='ltr'><strong>suot</strong></span> <span class='ocrx_word' id='word_1_168' title='bbox 701 2260 751 2305; x_wconf 80' lang='lat' dir='ltr'><strong>sit:</strong></span> <span class='ocrx_word' id='word_1_169' title='bbox 774 2266 816 2305; x_wconf 84' lang='lat' dir='ltr'><strong>sut</strong></span> <span class='ocrx_word' id='word_1_170' title='bbox 831 2260 967 2307; x_wconf 71' lang='lat' dir='ltr'><strong>messuerint</strong></span> <span class='ocrx_word' id='word_1_171' title='bbox 985 2255 1032 2319; x_wconf 89' lang='lat' dir='ltr'><strong>Z.).</strong></span> <span class='ocrx_word' id='word_1_172' title='bbox 1061 2257 1155 2305; x_wconf 71' lang='lat' dir='ltr'><strong>tt-nt</strong></span> <span class='ocrx_word' id='word_1_173' title='bbox 1170 2265 1193 2305; x_wconf 82' lang='lat' dir='ltr'><strong>ts</strong></span> 
     </span>
     <span class='ocr_line' id='line_1_24' title="bbox 50 2316 1192 2386; baseline 0.003 -19"><span class='ocrx_word' id='word_1_174' title='bbox 50 2316 202 2384; x_wconf 66' lang='lat' dir='ltr'><strong>Pythagora:</strong></span> <span class='ocrx_word' id='word_1_175' title='bbox 225 2319 283 2369; x_wconf 76' lang='lat' dir='ltr'><strong>roim</strong></span> <span class='ocrx_word' id='word_1_176' title='bbox 304 2320 330 2370; x_wconf 75' lang='lat' dir='ltr'><strong>di</strong></span> <span class='ocrx_word' id='word_1_177' title='bbox 352 2320 437 2383; x_wconf 73' lang='grc' dir='ltr'>φίλους</span> <span class='ocrx_word' id='word_1_178' title='bbox 458 2319 605 2385; x_wconf 55' lang='grc' dir='ltr'><strong>ὑπερηγάπα,</strong></span> <span class='ocrx_word' id='word_1_179' title='bbox 637 2322 736 2386; x_wconf 74' lang='lat' dir='ltr'><strong>mordet]</strong></span> <span class='ocrx_word' id='word_1_180' title='bbox 744 2321 1050 2385; x_wconf 60' lang='lat' dir='ltr'><strong>SicGraeciquoquestoW</strong></span> <span class='ocrx_word' id='word_1_181' title='bbox 1058 2319 1192 2382; x_wconf 71' lang='lat' dir='ltr'><strong>dulddttvst.</strong></span> 
     </span>
     <span class='ocr_line' id='line_1_25' title="bbox 50 2383 668 2449; baseline 0.006 -17"><span class='ocrx_word' id='word_1_182' title='bbox 50 2383 169 2445; x_wconf 64' lang='grc' dir='ltr'><strong>κοινᾶμὲν</strong></span> <span class='ocrx_word' id='word_1_183' title='bbox 179 2384 212 2433; x_wconf 71' lang='grc' dir='ltr'><strong>τὰ</strong></span> <span class='ocrx_word' id='word_1_184' title='bbox 221 2388 270 2433; x_wconf 72' lang='grc' dir='ltr'><strong>τᾶν</strong></span> <span class='ocrx_word' id='word_1_185' title='bbox 280 2384 428 2447; x_wconf 56' lang='lat' dir='ltr'><strong>phoreim</strong></span> <span class='ocrx_word' id='word_1_186' title='bbox 440 2390 533 2449; x_wconf 67' lang='lat' dir='ltr'><strong>spinos</strong></span> <span class='ocrx_word' id='word_1_187' title='bbox 547 2387 605 2436; x_wconf 71' lang='lat' dir='ltr'><strong>&amp;to-</strong></span> <span class='ocrx_word' id='word_1_188' title='bbox 638 2387 668 2435; x_wconf 83' lang='lat' dir='ltr'><strong>L.</strong></span> 
     </span>
     <span class='ocr_line' id='line_1_26' title="bbox 51 2445 1193 2515; baseline 0.003 -17"><span class='ocrx_word' id='word_1_189' title='bbox 51 2445 196 2508; x_wconf 57' lang='lat' dir='ltr'><strong>mrtem:</strong></span> <span class='ocrx_word' id='word_1_190' title='bbox 226 2450 370 2515; x_wconf 83' lang='lat' dir='ltr'><strong>Hieronym.</strong></span> <span class='ocrx_word' id='word_1_191' title='bbox 400 2452 493 2500; x_wconf 81' lang='lat' dir='ltr'><strong>advers.</strong></span> <span class='ocrx_word' id='word_1_192' title='bbox 521 2451 605 2501; x_wconf 82' lang='lat' dir='ltr'><strong>Rufio.</strong></span> <span class='ocrx_word' id='word_1_193' title='bbox 670 2454 709 2499; x_wconf 80' lang='lat'><strong>22</strong></span> <span class='ocrx_word' id='word_1_194' title='bbox 731 2449 823 2513; x_wconf 75' lang='lat' dir='ltr'><strong>Quoto]</strong></span> <span class='ocrx_word' id='word_1_195' title='bbox 848 2450 923 2500; x_wconf 86' lang='lat' dir='ltr'><strong>Modo</strong></span> <span class='ocrx_word' id='word_1_196' title='bbox 945 2451 1132 2515; x_wconf 73' lang='lat' dir='ltr'><strong>objurgatorium</strong></span> <span class='ocrx_word' id='word_1_197' title='bbox 1156 2460 1193 2501; x_wconf 87' lang='lat' dir='ltr'><strong>est</strong></span> 
     </span>
     <span class='ocr_line' id='line_1_27' title="bbox 51 2514 1192 2579; baseline 0.003 -17"><span class='ocrx_word' id='word_1_198' title='bbox 51 2514 206 2577; x_wconf 62' lang='lat' dir='ltr'><strong>Pythagor-teo</strong></span> <span class='ocrx_word' id='word_1_199' title='bbox 224 2524 249 2563; x_wconf 80' lang='lat' dir='ltr'><strong>et</strong></span> <span class='ocrx_word' id='word_1_200' title='bbox 268 2519 310 2563; x_wconf 75' lang='lat' dir='ltr'><strong>tto</strong></span> <span class='ocrx_word' id='word_1_201' title='bbox 327 2525 442 2577; x_wconf 68' lang='lat' dir='ltr'><strong>precepta</strong></span> <span class='ocrx_word' id='word_1_202' title='bbox 460 2526 520 2574; x_wconf 81' lang='lat' dir='ltr'><strong>sust,</strong></span> <span class='ocrx_word' id='word_1_203' title='bbox 538 2520 604 2565; x_wconf 78' lang='lat' dir='ltr'><strong>Assi-</strong></span> <span class='ocrx_word' id='word_1_204' title='bbox 636 2533 718 2579; x_wconf 75' lang='lat' dir='ltr'><strong>qum</strong></span> <span class='ocrx_word' id='word_1_205' title='bbox 736 2515 885 2566; x_wconf 81' lang='lat' dir='ltr'><strong>D.-Nostri</strong></span> <span class='ocrx_word' id='word_1_206' title='bbox 899 2514 1048 2578; x_wconf 56' lang='lat' dir='ltr'><strong>socttoltaem</strong></span> <span class='ocrx_word' id='word_1_207' title='bbox 1065 2516 1192 2565; x_wconf 85' lang='lat' dir='ltr'><strong>sedBem-</strong></span> 
     </span>
     <span class='ocr_line' id='line_1_28' title="bbox 51 2552 1219 2646; baseline 0.003 -19"><span class='ocrx_word' id='word_1_208' title='bbox 51 2593 122 2627; x_wconf 75' lang='lat' dir='ltr'><strong>eom</strong></span> <span class='ocrx_word' id='word_1_209' title='bbox 141 2583 219 2628; x_wconf 75' lang='lat' dir='ltr'><strong>mio</strong></span> <span class='ocrx_word' id='word_1_210' title='bbox 237 2588 290 2629; x_wconf 68' lang='lat' dir='ltr'><strong>mut</strong></span> <span class='ocrx_word' id='word_1_211' title='bbox 307 2584 447 2637; x_wconf 70' lang='lat' dir='ltr'><strong>mosaic,-</strong></span> <span class='ocrx_word' id='word_1_212' title='bbox 467 2582 559 2630; x_wconf 83' lang='lat' dir='ltr'><strong>Seneca</strong></span> <span class='ocrx_word' id='word_1_213' title='bbox 575 2581 605 2631; x_wconf 91' lang='lat' dir='ltr'><strong>de</strong></span> <span class='ocrx_word' id='word_1_214' title='bbox 636 2581 709 2630; x_wconf 89' lang='lat' dir='ltr'><strong>binus</strong></span> <span class='ocrx_word' id='word_1_215' title='bbox 720 2582 847 2646; x_wconf 77' lang='lat' dir='ltr'><strong>hoesoctto.</strong></span> <span class='ocrx_word' id='word_1_216' title='bbox 868 2552 896 2629; x_wconf 70' lang='lat' dir='ltr'><strong>Bt</strong></span> <span class='ocrx_word' id='word_1_217' title='bbox 1217 2614 1219 2619; x_wconf 55' lang='lat'>=</span> 
     </span>
     <span class='ocr_line' id='line_1_29' title="bbox 53 2641 1192 2758; baseline 0.004 -68"><span class='ocrx_word' id='word_1_218' title='bbox 53 2641 131 2692; x_wconf 74' lang='lat' dir='ltr'><strong>Benei</strong></span> <span class='ocrx_word' id='word_1_219' title='bbox 143 2644 187 2692; x_wconf 79' lang='lat' dir='ltr'><strong>vit</strong></span> <span class='ocrx_word' id='word_1_220' title='bbox 203 2646 239 2692; x_wconf 80' lang='lat'><strong>14.</strong></span> <span class='ocrx_word' id='word_1_221' title='bbox 265 2648 305 2694; x_wconf 82' lang='lat' dir='ltr'><strong>Me</strong></span> <span class='ocrx_word' id='word_1_222' title='bbox 321 2650 415 2695; x_wconf 80' lang='lat' dir='ltr'><strong>scitust</strong></span> <span class='ocrx_word' id='word_1_223' title='bbox 431 2648 552 2694; x_wconf 74' lang='lat' dir='ltr'><strong>demicte</strong></span> <span class='ocrx_word' id='word_1_224' title='bbox 567 2650 603 2695; x_wconf 79' lang='lat' dir='ltr'><strong>in·</strong></span> <span class='ocrx_word' id='word_1_225' title='bbox 669 2648 708 2694; x_wconf 75' lang='lat'><strong>23.</strong></span> <span class='ocrx_word' id='word_1_226' title='bbox 720 2645 767 2695; x_wconf 80' lang='lat' dir='ltr'><strong>Pro</strong></span> <span class='ocrx_word' id='word_1_227' title='bbox 777 2664 803 2695; x_wconf 78' lang='lat' dir='ltr'><strong>re</strong></span> <span class='ocrx_word' id='word_1_228' title='bbox 814 2648 907 2695; x_wconf 78' lang='lat' dir='ltr'><strong>tollebas</strong></span> <span class='ocrx_word' id='word_1_229' title='bbox 918 2643 971 2707; x_wconf 78' lang='lat' dir='ltr'><strong>tea]</strong></span> <span class='ocrx_word' id='word_1_230' title='bbox 989 2646 1037 2694; x_wconf 87' lang='lat' dir='ltr'><strong>Pro</strong></span> <span class='ocrx_word' id='word_1_231' title='bbox 1051 2645 1192 2758; x_wconf 64' lang='lat' dir='ltr'><strong>patrimonii</strong></span> 
     </span>
     <span class='ocr_line' id='line_1_30' title="bbox 51 2709 1193 2774; baseline 0.003 -18"><span class='ocrx_word' id='word_1_232' title='bbox 51 2712 182 2770; x_wconf 62' lang='lat' dir='ltr'><strong>mors:</strong></span> <span class='ocrx_word' id='word_1_233' title='bbox 198 2713 272 2758; x_wconf 72' lang='lat' dir='ltr'><strong>mia</strong></span> <span class='ocrx_word' id='word_1_234' title='bbox 288 2714 367 2759; x_wconf 71' lang='lat' dir='ltr'><strong>dicitis</strong></span> <span class='ocrx_word' id='word_1_235' title='bbox 382 2713 430 2759; x_wconf 74' lang='lat' dir='ltr'><strong>:tto</strong></span> <span class='ocrx_word' id='word_1_236' title='bbox 445 2727 493 2760; x_wconf 79' lang='lat' dir='ltr'><strong>sus</strong></span> <span class='ocrx_word' id='word_1_237' title='bbox 508 2728 604 2759; x_wconf 71' lang='lat' dir='ltr'><strong>comos-</strong></span> <span class='ocrx_word' id='word_1_238' title='bbox 637 2710 674 2759; x_wconf 87' lang='lat' dir='ltr'><strong>tui</strong></span> <span class='ocrx_word' id='word_1_239' title='bbox 692 2710 815 2774; x_wconf 82' lang='lat' dir='ltr'><strong>qualitate.</strong></span> <span class='ocrx_word' id='word_1_240' title='bbox 837 2709 1036 2760; x_wconf 85' lang='lat' dir='ltr'><strong>D.-Betnbinus</strong></span> <span class='ocrx_word' id='word_1_241' title='bbox 1074 2712 1130 2759; x_wconf 85' lang='lat' dir='ltr'><strong>abet</strong></span> <span class='ocrx_word' id='word_1_242' title='bbox 1148 2714 1193 2759; x_wconf 81' lang='lat' dir='ltr'><strong>duo</strong></span> 
     </span>
     <span class='ocr_line' id='line_1_31' title="bbox 50 2774 1191 2838; baseline 0.004 -18"><span class='ocrx_word' id='word_1_243' title='bbox 50 2774 87 2819; x_wconf 77' lang='lat' dir='ltr'><strong>sio</strong></span> <span class='ocrx_word' id='word_1_244' title='bbox 92 2791 101 2827; x_wconf 86' lang='grc'><strong>,·</strong></span> <span class='ocrx_word' id='word_1_245' title='bbox 116 2791 174 2837; x_wconf 83' lang='lat' dir='ltr'><strong>ergo</strong></span> <span class='ocrx_word' id='word_1_246' title='bbox 183 2791 246 2822; x_wconf 80' lang='lat' dir='ltr'><strong>serto</strong></span> <span class='ocrx_word' id='word_1_247' title='bbox 256 2779 374 2838; x_wconf 74' lang='lat' dir='ltr'><strong>quicquan:</strong></span> <span class='ocrx_word' id='word_1_248' title='bbox 383 2778 455 2824; x_wconf 75' lang='lat' dir='ltr'><strong>amico</strong></span> <span class='ocrx_word' id='word_1_249' title='bbox 461 2780 544 2824; x_wconf 72' lang='lat' dir='ltr'><strong>dom</strong></span> <span class='ocrx_word' id='word_1_250' title='bbox 553 2784 605 2838; x_wconf 77' lang='lat' dir='ltr'><strong>pot·</strong></span> <span class='ocrx_word' id='word_1_251' title='bbox 636 2784 662 2823; x_wconf 85' lang='lat' dir='ltr'><strong>et</strong></span> <span class='ocrx_word' id='word_1_252' title='bbox 672 2778 791 2836; x_wconf 75' lang='lat' dir='ltr'><strong>tolerabas,</strong></span> <span class='ocrx_word' id='word_1_253' title='bbox 801 2776 825 2824; x_wconf 89' lang='lat' dir='ltr'><strong>h.</strong></span> <span class='ocrx_word' id='word_1_254' title='bbox 837 2792 857 2823; x_wconf 90' lang='lat' dir='ltr'><strong>e.</strong></span> <span class='ocrx_word' id='word_1_255' title='bbox 870 2776 1028 2831; x_wconf 73' lang='lat' dir='ltr'><strong>sustentabar,</strong></span> <span class='ocrx_word' id='word_1_256' title='bbox 1037 2774 1124 2824; x_wconf 78' lang='lat' dir='ltr'><strong>clebus.</strong></span> <span class='ocrx_word' id='word_1_257' title='bbox 1142 2776 1191 2824; x_wconf 82' lang='lat' dir='ltr'><strong>Sed</strong></span> 
     </span>
     <span class='ocr_line' id='line_1_32' title="bbox 52 2838 1192 2905; baseline 0.004 -21"><span class='ocrx_word' id='word_1_258' title='bbox 52 2844 89 2883; x_wconf 77' lang='lat' dir='ltr'><strong>ot</strong></span> <span class='ocrx_word' id='word_1_259' title='bbox 117 2838 322 2889; x_wconf 76' lang='lat' dir='ltr'><strong>L-Mensnder</strong></span> <span class='ocrx_word' id='word_1_260' title='bbox 343 2841 408 2905; x_wconf 89' lang='lat' dir='ltr'><strong>apud</strong></span> <span class='ocrx_word' id='word_1_261' title='bbox 431 2841 543 2889; x_wconf 84' lang='lat' dir='ltr'><strong>Suidam:</strong></span> <span class='ocrx_word' id='word_1_262' title='bbox 570 2841 605 2889; x_wconf 74' lang='lat' dir='ltr'><strong>&#39;td</strong></span> <span class='ocrx_word' id='word_1_263' title='bbox 636 2840 713 2889; x_wconf 75' lang='lat' dir='ltr'><strong>nostri</strong></span> <span class='ocrx_word' id='word_1_264' title='bbox 721 2841 789 2889; x_wconf 82' lang='lat' dir='ltr'><strong>codd</strong></span> <span class='ocrx_word' id='word_1_265' title='bbox 805 2850 830 2889; x_wconf 85' lang='lat' dir='ltr'><strong>et</strong></span> <span class='ocrx_word' id='word_1_266' title='bbox 840 2850 898 2889; x_wconf 79' lang='lat' dir='ltr'><strong>vett.</strong></span> <span class='ocrx_word' id='word_1_267' title='bbox 914 2840 1063 2904; x_wconf 75' lang='lat' dir='ltr'><strong>grammatici</strong></span> <span class='ocrx_word' id='word_1_268' title='bbox 1075 2840 1192 2889; x_wconf 81' lang='lat' dir='ltr'><strong>exhibent</strong></span> 
     </span>
     <span class='ocr_line' id='line_1_33' title="bbox 52 2903 1189 2967; baseline 0.005 -19"><span class='ocrx_word' id='word_1_269' title='bbox 52 2903 262 2965; x_wconf 58' lang='lat' dir='ltr'><strong>:hommem</strong></span> <span class='ocrx_word' id='word_1_270' title='bbox 275 2903 546 2967; x_wconf 69' lang='grc' dir='ltr'><strong>οὑμόνοντὲχρήματιι,</strong></span> <span class='ocrx_word' id='word_1_271' title='bbox 559 2905 605 2955; x_wconf 79' lang='lat' dir='ltr'><strong>Kal</strong></span> <span class='ocrx_word' id='word_1_272' title='bbox 636 2908 834 2954; x_wconf 74' lang='lat' dir='ltr'><strong>omnesonetm.</strong></span> <span class='ocrx_word' id='word_1_273' title='bbox 864 2906 928 2954; x_wconf 86' lang='lat' dir='ltr'><strong>Nsm</strong></span> <span class='ocrx_word' id='word_1_274' title='bbox 945 2904 1009 2967; x_wconf 88' lang='lat' dir='ltr'><strong>quod</strong></span> <span class='ocrx_word' id='word_1_275' title='bbox 1025 2904 1134 2955; x_wconf 84' lang='lat' dir='ltr'><strong>Faernus</strong></span> <span class='ocrx_word' id='word_1_276' title='bbox 1149 2920 1189 2954; x_wconf 85' lang='lat' dir='ltr'><strong>ar·</strong></span> 
     </span>
     <span class='ocr_line' id='line_1_34' title="bbox 53 2968 1191 3031; baseline 0.005 -18"><span class='ocrx_word' id='word_1_277' title='bbox 53 2968 91 3013; x_wconf 74' lang='lat' dir='ltr'><strong>nt</strong></span> <span class='ocrx_word' id='word_1_278' title='bbox 98 2986 126 3016; x_wconf 79' lang='grc' dir='ltr'><strong>τε</strong></span> <span class='ocrx_word' id='word_1_279' title='bbox 137 2968 179 3018; x_wconf 78' lang='lat' dir='ltr'><strong>:tol</strong></span> <span class='ocrx_word' id='word_1_280' title='bbox 190 2968 326 3031; x_wconf 70' lang='grc' dir='ltr'><strong><em>φρονήσεως</em></strong></span> <span class='ocrx_word' id='word_1_281' title='bbox 336 2971 449 3019; x_wconf 80' lang='lat' dir='ltr'><strong>sotmls.</strong></span> <span class='ocrx_word' id='word_1_282' title='bbox 475 2971 512 3019; x_wconf 87' lang='lat' dir='ltr'><strong>W.</strong></span> <span class='ocrx_word' id='word_1_283' title='bbox 635 2970 746 3029; x_wconf 83' lang='lat' dir='ltr'><strong>bitratur,</strong></span> <span class='ocrx_word' id='word_1_284' title='bbox 759 2974 852 3020; x_wconf 78' lang='lat' dir='ltr'><strong>tollebat</strong></span> <span class='ocrx_word' id='word_1_285' title='bbox 863 2970 894 3019; x_wconf 86' lang='lat' dir='ltr'><strong>de</strong></span> <span class='ocrx_word' id='word_1_286' title='bbox 905 2969 994 3019; x_wconf 83' lang='lat' dir='ltr'><strong>adultis</strong></span> <span class='ocrx_word' id='word_1_287' title='bbox 1006 2970 1057 3031; x_wconf 78' lang='lat' dir='ltr'><strong>jam</strong></span> <span class='ocrx_word' id='word_1_288' title='bbox 1069 2969 1126 3018; x_wconf 86' lang='lat' dir='ltr'><strong>liliis</strong></span> <span class='ocrx_word' id='word_1_289' title='bbox 1140 2984 1191 3019; x_wconf 87' lang='lat' dir='ltr'><strong>nott</strong></span> 
     </span>
     <span class='ocr_line' id='line_1_35' title="bbox 83 3033 1257 3100; baseline 0.004 -21"><span class='ocrx_word' id='word_1_290' title='bbox 83 3033 216 3083; x_wconf 56' lang='lat' dir='ltr'><strong>12me</strong></span> <span class='ocrx_word' id='word_1_291' title='bbox 225 3038 605 3084; x_wconf 71' lang='lat' dir='ltr'><strong>semdemuntstaeenatnorctr&#39;o</strong></span> <span class='ocrx_word' id='word_1_292' title='bbox 635 3035 734 3100; x_wconf 86' lang='lat' dir='ltr'><strong>proprie</strong></span> <span class='ocrx_word' id='word_1_293' title='bbox 750 3035 811 3084; x_wconf 89' lang='lat' dir='ltr'><strong>dici:</strong></span> <span class='ocrx_word' id='word_1_294' title='bbox 829 3036 855 3084; x_wconf 92' lang='lat' dir='ltr'><strong>id</strong></span> <span class='ocrx_word' id='word_1_295' title='bbox 870 3034 968 3099; x_wconf 89' lang='lat' dir='ltr'><strong>quidem</strong></span> <span class='ocrx_word' id='word_1_296' title='bbox 984 3049 1068 3083; x_wconf 79' lang='lat' dir='ltr'><strong>verum</strong></span> <span class='ocrx_word' id='word_1_297' title='bbox 1086 3042 1129 3092; x_wconf 83' lang='lat' dir='ltr'><strong>est,</strong></span> <span class='ocrx_word' id='word_1_298' title='bbox 1147 3034 1190 3084; x_wconf 88' lang='lat' dir='ltr'><strong>ned</strong></span> <span class='ocrx_word' id='word_1_299' title='bbox 1256 3060 1257 3063; x_wconf 38' lang='lat'>¹</span> 
     </span>
     <span class='ocr_line' id='line_1_36' title="bbox 52 3095 1189 3164; baseline 0.005 -21"><span class='ocrx_word' id='word_1_300' title='bbox 52 3095 94 3159; x_wconf 75' lang='lat' dir='ltr'><strong>est]</strong></span> <span class='ocrx_word' id='word_1_301' title='bbox 113 3100 166 3147; x_wconf 77' lang='lat' dir='ltr'><strong>Alii</strong></span> <span class='ocrx_word' id='word_1_302' title='bbox 184 3108 262 3147; x_wconf 84' lang='lat' dir='ltr'><strong>totum</strong></span> <span class='ocrx_word' id='word_1_303' title='bbox 278 3101 398 3163; x_wconf 76' lang='lat' dir='ltr'><strong>jungunt:</strong></span> <span class='ocrx_word' id='word_1_304' title='bbox 423 3100 464 3148; x_wconf 83' lang='lat' dir='ltr'><strong>elii</strong></span> <span class='ocrx_word' id='word_1_305' title='bbox 483 3109 603 3164; x_wconf 75' lang='lat' dir='ltr'><strong>nepetam.</strong></span> <span class='ocrx_word' id='word_1_306' title='bbox 635 3100 808 3149; x_wconf 87' lang='lat' dir='ltr'><strong>nihiladrem.</strong></span> <span class='ocrx_word' id='word_1_307' title='bbox 834 3099 969 3149; x_wconf 85' lang='lat' dir='ltr'><strong>Ottmenim</strong></span> <span class='ocrx_word' id='word_1_308' title='bbox 980 3099 1022 3147; x_wconf 81' lang='lat' dir='ltr'><strong>eit.</strong></span> <span class='ocrx_word' id='word_1_309' title='bbox 1051 3099 1129 3163; x_wconf 77' lang='lat' dir='ltr'><strong>Igitur</strong></span> <span class='ocrx_word' id='word_1_310' title='bbox 1140 3115 1189 3149; x_wconf 89' lang='lat' dir='ltr'><strong>non</strong></span> 
     </span>
     <span class='ocr_line' id='line_1_37' title="bbox 53 3158 1119 3229; baseline 0.005 -22"><span class='ocrx_word' id='word_1_311' title='bbox 53 3158 84 3207; x_wconf 84' lang='lat' dir='ltr'><strong>Et</strong></span> <span class='ocrx_word' id='word_1_312' title='bbox 97 3163 160 3211; x_wconf 84' lang='lat' dir='ltr'><strong>bene</strong></span> <span class='ocrx_word' id='word_1_313' title='bbox 176 3172 233 3212; x_wconf 82' lang='lat' dir='ltr'><strong>soto</strong></span> <span class='ocrx_word' id='word_1_314' title='bbox 248 3173 298 3213; x_wconf 76' lang='lat' dir='ltr'><strong>eat:</strong></span> <span class='ocrx_word' id='word_1_315' title='bbox 322 3180 379 3213; x_wconf 86' lang='lat' dir='ltr'><strong>nam</strong></span> <span class='ocrx_word' id='word_1_316' title='bbox 396 3164 432 3213; x_wconf 86' lang='lat' dir='ltr'><strong>sic</strong></span> <span class='ocrx_word' id='word_1_317' title='bbox 451 3166 554 3213; x_wconf 87' lang='lat' dir='ltr'><strong>dicimus</strong></span> <span class='ocrx_word' id='word_1_318' title='bbox 573 3165 604 3213; x_wconf 88' lang='lat' dir='ltr'><strong>de</strong></span> <span class='ocrx_word' id='word_1_319' title='bbox 636 3165 667 3213; x_wconf 88' lang='lat' dir='ltr'><strong>de</strong></span> <span class='ocrx_word' id='word_1_320' title='bbox 677 3164 767 3213; x_wconf 80' lang='lat' dir='ltr'><strong>adultis</strong></span> <span class='ocrx_word' id='word_1_321' title='bbox 777 3164 864 3229; x_wconf 72' lang='lat' dir='ltr'><strong>egitur,</strong></span> <span class='ocrx_word' id='word_1_322' title='bbox 875 3165 918 3213; x_wconf 91' lang='lat' dir='ltr'><strong>sed</strong></span> <span class='ocrx_word' id='word_1_323' title='bbox 929 3164 1068 3213; x_wconf 77' lang='lat' dir='ltr'><strong>infantibus.</strong></span> <span class='ocrx_word' id='word_1_324' title='bbox 1092 3165 1119 3212; x_wconf 74' lang='lat' dir='ltr'>R</span> 
     </span>
     <span class='ocr_line' id='line_1_38' title="bbox 52 3227 1190 3293; baseline 0.004 -18"><span class='ocrx_word' id='word_1_325' title='bbox 52 3227 119 3275; x_wconf 70' lang='lat' dir='ltr'><strong>rebus</strong></span> <span class='ocrx_word' id='word_1_326' title='bbox 138 3228 290 3293; x_wconf 77' lang='lat' dir='ltr'><strong>repentinis:</strong></span> <span class='ocrx_word' id='word_1_327' title='bbox 309 3240 438 3293; x_wconf 80' lang='lat' dir='ltr'><strong>utsupra,</strong></span> <span class='ocrx_word' id='word_1_328' title='bbox 457 3234 480 3278; x_wconf 81' lang='grc' dir='ltr'><em>Ε</em></span> <span class='ocrx_word' id='word_1_329' title='bbox 501 3248 526 3279; x_wconf 85' lang='lat' dir='ltr'><strong>rs</strong></span> <span class='ocrx_word' id='word_1_330' title='bbox 548 3239 605 3279; x_wconf 84' lang='lat' dir='ltr'><strong>noto</strong></span> <span class='ocrx_word' id='word_1_331' title='bbox 668 3232 959 3279; x_wconf 65' lang='lat' dir='ltr'><strong>commemorem</strong></span> <span class='ocrx_word' id='word_1_332' title='bbox 971 3232 1091 3278; x_wconf 77' lang='lat' dir='ltr'><strong>credidisti</strong></span> <span class='ocrx_word' id='word_1_333' title='bbox 1100 3232 1190 3279; x_wconf 80' lang='lat' dir='ltr'><strong>scilieet</strong></span> 
     </span>
     <span class='ocr_line' id='line_1_39' title="bbox 53 3294 1207 3359; baseline 0.003 -19"><span class='ocrx_word' id='word_1_334' title='bbox 53 3294 126 3340; x_wconf 68' lang='lat' dir='ltr'><strong>nefins</strong></span> <span class='ocrx_word' id='word_1_335' title='bbox 135 3298 192 3353; x_wconf 72' lang='lat' dir='ltr'><strong>fleri</strong></span> <span class='ocrx_word' id='word_1_336' title='bbox 207 3297 270 3343; x_wconf 77' lang='lat' dir='ltr'><strong>houd</strong></span> <span class='ocrx_word' id='word_1_337' title='bbox 281 3298 365 3356; x_wconf 71' lang='lat' dir='ltr'><strong>potuit,</strong></span> <span class='ocrx_word' id='word_1_338' title='bbox 378 3312 445 3358; x_wconf 80' lang='lat' dir='ltr'><strong>qnos:</strong></span> <span class='ocrx_word' id='word_1_339' title='bbox 454 3294 546 3359; x_wconf 74' lang='lat' dir='ltr'><strong>sactum</strong></span> <span class='ocrx_word' id='word_1_340' title='bbox 561 3303 603 3354; x_wconf 83' lang='lat' dir='ltr'><strong>est,</strong></span> <span class='ocrx_word' id='word_1_341' title='bbox 635 3294 768 3358; x_wconf 83' lang='lat' dir='ltr'><strong>ducturum]</strong></span> <span class='ocrx_word' id='word_1_342' title='bbox 779 3296 914 3356; x_wconf 73' lang='grc' dir='ltr'><strong>Ἐπιι-γωγὴ.</strong></span> <span class='ocrx_word' id='word_1_343' title='bbox 937 3295 968 3343; x_wconf 87' lang='grc' dir='ltr'><strong>Ι).</strong></span> <span class='ocrx_word' id='word_1_344' title='bbox 1206 3296 1207 3300; x_wconf 70' lang='grc'>’</span> 
     </span>
     <span class='ocr_line' id='line_1_40' title="bbox 53 3354 1187 3423; baseline 0.003 -18"><span class='ocrx_word' id='word_1_345' title='bbox 53 3354 110 3404; x_wconf 75' lang='lat' dir='ltr'><strong>ltere.</strong></span> <span class='ocrx_word' id='word_1_346' title='bbox 132 3359 166 3407; x_wconf 92' lang='lat' dir='ltr'><strong>D.</strong></span> <span class='ocrx_word' id='word_1_347' title='bbox 667 3360 706 3410; x_wconf 79' lang='lat'><strong>27.</strong></span> <span class='ocrx_word' id='word_1_348' title='bbox 726 3363 843 3417; x_wconf 78' lang='lat' dir='ltr'><strong>Conserva,</strong></span> <span class='ocrx_word' id='word_1_349' title='bbox 860 3376 943 3423; x_wconf 71' lang='lat' dir='ltr'><strong>quere,</strong></span> <span class='ocrx_word' id='word_1_350' title='bbox 959 3376 1035 3421; x_wconf 78' lang='lat' dir='ltr'><strong>parce,</strong></span> <span class='ocrx_word' id='word_1_351' title='bbox 1046 3357 1091 3421; x_wconf 78' lang='lat' dir='ltr'><strong>sac</strong></span> <span class='ocrx_word' id='word_1_352' title='bbox 1109 3376 1187 3423; x_wconf 69' lang='lat' dir='ltr'><strong>quom</strong></span> 
     </span>
    </p>

    <p class='ocr_par' dir='ltr' id='par_1_12' title="bbox 54 3423 1188 3683">
     <span class='ocr_line' id='line_1_41' title="bbox 82 3423 1187 3489; baseline 0.004 -20"><span class='ocrx_word' id='word_1_353' title='bbox 82 3423 119 3469; x_wconf 72' lang='lat' dir='ltr'><strong>w.</strong></span> <span class='ocrx_word' id='word_1_354' title='bbox 139 3426 253 3472; x_wconf 72' lang='lat' dir='ltr'><strong>Ausculta</strong></span> <span class='ocrx_word' id='word_1_355' title='bbox 266 3427 354 3485; x_wconf 64' lang='lat' dir='ltr'><strong>puncta</strong></span> <span class='ocrx_word' id='word_1_356' title='bbox 370 3427 416 3472; x_wconf 76' lang='lat' dir='ltr'><strong>atsi</strong></span> <span class='ocrx_word' id='word_1_357' title='bbox 430 3427 545 3473; x_wconf 60' lang='lat' dir='ltr'><strong>moestum</strong></span> <span class='ocrx_word' id='word_1_358' title='bbox 561 3432 603 3483; x_wconf 84' lang='lat' dir='ltr'><strong>est,</strong></span> <span class='ocrx_word' id='word_1_359' title='bbox 632 3427 755 3487; x_wconf 71' lang='lat' dir='ltr'><strong>plurimum</strong></span> <span class='ocrx_word' id='word_1_360' title='bbox 767 3424 952 3488; x_wconf 59' lang='lat' dir='ltr'><strong>subrelinquas]</strong></span> <span class='ocrx_word' id='word_1_361' title='bbox 967 3424 1022 3473; x_wconf 88' lang='lat' dir='ltr'><strong>Hoc</strong></span> <span class='ocrx_word' id='word_1_362' title='bbox 1034 3425 1068 3473; x_wconf 85' lang='lat' dir='ltr'><strong>nic</strong></span> <span class='ocrx_word' id='word_1_363' title='bbox 1079 3440 1187 3489; x_wconf 52' lang='lat' dir='ltr'><strong>pronun*</strong></span> 
     </span>
     <span class='ocr_line' id='line_1_42' title="bbox 54 3484 1187 3554; baseline 0.001 -18"><span class='ocrx_word' id='word_1_364' title='bbox 54 3484 144 3552; x_wconf 67' lang='grc' dir='ltr'><strong>ΒΜ]</strong></span> <span class='ocrx_word' id='word_1_365' title='bbox 160 3489 190 3536; x_wconf 87' lang='lat' dir='ltr'><strong>ln</strong></span> <span class='ocrx_word' id='word_1_366' title='bbox 198 3488 259 3537; x_wconf 84' lang='lat' dir='ltr'><strong>duas</strong></span> <span class='ocrx_word' id='word_1_367' title='bbox 269 3499 351 3553; x_wconf 85' lang='lat' dir='ltr'><strong>partes</strong></span> <span class='ocrx_word' id='word_1_368' title='bbox 360 3489 477 3538; x_wconf 87' lang='lat' dir='ltr'><strong>dividitur</strong></span> <span class='ocrx_word' id='word_1_369' title='bbox 486 3499 536 3538; x_wconf 88' lang='lat' dir='ltr'><strong>tota</strong></span> <span class='ocrx_word' id='word_1_370' title='bbox 546 3504 602 3553; x_wconf 87' lang='lat' dir='ltr'><strong>per·</strong></span> <span class='ocrx_word' id='word_1_371' title='bbox 634 3490 755 3546; x_wconf 79' lang='lat' dir='ltr'><strong>ciendum,</strong></span> <span class='ocrx_word' id='word_1_372' title='bbox 767 3500 795 3538; x_wconf 88' lang='lat' dir='ltr'><strong>ut</strong></span> <span class='ocrx_word' id='word_1_373' title='bbox 811 3500 926 3554; x_wconf 86' lang='lat' dir='ltr'><strong>appareat</strong></span> <span class='ocrx_word' id='word_1_374' title='bbox 940 3490 1002 3537; x_wconf 84' lang='lat' dir='ltr'><strong>hanc</strong></span> <span class='ocrx_word' id='word_1_375' title='bbox 1013 3489 1090 3553; x_wconf 88' lang='lat' dir='ltr'><strong>ipsam</strong></span> <span class='ocrx_word' id='word_1_376' title='bbox 1102 3490 1187 3554; x_wconf 79' lang='lat' dir='ltr'><strong>volup-</strong></span> 
     </span>
     <span class='ocr_line' id='line_1_43' title="bbox 54 3551 1188 3619; baseline 0.003 -19"><span class='ocrx_word' id='word_1_377' title='bbox 54 3551 139 3608; x_wconf 58' lang='lat' dir='ltr'><strong>msto</strong></span> <span class='ocrx_word' id='word_1_378' title='bbox 157 3552 218 3602; x_wconf 80' lang='lat' dir='ltr'><strong>nihil</strong></span> <span class='ocrx_word' id='word_1_379' title='bbox 234 3568 361 3617; x_wconf 81' lang='lat' dir='ltr'><strong>passurum</strong></span> <span class='ocrx_word' id='word_1_380' title='bbox 380 3555 497 3602; x_wconf 83' lang='lat' dir='ltr'><strong>Demeam</strong></span> <span class='ocrx_word' id='word_1_381' title='bbox 512 3554 602 3613; x_wconf 72' lang='lat' dir='ltr'><strong>damm,</strong></span> <span class='ocrx_word' id='word_1_382' title='bbox 634 3564 709 3602; x_wconf 82' lang='lat' dir='ltr'><strong>tatem</strong></span> <span class='ocrx_word' id='word_1_383' title='bbox 719 3555 847 3618; x_wconf 83' lang='lat' dir='ltr'><strong>displicere</strong></span> <span class='ocrx_word' id='word_1_384' title='bbox 860 3554 969 3603; x_wconf 88' lang='lat' dir='ltr'><strong>Micioni.</strong></span> <span class='ocrx_word' id='word_1_385' title='bbox 989 3557 1100 3603; x_wconf 74' lang='lat' dir='ltr'><strong>coacerva</strong></span> <span class='ocrx_word' id='word_1_386' title='bbox 1110 3566 1188 3619; x_wconf 85' lang='lat' dir='ltr'><strong>parta.</strong></span> 
     </span>
     <span class='ocr_line' id='line_1_44' title="bbox 55 3613 1084 3683; baseline 0.003 -19"><span class='ocrx_word' id='word_1_387' title='bbox 55 3613 428 3683; x_wconf 54' lang='lat' dir='ltr'><strong>nihttpetttfittmcorruptem.</strong></span> <span class='ocrx_word' id='word_1_388' title='bbox 450 3620 481 3667; x_wconf 93' lang='lat' dir='ltr'><strong>D.</strong></span> <span class='ocrx_word' id='word_1_389' title='bbox 636 3622 797 3671; x_wconf 69' lang='grc' dir='ltr'><strong>θιινιιιοιι,</strong></span> <span class='ocrx_word' id='word_1_390' title='bbox 825 3618 1028 3668; x_wconf 82' lang='lat' dir='ltr'><strong>Porcsomnibus</strong></span> <span class='ocrx_word' id='word_1_391' title='bbox 1053 3620 1084 3668; x_wconf 90' lang='lat' dir='ltr'><strong>D.</strong></span> 
     </span>
    </p>

    <p class='ocr_par' dir='ltr' id='par_1_13' title="bbox 51 3682 1188 4135">
     <span class='ocr_line' id='line_1_45' title="bbox 83 3682 1186 3747; baseline 0.003 -19"><span class='ocrx_word' id='word_1_392' title='bbox 83 3682 120 3729; x_wconf 80' lang='lat'><strong>21.</strong></span> <span class='ocrx_word' id='word_1_393' title='bbox 135 3686 261 3745; x_wconf 74' lang='lat' dir='ltr'><strong>Principio,</strong></span> <span class='ocrx_word' id='word_1_394' title='bbox 277 3687 298 3731; x_wconf 79' lang='lat' dir='ltr'><strong>st</strong></span> <span class='ocrx_word' id='word_1_395' title='bbox 314 3687 341 3730; x_wconf 77' lang='lat' dir='ltr'><strong>tt</strong></span> <span class='ocrx_word' id='word_1_396' title='bbox 356 3687 486 3741; x_wconf 69' lang='lat' dir='ltr'><strong>retrudet,</strong></span> <span class='ocrx_word' id='word_1_397' title='bbox 506 3692 603 3732; x_wconf 71' lang='lat' dir='ltr'><strong>summos</strong></span> <span class='ocrx_word' id='word_1_398' title='bbox 666 3686 704 3732; x_wconf 79' lang='lat'><strong>28.</strong></span> <span class='ocrx_word' id='word_1_399' title='bbox 721 3686 813 3733; x_wconf 90' lang='lat' dir='ltr'><strong>Omnes</strong></span> <span class='ocrx_word' id='word_1_400' title='bbox 829 3684 905 3732; x_wconf 87' lang='lat' dir='ltr'><strong>nostri</strong></span> <span class='ocrx_word' id='word_1_401' title='bbox 922 3699 977 3731; x_wconf 89' lang='lat' dir='ltr'><strong>cum</strong></span> <span class='ocrx_word' id='word_1_402' title='bbox 994 3684 1047 3731; x_wconf 76' lang='lat' dir='ltr'><strong>edd.</strong></span> <span class='ocrx_word' id='word_1_403' title='bbox 1063 3690 1121 3731; x_wconf 76' lang='lat' dir='ltr'><strong>vett</strong></span> <span class='ocrx_word' id='word_1_404' title='bbox 1136 3687 1186 3747; x_wconf 83' lang='lat' dir='ltr'><strong>glo·</strong></span> 
     </span>
     <span class='ocr_line' id='line_1_46' title="bbox 51 3743 1188 3812; baseline -0.003 -14"><span class='ocrx_word' id='word_1_405' title='bbox 51 3743 164 3809; x_wconf 60' lang='lat' dir='ltr'><strong>filim</strong></span> <span class='ocrx_word' id='word_1_406' title='bbox 173 3746 281 3812; x_wconf 72' lang='lat' dir='ltr'><strong>sudant]</strong></span> <span class='ocrx_word' id='word_1_407' title='bbox 298 3749 438 3812; x_wconf 77' lang='lat' dir='ltr'><strong>Figurstiva</strong></span> <span class='ocrx_word' id='word_1_408' title='bbox 449 3748 539 3797; x_wconf 87' lang='lat' dir='ltr'><strong>locutio</strong></span> <span class='ocrx_word' id='word_1_409' title='bbox 549 3761 601 3797; x_wconf 89' lang='lat' dir='ltr'><strong>est:</strong></span> <span class='ocrx_word' id='word_1_410' title='bbox 633 3752 961 3798; x_wconf 78' lang='lat' dir='ltr'><strong>rtommtstonets&#39;ts&#39;ottias.</strong></span> <span class='ocrx_word' id='word_1_411' title='bbox 985 3748 1188 3812; x_wconf 79' lang='lat' dir='ltr'><strong>Repouesntem,</strong></span> 
     </span>
     <span class='ocr_line' id='line_1_47' title="bbox 55 3812 1188 3877; baseline -0.004 -14"><span class='ocrx_word' id='word_1_412' title='bbox 55 3816 86 3863; x_wconf 66' lang='lat'><strong>¹¹¹·</strong></span> <span class='ocrx_word' id='word_1_413' title='bbox 95 3818 217 3862; x_wconf 67' lang='lat' dir='ltr'><strong>mutam</strong></span> <span class='ocrx_word' id='word_1_414' title='bbox 227 3830 290 3875; x_wconf 81' lang='lat' dir='ltr'><strong>quem</strong></span> <span class='ocrx_word' id='word_1_415' title='bbox 302 3817 388 3862; x_wconf 71' lang='lat' dir='ltr'><strong>dedisti</strong></span> <span class='ocrx_word' id='word_1_416' title='bbox 398 3817 468 3870; x_wconf 78' lang='lat' dir='ltr'><strong>notis,</strong></span> <span class='ocrx_word' id='word_1_417' title='bbox 481 3831 538 3877; x_wconf 78' lang='lat' dir='ltr'><strong>quos</strong></span> <span class='ocrx_word' id='word_1_418' title='bbox 550 3822 600 3861; x_wconf 84' lang='lat' dir='ltr'><strong>tur-</strong></span> <span class='ocrx_word' id='word_1_419' title='bbox 633 3816 685 3862; x_wconf 83' lang='lat' dir='ltr'><strong>Illis</strong></span> <span class='ocrx_word' id='word_1_420' title='bbox 695 3817 818 3877; x_wconf 78' lang='lat' dir='ltr'><strong>relinquas,</strong></span> <span class='ocrx_word' id='word_1_421' title='bbox 827 3816 967 3877; x_wconf 79' lang='lat' dir='ltr'><strong>gloriamque</strong></span> <span class='ocrx_word' id='word_1_422' title='bbox 975 3814 1105 3861; x_wconf 75' lang='lat' dir='ltr'><strong>istanctt&#39;tt‘.</strong></span> <span class='ocrx_word' id='word_1_423' title='bbox 1123 3812 1147 3860; x_wconf 89' lang='lat' dir='ltr'>N</span> <span class='ocrx_word' id='word_1_424' title='bbox 1149 3828 1188 3860; x_wconf 84' lang='lat' dir='ltr'><strong>sm</strong></span> 
     </span>
     <span class='ocr_line' id='line_1_48' title="bbox 58 3872 1187 3942; baseline -0.001 -16"><span class='ocrx_word' id='word_1_425' title='bbox 58 3872 182 3928; x_wconf 60' lang='lat' dir='ltr'><strong>htdsdtt!</strong></span> <span class='ocrx_word' id='word_1_426' title='bbox 208 3878 499 3941; x_wconf 54' lang='lat' dir='ltr'><strong>lle-Premptaettdte</strong></span> <span class='ocrx_word' id='word_1_427' title='bbox 507 3882 601 3937; x_wconf 83' lang='lat' dir='ltr'><strong>mordet,</strong></span> <span class='ocrx_word' id='word_1_428' title='bbox 633 3882 709 3927; x_wconf 82' lang='lat' dir='ltr'><strong>otts&#39;se</strong></span> <span class='ocrx_word' id='word_1_429' title='bbox 717 3877 927 3942; x_wconf 87' lang='lat' dir='ltr'><strong>putidumessetsi</strong></span> <span class='ocrx_word' id='word_1_430' title='bbox 936 3877 975 3925; x_wconf 90' lang='lat' dir='ltr'><strong>hic</strong></span> <span class='ocrx_word' id='word_1_431' title='bbox 984 3886 1140 3941; x_wconf 81' lang='lat' dir='ltr'><strong>repeteretur.</strong></span> <span class='ocrx_word' id='word_1_432' title='bbox 1158 3878 1187 3925; x_wconf 88' lang='lat' dir='ltr'><strong>B.</strong></span> 
     </span>
     <span class='ocr_line' id='line_1_49' title="bbox 56 3940 1187 4006; baseline 0.004 -19"><span class='ocrx_word' id='word_1_433' title='bbox 56 3946 143 3989; x_wconf 70' lang='lat' dir='ltr'><strong>mss:</strong></span> <span class='ocrx_word' id='word_1_434' title='bbox 152 3946 201 4004; x_wconf 69' lang='lat' dir='ltr'><strong>filit</strong></span> <span class='ocrx_word' id='word_1_435' title='bbox 215 3960 279 4005; x_wconf 74' lang='lat' dir='ltr'><strong>quem</strong></span> <span class='ocrx_word' id='word_1_436' title='bbox 294 3942 401 4006; x_wconf 75' lang='lat' dir='ltr'><strong>somsnt]</strong></span> <span class='ocrx_word' id='word_1_437' title='bbox 425 3944 480 3991; x_wconf 80' lang='lat' dir='ltr'><strong>lam</strong></span> <span class='ocrx_word' id='word_1_438' title='bbox 496 3944 536 3992; x_wconf 86' lang='lat' dir='ltr'><strong>ltic</strong></span> <span class='ocrx_word' id='word_1_439' title='bbox 552 3958 602 3992; x_wconf 87' lang='lat' dir='ltr'><strong>non</strong></span> <span class='ocrx_word' id='word_1_440' title='bbox 667 3945 705 3991; x_wconf 81' lang='lat'><strong>29.</strong></span> <span class='ocrx_word' id='word_1_441' title='bbox 723 3946 823 3991; x_wconf 78' lang='lat' dir='ltr'><strong>Utantur</strong></span> <span class='ocrx_word' id='word_1_442' title='bbox 833 3942 894 4006; x_wconf 80' lang='lat' dir='ltr'><strong>sine]</strong></span> <span class='ocrx_word' id='word_1_443' title='bbox 912 3944 965 3990; x_wconf 85' lang='lat' dir='ltr'><strong>Aut</strong></span> <span class='ocrx_word' id='word_1_444' title='bbox 975 3942 1043 3990; x_wconf 88' lang='lat' dir='ltr'><strong>deest</strong></span> <span class='ocrx_word' id='word_1_445' title='bbox 1053 3944 1095 3999; x_wconf 72' lang='lat' dir='ltr'><strong>lis,</strong></span> <span class='ocrx_word' id='word_1_446' title='bbox 1107 3951 1136 3989; x_wconf 88' lang='lat' dir='ltr'><strong>ut</strong></span> <span class='ocrx_word' id='word_1_447' title='bbox 1146 3940 1187 4000; x_wconf 84' lang='lat' dir='ltr'><strong>sit,</strong></span> 
     </span>
     <span class='ocr_line' id='line_1_50' title="bbox 57 4005 1188 4071; baseline -0.001 -15"><span class='ocrx_word' id='word_1_448' title='bbox 57 4014 85 4049; x_wconf 72' lang='lat'><strong>0¹</strong></span> <span class='ocrx_word' id='word_1_449' title='bbox 99 4008 207 4067; x_wconf 79' lang='lat' dir='ltr'><strong>pactione</strong></span> <span class='ocrx_word' id='word_1_450' title='bbox 221 4008 323 4071; x_wconf 72' lang='lat' dir='ltr'><strong>questio</strong></span> <span class='ocrx_word' id='word_1_451' title='bbox 333 4018 377 4067; x_wconf 82' lang='lat' dir='ltr'><strong>est,</strong></span> <span class='ocrx_word' id='word_1_452' title='bbox 388 4009 432 4057; x_wconf 89' lang='lat' dir='ltr'><strong>sed</strong></span> <span class='ocrx_word' id='word_1_453' title='bbox 448 4024 479 4057; x_wconf 84' lang='lat' dir='ltr'><strong>ex</strong></span> <span class='ocrx_word' id='word_1_454' title='bbox 490 4023 526 4062; x_wconf 84' lang='lat' dir='ltr'><strong>eo,</strong></span> <span class='ocrx_word' id='word_1_455' title='bbox 539 4009 603 4071; x_wconf 89' lang='lat' dir='ltr'><strong>quod</strong></span> <span class='ocrx_word' id='word_1_456' title='bbox 634 4011 671 4056; x_wconf 83' lang='lat' dir='ltr'><strong>lo‘s</strong></span> <span class='ocrx_word' id='word_1_457' title='bbox 692 4015 803 4057; x_wconf 68' lang='lat' dir='ltr'><strong>mantus:</strong></span> <span class='ocrx_word' id='word_1_458' title='bbox 831 4018 873 4057; x_wconf 87' lang='lat' dir='ltr'><strong>sut</strong></span> <span class='ocrx_word' id='word_1_459' title='bbox 894 4023 943 4055; x_wconf 80' lang='lat' dir='ltr'><strong>meo</strong></span> <span class='ocrx_word' id='word_1_460' title='bbox 965 4014 1067 4065; x_wconf 71' lang='lat' dir='ltr'><strong>menter,</strong></span> <span class='ocrx_word' id='word_1_461' title='bbox 1090 4005 1188 4069; x_wconf 83' lang='lat' dir='ltr'><strong>entique</strong></span> 
     </span>
     <span class='ocr_line' id='line_1_51' title="bbox 58 4072 838 4135; baseline 0.001 -15"><span class='ocrx_word' id='word_1_462' title='bbox 58 4072 167 4133; x_wconf 67' lang='lat' dir='ltr'><strong>wmptis</strong></span> <span class='ocrx_word' id='word_1_463' title='bbox 182 4088 248 4121; x_wconf 91' lang='lat' dir='ltr'><strong>nunc</strong></span> <span class='ocrx_word' id='word_1_464' title='bbox 263 4073 371 4122; x_wconf 85' lang='lat' dir='ltr'><strong>moribus</strong></span> <span class='ocrx_word' id='word_1_465' title='bbox 383 4072 452 4130; x_wconf 81' lang='lat' dir='ltr'><strong>vivit,</strong></span> <span class='ocrx_word' id='word_1_466' title='bbox 463 4073 527 4135; x_wconf 90' lang='lat' dir='ltr'><strong>quod</strong></span> <span class='ocrx_word' id='word_1_467' title='bbox 538 4074 601 4121; x_wconf 87' lang='lat' dir='ltr'><strong>bons</strong></span> <span class='ocrx_word' id='word_1_468' title='bbox 632 4073 728 4122; x_wconf 86' lang='lat' dir='ltr'><strong>locutus</strong></span> <span class='ocrx_word' id='word_1_469' title='bbox 740 4081 782 4121; x_wconf 85' lang='lat' dir='ltr'><strong>est.</strong></span> <span class='ocrx_word' id='word_1_470' title='bbox 807 4073 838 4121; x_wconf 92' lang='lat' dir='ltr'><strong>D.</strong></span> 
     </span>
    </p>
   </div>
   <div class='ocr_carea' id='block_1_8' title="bbox 58 4107 1298 4201">
    <p class='ocr_par' dir='ltr' id='par_1_14' title="bbox 58 4107 1298 4201">
     <span class='ocr_line' id='line_1_52' title="bbox 58 4107 1298 4201; baseline 0.003 -19"><span class='ocrx_word' id='word_1_471' title='bbox 58 4137 174 4186; x_wconf 77' lang='lat' dir='ltr'><strong>oomnis</strong></span> <span class='ocrx_word' id='word_1_472' title='bbox 197 4138 245 4186; x_wconf 85' lang='lat' dir='ltr'><strong>Cui</strong></span> <span class='ocrx_word' id='word_1_473' title='bbox 255 4138 292 4186; x_wconf 89' lang='lat' dir='ltr'><strong>rei</strong></span> <span class='ocrx_word' id='word_1_474' title='bbox 302 4138 401 4186; x_wconf 82' lang='lat' dir='ltr'><strong>affertur</strong></span> <span class='ocrx_word' id='word_1_475' title='bbox 411 4138 528 4195; x_wconf 82' lang='lat' dir='ltr'><strong>defensio,</strong></span> <span class='ocrx_word' id='word_1_476' title='bbox 538 4138 603 4201; x_wconf 87' lang='lat' dir='ltr'><strong>quod</strong></span> <span class='ocrx_word' id='word_1_477' title='bbox 666 4140 704 4185; x_wconf 81' lang='grc'><strong>30.</strong></span> <span class='ocrx_word' id='word_1_478' title='bbox 722 4140 758 4185; x_wconf 84' lang='lat' dir='ltr'><strong>De</strong></span> <span class='ocrx_word' id='word_1_479' title='bbox 773 4154 859 4186; x_wconf 82' lang='lat' dir='ltr'><strong>sommo</strong></span> <span class='ocrx_word' id='word_1_480' title='bbox 874 4134 1189 4199; x_wconf 62' lang='lat' dir='ltr'><strong>athilenensem</strong></span> <span class='ocrx_word' id='word_1_481' title='bbox 1292 4107 1298 4114; x_wconf 88' lang='lat'><strong>.</strong></span> 
     </span>
    </p>
   </div>
   <div class='ocr_carea' id='block_1_9' title="bbox 58 4193 1188 4461">
    <p class='ocr_par' dir='ltr' id='par_1_15' title="bbox 58 4193 789 4266">
     <span class='ocr_line' id='line_1_53' title="bbox 58 4193 789 4266; baseline 0.003 -18"><span class='ocrx_word' id='word_1_482' title='bbox 58 4193 237 4250; x_wconf 67' lang='lat' dir='ltr'><strong>dentosumtns</strong></span> <span class='ocrx_word' id='word_1_483' title='bbox 245 4203 323 4251; x_wconf 79' lang='lat' dir='ltr'><strong>iaciat.</strong></span> <span class='ocrx_word' id='word_1_484' title='bbox 349 4203 600 4266; x_wconf 82' lang='lat' dir='ltr'><strong>Quamquamhiciu-</strong></span> <span class='ocrx_word' id='word_1_485' title='bbox 634 4202 734 4251; x_wconf 84' lang='lat' dir='ltr'><strong>scilicet.</strong></span> <span class='ocrx_word' id='word_1_486' title='bbox 758 4202 789 4250; x_wconf 92' lang='lat' dir='ltr'><strong>D.</strong></span> 
     </span>
    </p>

    <p class='ocr_par' dir='ltr' id='par_1_16' title="bbox 59 4261 1055 4334">
     <span class='ocr_line' id='line_1_54' title="bbox 59 4261 1055 4334; baseline 0.001 -20"><span class='ocrx_word' id='word_1_487' title='bbox 59 4261 206 4334; x_wconf 63' lang='lat' dir='ltr'><strong>totimitta</strong></span> <span class='ocrx_word' id='word_1_488' title='bbox 216 4268 325 4330; x_wconf 75' lang='lat' dir='ltr'><strong>questio,</strong></span> <span class='ocrx_word' id='word_1_489' title='bbox 338 4283 435 4332; x_wconf 87' lang='lat' dir='ltr'><strong>semper</strong></span> <span class='ocrx_word' id='word_1_490' title='bbox 445 4268 471 4316; x_wconf 92' lang='lat' dir='ltr'><strong>in</strong></span> <span class='ocrx_word' id='word_1_491' title='bbox 482 4269 602 4333; x_wconf 85' lang='lat' dir='ltr'><strong>corruptis</strong></span> <span class='ocrx_word' id='word_1_492' title='bbox 667 4269 705 4315; x_wconf 76' lang='lat'><strong>33.</strong></span> <span class='ocrx_word' id='word_1_493' title='bbox 719 4266 847 4329; x_wconf 71' lang='lat' dir='ltr'><strong>Democrit]</strong></span> <span class='ocrx_word' id='word_1_494' title='bbox 860 4266 999 4315; x_wconf 78' lang='lat' dir='ltr'><strong>Prodemes.</strong></span> <span class='ocrx_word' id='word_1_495' title='bbox 1024 4267 1055 4315; x_wconf 92' lang='lat' dir='ltr'><strong>D.</strong></span> 
     </span>
    </p>

    <p class='ocr_par' dir='ltr' id='par_1_17' title="bbox 60 4321 1188 4461">
     <span class='ocr_line' id='line_1_55' title="bbox 60 4321 1187 4396; baseline 0.002 -17"><span class='ocrx_word' id='word_1_496' title='bbox 60 4321 111 4375; x_wconf 69' lang='lat' dir='ltr'><strong>fillis</strong></span> <span class='ocrx_word' id='word_1_497' title='bbox 128 4332 275 4381; x_wconf 84' lang='lat' dir='ltr'><strong>consuetudo</strong></span> <span class='ocrx_word' id='word_1_498' title='bbox 295 4332 338 4381; x_wconf 89' lang='lat' dir='ltr'><strong>illa</strong></span> <span class='ocrx_word' id='word_1_499' title='bbox 359 4344 403 4390; x_wconf 85' lang='lat' dir='ltr'><strong>est,</strong></span> <span class='ocrx_word' id='word_1_500' title='bbox 427 4348 480 4396; x_wconf 82' lang='lat' dir='ltr'><strong>qua:</strong></span> <span class='ocrx_word' id='word_1_501' title='bbox 506 4343 602 4382; x_wconf 83' lang='lat' dir='ltr'><strong>emetur</strong></span> <span class='ocrx_word' id='word_1_502' title='bbox 666 4334 705 4380; x_wconf 75' lang='lat' dir='ltr'><strong>tl.</strong></span> <span class='ocrx_word' id='word_1_503' title='bbox 718 4332 858 4396; x_wconf 75' lang='lat' dir='ltr'><strong>Minorem]</strong></span> <span class='ocrx_word' id='word_1_504' title='bbox 872 4331 1010 4380; x_wconf 86' lang='lat' dir='ltr'><strong>Pecuniam.</strong></span> <span class='ocrx_word' id='word_1_505' title='bbox 1040 4332 1134 4381; x_wconf 82' lang='lat' dir='ltr'><strong>Ethtec</strong></span> <span class='ocrx_word' id='word_1_506' title='bbox 1145 4348 1187 4381; x_wconf 85' lang='lat' dir='ltr'><strong>ex·</strong></span> 
     </span>
     <span class='ocr_line' id='line_1_56' title="bbox 60 4384 1188 4461; baseline -0.001 -14"><span class='ocrx_word' id='word_1_507' title='bbox 60 4384 248 4454; x_wconf 67' lang='lat' dir='ltr'><strong>(loentum,</strong></span> <span class='ocrx_word' id='word_1_508' title='bbox 259 4407 309 4456; x_wconf 84' lang='lat' dir='ltr'><strong>sut,</strong></span> <span class='ocrx_word' id='word_1_509' title='bbox 317 4406 415 4447; x_wconf 74' lang='lat' dir='ltr'><strong>cavetur.</strong></span> <span class='ocrx_word' id='word_1_510' title='bbox 434 4398 483 4461; x_wconf 60' lang='grc' dir='ltr'><strong>Ζ.)</strong></span> <span class='ocrx_word' id='word_1_511' title='bbox 501 4398 601 4447; x_wconf 82' lang='lat' dir='ltr'><strong>Etenim</strong></span> <span class='ocrx_word' id='word_1_512' title='bbox 632 4398 745 4447; x_wconf 79' lang='lat' dir='ltr'><strong>clametio</strong></span> <span class='ocrx_word' id='word_1_513' title='bbox 756 4408 793 4446; x_wconf 86' lang='lat' dir='ltr'><strong>est</strong></span> <span class='ocrx_word' id='word_1_514' title='bbox 804 4396 902 4447; x_wconf 85' lang='lat' dir='ltr'><strong>moralis</strong></span> <span class='ocrx_word' id='word_1_515' title='bbox 916 4396 1044 4447; x_wconf 78' lang='lat' dir='ltr'><strong>adversam</strong></span> <span class='ocrx_word' id='word_1_516' title='bbox 1055 4396 1129 4446; x_wconf 85' lang='lat' dir='ltr'><strong>nimis</strong></span> <span class='ocrx_word' id='word_1_517' title='bbox 1139 4408 1188 4446; x_wconf 86' lang='lat' dir='ltr'><strong>tar-</strong></span> 
     </span>
    </p>
   </div>
   <div class='ocr_carea' id='block_1_10' title="bbox 0 0 1436 4759">
    <p class='ocr_par' dir='ltr' id='par_1_18' title="bbox 0 0 1436 4759">
     <span class='ocr_line' id='line_1_57' title="bbox 0 0 1436 4759; baseline 0 0"><span class='ocrx_word' id='word_1_518' title='bbox 0 0 1436 4759; x_wconf 95' lang='lat' dir='ltr'><strong> </strong></span> 
     </span>
    </p>
   </div>
  </div>
 </body>
</html>
