<?xml version="1.0" encoding="UTF-8"?>
<!DOCTYPE html PUBLIC "-//W3C//DTD XHTML 1.0 Transitional//EN"
    "http://www.w3.org/TR/xhtml1/DTD/xhtml1-transitional.dtd">
<html xmlns="http://www.w3.org/1999/xhtml" xml:lang="en" lang="en">
 <head>
  <title>
</title>
<meta http-equiv="Content-Type" content="text/html;charset=utf-8" />
  <meta name='ocr-system' content='tesseract 3.04.00' />
  <meta name='ocr-capabilities' content='ocr_page ocr_carea ocr_par ocr_line ocrx_word'/>
</head>
<body>
  <div class='ocr_page' id='page_1' title='image "./publiiterentiic01lindgoog/publiiterentiic01lindgoog_0069.png"; bbox 0 0 2834 4759; ppageno 0'>
   <div class='ocr_carea' id='block_1_1' title="bbox 262 171 1114 235">
    <p class='ocr_par' dir='ltr' id='par_1_1' title="bbox 262 171 1114 235">
     <span class='ocr_line' id='line_1_1' title="bbox 262 171 1114 235; baseline -0.001 0"><span class='ocrx_word' id='word_1_1' title='bbox 262 174 324 235; x_wconf 77' lang='lat' dir='ltr'><strong>xliv</strong></span> <span class='ocrx_word' id='word_1_2' title='bbox 565 171 746 233; x_wconf 87' lang='lat' dir='ltr'>VICTOR</span> <span class='ocrx_word' id='word_1_3' title='bbox 772 173 835 235; x_wconf 86' lang='lat' dir='ltr'><strong>DE</strong></span> <span class='ocrx_word' id='word_1_4' title='bbox 862 172 1114 235; x_wconf 86' lang='lat' dir='ltr'><strong>COMOEDIA.</strong></span> 
     </span>
    </p>
   </div>
   <div class='ocr_carea' id='block_1_2' title="bbox 264 302 1391 557">
    <p class='ocr_par' dir='ltr' id='par_1_2' title="bbox 264 302 1391 557">
     <span class='ocr_line' id='line_1_2' title="bbox 264 302 1390 381; baseline -0.002 -18"><span class='ocrx_word' id='word_1_5' title='bbox 264 304 333 364; x_wconf 88' lang='lat' dir='ltr'><strong>olim</strong></span> <span class='ocrx_word' id='word_1_6' title='bbox 349 304 535 374; x_wconf 68' lang='lat' dir='ltr'>celebratam,</span> <span class='ocrx_word' id='word_1_7' title='bbox 550 303 580 362; x_wconf 89' lang='lat' dir='ltr'><strong>in</strong></span> <span class='ocrx_word' id='word_1_8' title='bbox 592 304 733 363; x_wconf 83' lang='lat' dir='ltr'><strong>cuminam</strong></span> <span class='ocrx_word' id='word_1_9' title='bbox 745 308 937 363; x_wconf 67' lang='lat' dir='ltr'><strong>naimarus«</strong></span> <span class='ocrx_word' id='word_1_10' title='bbox 948 302 1110 363; x_wconf 87' lang='lat' dir='ltr'><strong>deridendo</strong></span> <span class='ocrx_word' id='word_1_11' title='bbox 1129 302 1310 381; x_wconf 81' lang='lat' dir='ltr'><strong>permutavit.</strong></span> <span class='ocrx_word' id='word_1_12' title='bbox 1345 302 1390 361; x_wconf 89' lang='lat' dir='ltr'><strong>llle</strong></span> 
     </span>
     <span class='ocr_line' id='line_1_3' title="bbox 265 382 1391 463; baseline -0.004 -18"><span class='ocrx_word' id='word_1_13' title='bbox 265 385 344 445; x_wconf 89' lang='lat' dir='ltr'><strong>idern</strong></span> <span class='ocrx_word' id='word_1_14' title='bbox 359 385 571 463; x_wconf 88' lang='lat' dir='ltr'><strong>Aristophanes</strong></span> <span class='ocrx_word' id='word_1_15' title='bbox 582 382 703 462; x_wconf 87' lang='lat' dir='ltr'><strong>(mirum</strong></span> <span class='ocrx_word' id='word_1_16' title='bbox 716 383 907 461; x_wconf 82' lang='lat' dir='ltr'><strong>dictu)novae</strong></span> <span class='ocrx_word' id='word_1_17' title='bbox 920 384 1009 444; x_wconf 84' lang='lat' dir='ltr'><strong>etiam</strong></span> <span class='ocrx_word' id='word_1_18' title='bbox 1022 384 1136 443; x_wconf 89' lang='lat' dir='ltr'><strong>initium</strong></span> <span class='ocrx_word' id='word_1_19' title='bbox 1150 384 1301 444; x_wconf 85' lang='lat' dir='ltr'><strong>comoedise</strong></span> <span class='ocrx_word' id='word_1_20' title='bbox 1314 382 1391 453; x_wconf 84' lang='lat' dir='ltr'><strong>dedit,</strong></span> 
     </span>
     <span class='ocr_line' id='line_1_4' title="bbox 264 465 1389 557; baseline -0.004 -32"><span class='ocrx_word' id='word_1_21' title='bbox 264 466 345 544; x_wconf 84' lang='lat' dir='ltr'><strong>quod</strong></span> <span class='ocrx_word' id='word_1_22' title='bbox 359 466 446 525; x_wconf 83' lang='lat' dir='ltr'><strong>velim</strong></span> <span class='ocrx_word' id='word_1_23' title='bbox 461 466 525 544; x_wconf 87' lang='lat' dir='ltr'><strong>ejus</strong></span> <span class='ocrx_word' id='word_1_24' title='bbox 539 468 657 544; x_wconf 85' lang='lat' dir='ltr'><strong>egregia</strong></span> <span class='ocrx_word' id='word_1_25' title='bbox 668 465 757 525; x_wconf 90' lang='lat' dir='ltr'><strong>laude</strong></span> <span class='ocrx_word' id='word_1_26' title='bbox 769 466 881 525; x_wconf 88' lang='lat' dir='ltr'><strong>dictum</strong></span> <span class='ocrx_word' id='word_1_27' title='bbox 894 466 1054 525; x_wconf 76' lang='lat' dir='ltr'><strong>arbitreris.</strong></span> <span class='ocrx_word' id='word_1_28' title='bbox 1096 465 1216 543; x_wconf 79' lang='lat' dir='ltr'><strong>Quippe</strong></span> <span class='ocrx_word' id='word_1_29' title='bbox 1229 485 1316 557; x_wconf 83' lang='lat' dir='ltr'><strong>quum</strong></span> <span class='ocrx_word' id='word_1_30' title='bbox 1329 484 1389 522; x_wconf 88' lang='lat' dir='ltr'><strong>unns</strong></span> 
     </span>
    </p>
   </div>
   <div class='ocr_carea' id='block_1_3' title="bbox 214 544 1398 4516">
    <p class='ocr_par' dir='ltr' id='par_1_3' title="bbox 262 544 1393 1594">
     <span class='ocr_line' id='line_1_5' title="bbox 263 544 1390 626; baseline -0.004 -20"><span class='ocrx_word' id='word_1_31' title='bbox 263 547 326 625; x_wconf 87' lang='lat' dir='ltr'><strong>ipse</strong></span> <span class='ocrx_word' id='word_1_32' title='bbox 347 558 434 625; x_wconf 86' lang='lat' dir='ltr'><strong>queat</strong></span> <span class='ocrx_word' id='word_1_33' title='bbox 455 546 577 626; x_wconf 89' lang='lat' dir='ltr'><strong>triplicis</strong></span> <span class='ocrx_word' id='word_1_34' title='bbox 597 548 762 625; x_wconf 85' lang='lat' dir='ltr'><strong>argumenti</strong></span> <span class='ocrx_word' id='word_1_35' title='bbox 781 559 870 625; x_wconf 87' lang='lat' dir='ltr'><strong>poeta</strong></span> <span class='ocrx_word' id='word_1_36' title='bbox 888 546 1019 625; x_wconf 86' lang='lat' dir='ltr'><strong>reperiri,</strong></span> <span class='ocrx_word' id='word_1_37' title='bbox 1034 547 1177 624; x_wconf 76' lang='lat' dir='ltr'><strong>siquidem</strong></span> <span class='ocrx_word' id='word_1_38' title='bbox 1197 558 1228 605; x_wconf 89' lang='lat' dir='ltr'><strong>et</strong></span> <span class='ocrx_word' id='word_1_39' title='bbox 1245 544 1334 614; x_wconf 75' lang='lat' dir='ltr'><strong>altam</strong></span> <span class='ocrx_word' id='word_1_40' title='bbox 1352 544 1390 603; x_wconf 87' lang='lat' dir='ltr'><strong>eni</strong></span> 
     </span>
     <span class='ocr_line' id='line_1_6' title="bbox 262 627 1390 704; baseline -0.004 -17"><span class='ocrx_word' id='word_1_41' title='bbox 262 648 368 687; x_wconf 89' lang='lat' dir='ltr'><strong>nomen</strong></span> <span class='ocrx_word' id='word_1_42' title='bbox 384 642 431 687; x_wconf 89' lang='lat' dir='ltr'><strong>est</strong></span> <span class='ocrx_word' id='word_1_43' title='bbox 447 628 565 699; x_wconf 80' lang='lat' dir='ltr'>Cocalo,</span> <span class='ocrx_word' id='word_1_44' title='bbox 587 628 717 688; x_wconf 80' lang='lat' dir='ltr'><strong>fabulam</strong></span> <span class='ocrx_word' id='word_1_45' title='bbox 737 642 918 687; x_wconf 85' lang='lat' dir='ltr'><strong>commentus</strong></span> <span class='ocrx_word' id='word_1_46' title='bbox 935 647 999 686; x_wconf 86' lang='lat' dir='ltr'><strong>ease</strong></span> <span class='ocrx_word' id='word_1_47' title='bbox 1023 627 1138 698; x_wconf 89' lang='lat' dir='ltr'><strong>dicitur,</strong></span> <span class='ocrx_word' id='word_1_48' title='bbox 1152 627 1182 685; x_wconf 90' lang='lat' dir='ltr'><strong>in</strong></span> <span class='ocrx_word' id='word_1_49' title='bbox 1196 648 1254 704; x_wconf 92' lang='lat' dir='ltr'><strong>qua</strong></span> <span class='ocrx_word' id='word_1_50' title='bbox 1266 627 1390 704; x_wconf 80' lang='lat' dir='ltr'><strong>virginum</strong></span> 
     </span>
     <span class='ocr_line' id='line_1_7' title="bbox 264 706 1392 787; baseline -0.004 -19"><span class='ocrx_word' id='word_1_51' title='bbox 264 710 505 787; x_wconf 83' lang='lat' dir='ltr'><strong>compressiones,</strong></span> <span class='ocrx_word' id='word_1_52' title='bbox 529 708 694 787; x_wconf 68' lang='lat' dir='ltr'><strong>agnitaeque</strong></span> <span class='ocrx_word' id='word_1_53' title='bbox 719 710 898 787; x_wconf 74' lang='lat' dir='ltr'>agitarentur</span> <span class='ocrx_word' id='word_1_54' title='bbox 923 708 1090 767; x_wconf 85' lang='lat' dir='ltr'><strong>affinitates.</strong></span> <span class='ocrx_word' id='word_1_55' title='bbox 1137 709 1264 767; x_wconf 87' lang='lat' dir='ltr'><strong>Demum</strong></span> <span class='ocrx_word' id='word_1_56' title='bbox 1285 706 1392 765; x_wconf 89' lang='lat' dir='ltr'><strong>Athenis</strong></span> 
     </span>
     <span class='ocr_line' id='line_1_8' title="bbox 264 787 1391 869; baseline -0.005 -20"><span class='ocrx_word' id='word_1_57' title='bbox 264 788 464 849; x_wconf 75' lang='lat' dir='ltr'><strong>Macedonum</strong></span> <span class='ocrx_word' id='word_1_58' title='bbox 477 788 639 869; x_wconf 75' lang='lat' dir='ltr'><strong>petulantia</strong></span> <span class='ocrx_word' id='word_1_59' title='bbox 652 788 824 868; x_wconf 86' lang='lat' dir='ltr'><strong>subjugatis,</strong></span> <span class='ocrx_word' id='word_1_60' title='bbox 839 810 889 849; x_wconf 91' lang='lat' dir='ltr'><strong>eas</strong></span> <span class='ocrx_word' id='word_1_61' title='bbox 902 790 1042 848; x_wconf 89' lang='lat' dir='ltr'><strong>continuo</strong></span> <span class='ocrx_word' id='word_1_62' title='bbox 1060 788 1183 848; x_wconf 83' lang='lat' dir='ltr'><strong>fabellas</strong></span> <span class='ocrx_word' id='word_1_63' title='bbox 1203 789 1288 847; x_wconf 86' lang='lat' dir='ltr'><strong>edere</strong></span> <span class='ocrx_word' id='word_1_64' title='bbox 1304 787 1391 847; x_wconf 90' lang='lat' dir='ltr'><strong>studu-</strong></span> 
     </span>
     <span class='ocr_line' id='line_1_9' title="bbox 263 868 1391 949; baseline -0.004 -21"><span class='ocrx_word' id='word_1_65' title='bbox 263 884 350 929; x_wconf 88' lang='lat' dir='ltr'><strong>erunt</strong></span> <span class='ocrx_word' id='word_1_66' title='bbox 374 884 481 949; x_wconf 81' lang='lat' dir='ltr'><strong>poetae,</strong></span> <span class='ocrx_word' id='word_1_67' title='bbox 505 872 611 947; x_wconf 87' lang='lat' dir='ltr'><strong>quibua</strong></span> <span class='ocrx_word' id='word_1_68' title='bbox 632 870 751 930; x_wconf 88' lang='lat' dir='ltr'><strong>illorum</strong></span> <span class='ocrx_word' id='word_1_69' title='bbox 773 872 936 948; x_wconf 89' lang='lat' dir='ltr'><strong>impuritati</strong></span> <span class='ocrx_word' id='word_1_70' title='bbox 960 870 1141 929; x_wconf 80' lang='lat' dir='ltr'><strong>satisfactum</strong></span> <span class='ocrx_word' id='word_1_71' title='bbox 1164 890 1229 929; x_wconf 85' lang='lat' dir='ltr'><strong>ease</strong></span> <span class='ocrx_word' id='word_1_72' title='bbox 1252 868 1391 927; x_wconf 86' lang='lat' dir='ltr'><strong>rideretur.</strong></span> 
     </span>
     <span class='ocr_line' id='line_1_10' title="bbox 265 948 1391 1029; baseline -0.004 -19"><span class='ocrx_word' id='word_1_73' title='bbox 265 952 510 1029; x_wconf 86' lang='lat' dir='ltr'><strong>Quandoquidem</strong></span> <span class='ocrx_word' id='word_1_74' title='bbox 525 950 571 1010; x_wconf 85' lang='lat' dir='ltr'><strong>rel</strong></span> <span class='ocrx_word' id='word_1_75' title='bbox 586 970 624 1009; x_wconf 87' lang='lat' dir='ltr'><strong>ex</strong></span> <span class='ocrx_word' id='word_1_76' title='bbox 639 952 777 1010; x_wconf 87' lang='lat' dir='ltr'><strong>Athenaei</strong></span> <span class='ocrx_word' id='word_1_77' title='bbox 796 952 993 1011; x_wconf 90' lang='lat' dir='ltr'><strong>monumentis</strong></span> <span class='ocrx_word' id='word_1_78' title='bbox 1014 951 1099 1009; x_wconf 75' lang='lat' dir='ltr'><strong>facile</strong></span> <span class='ocrx_word' id='word_1_79' title='bbox 1119 970 1274 1028; x_wconf 86' lang='lat' dir='ltr'><strong>possumus</strong></span> <span class='ocrx_word' id='word_1_80' title='bbox 1292 948 1391 1027; x_wconf 85' lang='lat' dir='ltr'><strong>conjec-</strong></span> 
     </span>
     <span class='ocr_line' id='line_1_11' title="bbox 263 1028 1392 1111; baseline -0.004 -20"><span class='ocrx_word' id='word_1_81' title='bbox 263 1044 337 1102; x_wconf 88' lang='lat' dir='ltr'><strong>tare,</strong></span> <span class='ocrx_word' id='word_1_82' title='bbox 358 1033 438 1110; x_wconf 91' lang='lat' dir='ltr'><strong>quod</strong></span> <span class='ocrx_word' id='word_1_83' title='bbox 463 1032 541 1111; x_wconf 80' lang='lat' dir='ltr'><strong>gulas</strong></span> <span class='ocrx_word' id='word_1_84' title='bbox 562 1034 732 1109; x_wconf 70' lang='lat' dir='ltr'><strong>ventrisque</strong></span> <span class='ocrx_word' id='word_1_85' title='bbox 758 1034 879 1091; x_wconf 80' lang='lat' dir='ltr'><strong>servitio</strong></span> <span class='ocrx_word' id='word_1_86' title='bbox 900 1031 1081 1092; x_wconf 79' lang='lat' dir='ltr'><strong>Macedones</strong></span> <span class='ocrx_word' id='word_1_87' title='bbox 1100 1032 1211 1090; x_wconf 84' lang='lat' dir='ltr'><strong>suerint</strong></span> <span class='ocrx_word' id='word_1_88' title='bbox 1230 1028 1392 1106; x_wconf 86' lang='lat' dir='ltr'><strong>emancipati.</strong></span> 
     </span>
     <span class='ocr_line' id='line_1_12' title="bbox 262 1109 1391 1191; baseline -0.003 -20"><span class='ocrx_word' id='word_1_89' title='bbox 262 1111 428 1173; x_wconf 84' lang='lat' dir='ltr'><strong>Menander</strong></span> <span class='ocrx_word' id='word_1_90' title='bbox 441 1113 539 1191; x_wconf 88' lang='lat' dir='ltr'><strong>itaque</strong></span> <span class='ocrx_word' id='word_1_91' title='bbox 553 1134 616 1172; x_wconf 82' lang='lat' dir='ltr'><strong>sure</strong></span> <span class='ocrx_word' id='word_1_92' title='bbox 632 1114 798 1191; x_wconf 86' lang='lat' dir='ltr'><strong>tempestati</strong></span> <span class='ocrx_word' id='word_1_93' title='bbox 812 1134 923 1172; x_wconf 89' lang='lat' dir='ltr'><strong>morem</strong></span> <span class='ocrx_word' id='word_1_94' title='bbox 940 1125 1088 1191; x_wconf 85' lang='lat' dir='ltr'><strong>gesturus,</strong></span> <span class='ocrx_word' id='word_1_95' title='bbox 1102 1112 1276 1171; x_wconf 88' lang='lat' dir='ltr'><strong>cotnoediam</strong></span> <span class='ocrx_word' id='word_1_96' title='bbox 1289 1113 1325 1170; x_wconf 89' lang='lat' dir='ltr'><strong>ab</strong></span> <span class='ocrx_word' id='word_1_97' title='bbox 1337 1109 1391 1168; x_wconf 92' lang='lat' dir='ltr'><strong>Ari-</strong></span> 
     </span>
     <span class='ocr_line' id='line_1_13' title="bbox 264 1191 1393 1272; baseline -0.005 -19"><span class='ocrx_word' id='word_1_98' title='bbox 264 1195 414 1272; x_wconf 86' lang='lat' dir='ltr'><strong>stophanis</strong></span> <span class='ocrx_word' id='word_1_99' title='bbox 434 1192 543 1253; x_wconf 83' lang='lat' dir='ltr'><strong>Cocalo</strong></span> <span class='ocrx_word' id='word_1_100' title='bbox 564 1194 686 1253; x_wconf 81' lang='lat' dir='ltr'><strong>feliciter</strong></span> <span class='ocrx_word' id='word_1_101' title='bbox 707 1194 865 1253; x_wconf 87' lang='lat' dir='ltr'><strong>admodum</strong></span> <span class='ocrx_word' id='word_1_102' title='bbox 885 1207 931 1252; x_wconf 91' lang='lat' dir='ltr'><strong>est</strong></span> <span class='ocrx_word' id='word_1_103' title='bbox 950 1195 1134 1271; x_wconf 89' lang='lat' dir='ltr'><strong>auspicatus:</strong></span> <span class='ocrx_word' id='word_1_104' title='bbox 1155 1194 1203 1251; x_wconf 90' lang='lat' dir='ltr'><strong>eui</strong></span> <span class='ocrx_word' id='word_1_105' title='bbox 1223 1194 1266 1252; x_wconf 91' lang='lat' dir='ltr'><strong>sic</strong></span> <span class='ocrx_word' id='word_1_106' title='bbox 1285 1191 1393 1251; x_wconf 81' lang='lat' dir='ltr'><strong>Ovidius</strong></span> 
     </span>
     <span class='ocr_line' id='line_1_14' title="bbox 262 1274 1393 1353; baseline -0.004 -19"><span class='ocrx_word' id='word_1_107' title='bbox 262 1274 367 1335; x_wconf 86' lang='lat' dir='ltr'><strong>alludit</strong></span> <span class='ocrx_word' id='word_1_108' title='bbox 380 1275 525 1335; x_wconf 89' lang='lat' dir='ltr'><strong>Amorum</strong></span> <span class='ocrx_word' id='word_1_109' title='bbox 538 1274 675 1344; x_wconf 85' lang='lat' dir='ltr'><strong>secundo,</strong></span> <span class='ocrx_word' id='word_1_110' title='bbox 687 1275 771 1334; x_wconf 92' lang='lat' dir='ltr'><strong>nobis</strong></span> <span class='ocrx_word' id='word_1_111' title='bbox 785 1276 880 1333; x_wconf 89' lang='lat' dir='ltr'><strong>obiter</strong></span> <span class='ocrx_word' id='word_1_112' title='bbox 893 1294 1027 1351; x_wconf 75' lang='lat' dir='ltr'><strong>quasnam</strong></span> <span class='ocrx_word' id='word_1_113' title='bbox 1041 1274 1151 1333; x_wconf 83' lang='lat' dir='ltr'><strong>fuerint</strong></span> <span class='ocrx_word' id='word_1_114' title='bbox 1163 1274 1229 1353; x_wconf 89' lang='lat' dir='ltr'><strong>ejus</strong></span> <span class='ocrx_word' id='word_1_115' title='bbox 1242 1284 1393 1352; x_wconf 84' lang='lat' dir='ltr'><strong>argumenta</strong></span> 
     </span>
     <span class='ocr_line' id='line_1_15' title="bbox 263 1356 474 1427; baseline 0 -12"><span class='ocrx_word' id='word_1_116' title='bbox 263 1356 474 1427; x_wconf 86' lang='lat' dir='ltr'><strong>demonstrans,</strong></span> 
     </span>
     <span class='ocr_line' id='line_1_16' title="bbox 471 1444 1158 1516; baseline 0 -16"><span class='ocrx_word' id='word_1_117' title='bbox 471 1445 547 1501; x_wconf 87' lang='lat' dir='ltr'><strong>Dum</strong></span> <span class='ocrx_word' id='word_1_118' title='bbox 559 1446 641 1501; x_wconf 81' lang='lat' dir='ltr'><strong>fallax</strong></span> <span class='ocrx_word' id='word_1_119' title='bbox 653 1460 756 1511; x_wconf 86' lang='lat' dir='ltr'><strong>servus,</strong></span> <span class='ocrx_word' id='word_1_120' title='bbox 770 1444 853 1499; x_wconf 90' lang='lat' dir='ltr'><strong>durus</strong></span> <span class='ocrx_word' id='word_1_121' title='bbox 864 1453 950 1516; x_wconf 85' lang='lat' dir='ltr'><strong>pater,</strong></span> <span class='ocrx_word' id='word_1_122' title='bbox 962 1445 1087 1515; x_wconf 87' lang='lat' dir='ltr'><strong>improba</strong></span> <span class='ocrx_word' id='word_1_123' title='bbox 1096 1446 1158 1500; x_wconf 88' lang='lat' dir='ltr'><strong>lena</strong></span> 
     </span>
     <span class='ocr_line' id='line_1_17' title="bbox 471 1516 1123 1594; baseline 0 -23"><span class='ocrx_word' id='word_1_124' title='bbox 471 1516 576 1571; x_wconf 83' lang='lat' dir='ltr'><strong>Virerit</strong></span> <span class='ocrx_word' id='word_1_125' title='bbox 587 1526 614 1571; x_wconf 90' lang='lat' dir='ltr'><strong>et</strong></span> <span class='ocrx_word' id='word_1_126' title='bbox 626 1518 752 1571; x_wconf 82' lang='lat' dir='ltr'><strong>meretrix</strong></span> <span class='ocrx_word' id='word_1_127' title='bbox 763 1516 871 1581; x_wconf 89' lang='lat' dir='ltr'><strong>blanda,</strong></span> <span class='ocrx_word' id='word_1_128' title='bbox 885 1516 1052 1594; x_wconf 85' lang='lat' dir='ltr'><strong>Menandros</strong></span> <span class='ocrx_word' id='word_1_129' title='bbox 1063 1516 1123 1571; x_wconf 87' lang='lat' dir='ltr'><strong>erit.</strong></span> 
     </span>
    </p>

    <p class='ocr_par' dir='ltr' id='par_1_4' title="bbox 214 1602 1398 4516">
     <span class='ocr_line' id='line_1_18' title="bbox 264 1602 1394 1683; baseline -0.004 -18"><span class='ocrx_word' id='word_1_130' title='bbox 264 1604 354 1671; x_wconf 83' lang='lat' dir='ltr'><strong>Quod</strong></span> <span class='ocrx_word' id='word_1_131' title='bbox 367 1627 420 1665; x_wconf 89' lang='lat' dir='ltr'><strong>nos</strong></span> <span class='ocrx_word' id='word_1_132' title='bbox 435 1626 500 1665; x_wconf 90' lang='lat' dir='ltr'><strong>cum</strong></span> <span class='ocrx_word' id='word_1_133' title='bbox 516 1605 624 1665; x_wconf 89' lang='lat' dir='ltr'><strong>Graeco</strong></span> <span class='ocrx_word' id='word_1_134' title='bbox 643 1606 769 1664; x_wconf 87' lang='lat' dir='ltr'><strong>carmine</strong></span> <span class='ocrx_word' id='word_1_135' title='bbox 788 1605 923 1664; x_wconf 90' lang='lat' dir='ltr'><strong>ludentes</strong></span> <span class='ocrx_word' id='word_1_136' title='bbox 942 1606 971 1664; x_wconf 91' lang='lat' dir='ltr'><strong>in</strong></span> <span class='ocrx_word' id='word_1_137' title='bbox 990 1606 1137 1683; x_wconf 79' lang='lat' dir='ltr'><strong>egregiam</strong></span> <span class='ocrx_word' id='word_1_138' title='bbox 1152 1604 1283 1664; x_wconf 86' lang='lat' dir='ltr'><strong>Terentii</strong></span> <span class='ocrx_word' id='word_1_139' title='bbox 1295 1602 1394 1663; x_wconf 87' lang='lat' dir='ltr'><strong>laudern</strong></span> 
     </span>
     <span class='ocr_line' id='line_1_19' title="bbox 262 1684 1395 1765; baseline -0.003 -22"><span class='ocrx_word' id='word_1_140' title='bbox 262 1686 460 1755; x_wconf 63' lang='lat' dir='ltr'><strong>reminemus,</strong></span> <span class='ocrx_word' id='word_1_141' title='bbox 477 1687 529 1745; x_wconf 89' lang='lat' dir='ltr'><strong>tibi</strong></span> <span class='ocrx_word' id='word_1_142' title='bbox 550 1686 762 1765; x_wconf 89' lang='lat' dir='ltr'><strong>pulcherrimos</strong></span> <span class='ocrx_word' id='word_1_143' title='bbox 783 1686 926 1746; x_wconf 88' lang='lat' dir='ltr'><strong>condendi</strong></span> <span class='ocrx_word' id='word_1_144' title='bbox 948 1688 1059 1745; x_wconf 88' lang='lat' dir='ltr'><strong>iambos</strong></span> <span class='ocrx_word' id='word_1_145' title='bbox 1081 1686 1196 1745; x_wconf 89' lang='lat' dir='ltr'><strong>dedisse</strong></span> <span class='ocrx_word' id='word_1_146' title='bbox 1217 1689 1314 1745; x_wconf 75' lang='lat' dir='ltr'><strong>andam</strong></span> <span class='ocrx_word' id='word_1_147' title='bbox 1327 1684 1395 1743; x_wconf 80' lang='lat' dir='ltr'><strong>vide·</strong></span> 
     </span>
     <span class='ocr_line' id='line_1_20' title="bbox 262 1765 1394 1846; baseline -0.004 -21"><span class='ocrx_word' id='word_1_148' title='bbox 262 1786 338 1825; x_wconf 91' lang='lat' dir='ltr'><strong>rnur.</strong></span> <span class='ocrx_word' id='word_1_149' title='bbox 381 1766 530 1827; x_wconf 83' lang='lat' dir='ltr'><strong>Caeterurn</strong></span> <span class='ocrx_word' id='word_1_150' title='bbox 549 1768 605 1826; x_wconf 80' lang='lat' dir='ltr'><strong>luit</strong></span> <span class='ocrx_word' id='word_1_151' title='bbox 629 1780 696 1827; x_wconf 91' lang='lat' dir='ltr'><strong>octo</strong></span> <span class='ocrx_word' id='word_1_152' title='bbox 721 1779 835 1826; x_wconf 87' lang='lat' dir='ltr'><strong>tanturn</strong></span> <span class='ocrx_word' id='word_1_153' title='bbox 859 1767 943 1826; x_wconf 89' lang='lat' dir='ltr'><strong>annis</strong></span> <span class='ocrx_word' id='word_1_154' title='bbox 958 1768 1061 1846; x_wconf 87' lang='lat' dir='ltr'><strong>junior</strong></span> <span class='ocrx_word' id='word_1_155' title='bbox 1076 1766 1257 1838; x_wconf 83' lang='lat' dir='ltr'><strong>Alexandro,</strong></span> <span class='ocrx_word' id='word_1_156' title='bbox 1271 1765 1394 1842; x_wconf 84' lang='lat' dir='ltr'><strong>sanguina</strong></span> 
     </span>
     <span class='ocr_line' id='line_1_21' title="bbox 262 1843 1395 1926; baseline -0.004 -21"><span class='ocrx_word' id='word_1_157' title='bbox 262 1848 370 1907; x_wconf 88' lang='lat' dir='ltr'><strong>nobilis</strong></span> <span class='ocrx_word' id='word_1_158' title='bbox 393 1863 423 1907; x_wconf 88' lang='lat' dir='ltr'><strong>ct</strong></span> <span class='ocrx_word' id='word_1_159' title='bbox 445 1868 560 1907; x_wconf 87' lang='lat' dir='ltr'><strong>morum</strong></span> <span class='ocrx_word' id='word_1_160' title='bbox 586 1849 756 1926; x_wconf 82' lang='lat' dir='ltr'><strong>integritate</strong></span> <span class='ocrx_word' id='word_1_161' title='bbox 783 1847 952 1926; x_wconf 72' lang='lat' dir='ltr'><strong>praeclarus.</strong></span> <span class='ocrx_word' id='word_1_162' title='bbox 994 1848 1180 1925; x_wconf 84' lang='lat' dir='ltr'><strong>Alexideque</strong></span> <span class='ocrx_word' id='word_1_163' title='bbox 1201 1847 1250 1925; x_wconf 90' lang='lat' dir='ltr'><strong>(ut</strong></span> <span class='ocrx_word' id='word_1_164' title='bbox 1272 1843 1395 1917; x_wconf 81' lang='lat' dir='ltr'><strong>arbitror)</strong></span> 
     </span>
     <span class='ocr_line' id='line_1_22' title="bbox 262 1928 1396 2007; baseline -0.005 -20"><span class='ocrx_word' id='word_1_165' title='bbox 262 1940 447 2007; x_wconf 84' lang='lat' dir='ltr'><strong>praeceptore</strong></span> <span class='ocrx_word' id='word_1_166' title='bbox 463 1929 526 2007; x_wconf 89' lang='lat' dir='ltr'><strong>jam</strong></span> <span class='ocrx_word' id='word_1_167' title='bbox 547 1928 716 1988; x_wconf 74' lang='lat' dir='ltr'><strong>adolescens</strong></span> <span class='ocrx_word' id='word_1_168' title='bbox 736 1928 807 1987; x_wconf 88' lang='lat' dir='ltr'><strong>dare</strong></span> <span class='ocrx_word' id='word_1_169' title='bbox 828 1929 942 1988; x_wconf 83' lang='lat' dir='ltr'><strong>fabulas</strong></span> <span class='ocrx_word' id='word_1_170' title='bbox 962 1930 1062 2007; x_wconf 85' lang='lat' dir='ltr'><strong>coepit,</strong></span> <span class='ocrx_word' id='word_1_171' title='bbox 1077 1950 1145 2006; x_wconf 85' lang='lat' dir='ltr'><strong>quae</strong></span> <span class='ocrx_word' id='word_1_172' title='bbox 1158 1943 1278 1988; x_wconf 84' lang='lat' dir='ltr'><strong>centum</strong></span> <span class='ocrx_word' id='word_1_173' title='bbox 1296 1941 1324 1987; x_wconf 89' lang='lat' dir='ltr'><strong>et</strong></span> <span class='ocrx_word' id='word_1_174' title='bbox 1340 1938 1396 1985; x_wconf 88' lang='lat' dir='ltr'><strong>octo</strong></span> 
     </span>
     <span class='ocr_line' id='line_1_23' title="bbox 262 2009 1396 2087; baseline -0.003 -19"><span class='ocrx_word' id='word_1_175' title='bbox 262 2028 383 2069; x_wconf 87' lang='lat' dir='ltr'><strong>numero</strong></span> <span class='ocrx_word' id='word_1_176' title='bbox 411 2030 508 2069; x_wconf 87' lang='lat' dir='ltr'><strong>coram</strong></span> <span class='ocrx_word' id='word_1_177' title='bbox 532 2010 707 2068; x_wconf 83' lang='lat' dir='ltr'><strong>doctissimis</strong></span> <span class='ocrx_word' id='word_1_178' title='bbox 733 2011 896 2086; x_wconf 90' lang='lat' dir='ltr'><strong>quibusque</strong></span> <span class='ocrx_word' id='word_1_179' title='bbox 924 2022 1077 2080; x_wconf 88' lang='lat' dir='ltr'><strong>steterunt,</strong></span> <span class='ocrx_word' id='word_1_180' title='bbox 1100 2010 1147 2068; x_wconf 88' lang='lat' dir='ltr'><strong>vel</strong></span> <span class='ocrx_word' id='word_1_181' title='bbox 1169 2009 1297 2087; x_wconf 86' lang='lat' dir='ltr'><strong>quinque</strong></span> <span class='ocrx_word' id='word_1_182' title='bbox 1321 2026 1396 2084; x_wconf 87' lang='lat' dir='ltr'><strong>supra</strong></span> 
     </span>
     <span class='ocr_line' id='line_1_24' title="bbox 263 2082 1396 2169; baseline -0.007 -19"><span class='ocrx_word' id='word_1_183' title='bbox 263 2082 388 2159; x_wconf 79' lang='lat' dir='ltr'><strong>tannim,</strong></span> <span class='ocrx_word' id='word_1_184' title='bbox 410 2102 443 2149; x_wconf 92' lang='lat' dir='ltr'><strong>ut</strong></span> <span class='ocrx_word' id='word_1_185' title='bbox 462 2092 600 2149; x_wconf 89' lang='lat' dir='ltr'><strong>cecinisse</strong></span> <span class='ocrx_word' id='word_1_186' title='bbox 616 2089 829 2169; x_wconf 91' lang='lat' dir='ltr'><strong>Apollodorum</strong></span> <span class='ocrx_word' id='word_1_187' title='bbox 851 2089 967 2149; x_wconf 89' lang='lat' dir='ltr'><strong>Gellius</strong></span> <span class='ocrx_word' id='word_1_188' title='bbox 986 2092 1098 2150; x_wconf 89' lang='lat' dir='ltr'><strong>scribit.</strong></span> <span class='ocrx_word' id='word_1_189' title='bbox 1139 2090 1274 2149; x_wconf 87' lang='lat' dir='ltr'><strong>Tandem</strong></span> <span class='ocrx_word' id='word_1_190' title='bbox 1289 2086 1396 2149; x_wconf 86' lang='lat' dir='ltr'><strong>Athenis</strong></span> 
     </span>
     <span class='ocr_line' id='line_1_25' title="bbox 260 2169 1396 2251; baseline -0.004 -22"><span class='ocrx_word' id='word_1_191' title='bbox 260 2170 291 2231; x_wconf 90' lang='lat' dir='ltr'><strong>in</strong></span> <span class='ocrx_word' id='word_1_192' title='bbox 306 2172 401 2251; x_wconf 85' lang='lat' dir='ltr'><strong>patria</strong></span> <span class='ocrx_word' id='word_1_193' title='bbox 414 2172 488 2230; x_wconf 89' lang='lat' dir='ltr'><strong>duos</strong></span> <span class='ocrx_word' id='word_1_194' title='bbox 502 2185 532 2231; x_wconf 89' lang='lat' dir='ltr'><strong>et</strong></span> <span class='ocrx_word' id='word_1_195' title='bbox 545 2172 756 2249; x_wconf 88' lang='lat' dir='ltr'><strong>quinquaginta</strong></span> <span class='ocrx_word' id='word_1_196' title='bbox 769 2183 855 2230; x_wconf 89' lang='lat' dir='ltr'><strong>natus</strong></span> <span class='ocrx_word' id='word_1_197' title='bbox 876 2191 968 2231; x_wconf 89' lang='lat' dir='ltr'><strong>annos</strong></span> <span class='ocrx_word' id='word_1_198' title='bbox 986 2172 1061 2231; x_wconf 90' lang='lat' dir='ltr'><strong>obiit</strong></span> <span class='ocrx_word' id='word_1_199' title='bbox 1078 2185 1212 2241; x_wconf 88' lang='lat' dir='ltr'><strong>mortem,</strong></span> <span class='ocrx_word' id='word_1_200' title='bbox 1227 2171 1338 2230; x_wconf 87' lang='lat' dir='ltr'><strong>decimo</strong></span> <span class='ocrx_word' id='word_1_201' title='bbox 1349 2169 1396 2226; x_wconf 91' lang='lat' dir='ltr'><strong>sci·</strong></span> 
     </span>
     <span class='ocr_line' id='line_1_26' title="bbox 260 2249 1397 2331; baseline -0.004 -21"><span class='ocrx_word' id='word_1_202' title='bbox 260 2251 331 2311; x_wconf 89' lang='lat' dir='ltr'><strong>licet</strong></span> <span class='ocrx_word' id='word_1_203' title='bbox 345 2265 411 2312; x_wconf 89' lang='lat' dir='ltr'><strong>ante</strong></span> <span class='ocrx_word' id='word_1_204' title='bbox 425 2252 534 2311; x_wconf 88' lang='lat' dir='ltr'><strong>bellum</strong></span> <span class='ocrx_word' id='word_1_205' title='bbox 551 2252 775 2312; x_wconf 87' lang='lat' dir='ltr'><strong>Macedonicum</strong></span> <span class='ocrx_word' id='word_1_206' title='bbox 789 2272 875 2321; x_wconf 88' lang='lat' dir='ltr'><strong>anno,</strong></span> <span class='ocrx_word' id='word_1_207' title='bbox 891 2252 970 2330; x_wconf 90' lang='lat' dir='ltr'><strong>quod</strong></span> <span class='ocrx_word' id='word_1_208' title='bbox 983 2252 1114 2331; x_wconf 87' lang='lat' dir='ltr'><strong>Pyrrhus</strong></span> <span class='ocrx_word' id='word_1_209' title='bbox 1133 2271 1200 2311; x_wconf 88' lang='lat' dir='ltr'><strong>cum</strong></span> <span class='ocrx_word' id='word_1_210' title='bbox 1220 2252 1328 2331; x_wconf 89' lang='lat' dir='ltr'><strong>populo</strong></span> <span class='ocrx_word' id='word_1_211' title='bbox 1347 2249 1397 2307; x_wconf 88' lang='lat' dir='ltr'><strong>Ro·</strong></span> 
     </span>
     <span class='ocr_line' id='line_1_27' title="bbox 262 2328 1396 2412; baseline -0.008 -20"><span class='ocrx_word' id='word_1_212' title='bbox 262 2354 348 2393; x_wconf 89' lang='lat' dir='ltr'><strong>mano</strong></span> <span class='ocrx_word' id='word_1_213' title='bbox 375 2334 467 2412; x_wconf 85' lang='lat' dir='ltr'><strong>gessit</strong></span> <span class='ocrx_word' id='word_1_214' title='bbox 493 2334 675 2392; x_wconf 88' lang='lat' dir='ltr'><strong>acerrimum.</strong></span> <span class='ocrx_word' id='word_1_215' title='bbox 729 2332 792 2392; x_wconf 91' lang='lat' dir='ltr'><strong>Nec</strong></span> <span class='ocrx_word' id='word_1_216' title='bbox 816 2331 888 2391; x_wconf 82' lang='lat' dir='ltr'><strong>solae</strong></span> <span class='ocrx_word' id='word_1_217' title='bbox 911 2332 1029 2410; x_wconf 85' lang='lat' dir='ltr'><strong>quidem</strong></span> <span class='ocrx_word' id='word_1_218' title='bbox 1054 2334 1102 2391; x_wconf 74' lang='lat' dir='ltr'><strong>ba·</strong></span> <span class='ocrx_word' id='word_1_219' title='bbox 1126 2328 1284 2392; x_wconf 89' lang='lat' dir='ltr'><strong>Menandri</strong></span> <span class='ocrx_word' id='word_1_220' title='bbox 1306 2329 1396 2391; x_wconf 80' lang='lat' dir='ltr'><strong>fabola</strong></span> 
     </span>
     <span class='ocr_line' id='line_1_28' title="bbox 263 2410 1396 2490; baseline -0.006 -17"><span class='ocrx_word' id='word_1_221' title='bbox 263 2413 462 2473; x_wconf 90' lang='lat' dir='ltr'><strong>Macedonum</strong></span> <span class='ocrx_word' id='word_1_222' title='bbox 483 2414 599 2473; x_wconf 87' lang='lat' dir='ltr'><strong>lumbos</strong></span> <span class='ocrx_word' id='word_1_223' title='bbox 618 2413 665 2489; x_wconf 91' lang='lat' dir='ltr'><strong>(ut</strong></span> <span class='ocrx_word' id='word_1_224' title='bbox 685 2412 731 2473; x_wconf 93' lang='lat' dir='ltr'><strong>his</strong></span> <span class='ocrx_word' id='word_1_225' title='bbox 754 2427 820 2473; x_wconf 86' lang='lat' dir='ltr'><strong>utar</strong></span> <span class='ocrx_word' id='word_1_226' title='bbox 838 2412 931 2471; x_wconf 86' lang='lat' dir='ltr'><strong>Persii</strong></span> <span class='ocrx_word' id='word_1_227' title='bbox 945 2412 1057 2490; x_wconf 82' lang='lat' dir='ltr'><strong>verbis)</strong></span> <span class='ocrx_word' id='word_1_228' title='bbox 1071 2415 1225 2484; x_wconf 86' lang='lat' dir='ltr'><strong>intravere,</strong></span> <span class='ocrx_word' id='word_1_229' title='bbox 1241 2414 1333 2472; x_wconf 90' lang='lat' dir='ltr'><strong>sedet</strong></span> <span class='ocrx_word' id='word_1_230' title='bbox 1344 2410 1396 2469; x_wconf 79' lang='lat' dir='ltr'><strong>alia</strong></span> 
     </span>
     <span class='ocr_line' id='line_1_29' title="bbox 261 2494 1396 2574; baseline -0.005 -20"><span class='ocrx_word' id='word_1_231' title='bbox 261 2494 374 2574; x_wconf 81' lang='lat' dir='ltr'><strong>Diphili</strong></span> <span class='ocrx_word' id='word_1_232' title='bbox 395 2495 512 2573; x_wconf 84' lang='lat' dir='ltr'><strong>Sinopei</strong></span> <span class='ocrx_word' id='word_1_233' title='bbox 533 2508 649 2555; x_wconf 88' lang='lat' dir='ltr'><strong>centurn</strong></span> <span class='ocrx_word' id='word_1_234' title='bbox 672 2494 908 2570; x_wconf 86' lang='lat' dir='ltr'><strong>Philemonisque</strong></span> <span class='ocrx_word' id='word_1_235' title='bbox 922 2496 1096 2572; x_wconf 82' lang='lat' dir='ltr'><strong>Syracusani</strong></span> <span class='ocrx_word' id='word_1_236' title='bbox 1110 2494 1307 2553; x_wconf 89' lang='lat' dir='ltr'><strong>Menandrum</strong></span> <span class='ocrx_word' id='word_1_237' title='bbox 1320 2512 1396 2551; x_wconf 74' lang='lat' dir='ltr'><strong>arnu-</strong></span> 
     </span>
     <span class='ocr_line' id='line_1_30' title="bbox 260 2571 1395 2653; baseline -0.004 -18"><span class='ocrx_word' id='word_1_238' title='bbox 260 2576 348 2635; x_wconf 89' lang='lat' dir='ltr'><strong>lantis</strong></span> <span class='ocrx_word' id='word_1_239' title='bbox 369 2578 429 2635; x_wconf 82' lang='lat' dir='ltr'><strong>fere</strong></span> <span class='ocrx_word' id='word_1_240' title='bbox 452 2576 575 2634; x_wconf 88' lang='lat' dir='ltr'><strong>totidem</strong></span> <span class='ocrx_word' id='word_1_241' title='bbox 597 2588 791 2635; x_wconf 87' lang='lat' dir='ltr'><strong>accesserunt.</strong></span> <span class='ocrx_word' id='word_1_242' title='bbox 835 2574 982 2635; x_wconf 69' lang='lat' dir='ltr'><strong>Praetereo</strong></span> <span class='ocrx_word' id='word_1_243' title='bbox 1002 2593 1075 2652; x_wconf 90' lang='lat' dir='ltr'><strong>quas</strong></span> <span class='ocrx_word' id='word_1_244' title='bbox 1096 2575 1305 2653; x_wconf 89' lang='lat' dir='ltr'><strong>Apollodorus,</strong></span> <span class='ocrx_word' id='word_1_245' title='bbox 1326 2571 1395 2631; x_wconf 90' lang='lat' dir='ltr'><strong>Posi·</strong></span> 
     </span>
     <span class='ocr_line' id='line_1_31' title="bbox 261 2653 1395 2736; baseline -0.004 -21"><span class='ocrx_word' id='word_1_246' title='bbox 261 2657 378 2736; x_wconf 88' lang='lat' dir='ltr'><strong>dlppus‚</strong></span> <span class='ocrx_word' id='word_1_247' title='bbox 394 2670 424 2715; x_wconf 89' lang='lat' dir='ltr'><strong>et</strong></span> <span class='ocrx_word' id='word_1_248' title='bbox 439 2654 619 2735; x_wconf 87' lang='lat' dir='ltr'><strong>Philippides</strong></span> <span class='ocrx_word' id='word_1_249' title='bbox 634 2656 817 2727; x_wconf 86' lang='lat' dir='ltr'><strong>addiderunt,</strong></span> <span class='ocrx_word' id='word_1_250' title='bbox 829 2676 863 2715; x_wconf 88' lang='lat' dir='ltr'><strong>ac</strong></span> <span class='ocrx_word' id='word_1_251' title='bbox 877 2658 985 2725; x_wconf 78' lang='lat' dir='ltr'><strong>caeteri,</strong></span> <span class='ocrx_word' id='word_1_252' title='bbox 997 2676 1070 2733; x_wconf 88' lang='lat' dir='ltr'><strong>quos</strong></span> <span class='ocrx_word' id='word_1_253' title='bbox 1084 2676 1162 2716; x_wconf 87' lang='lat' dir='ltr'><strong>nora</strong></span> <span class='ocrx_word' id='word_1_254' title='bbox 1175 2656 1320 2716; x_wconf 88' lang='lat' dir='ltr'><strong>comoedia</strong></span> <span class='ocrx_word' id='word_1_255' title='bbox 1331 2653 1395 2713; x_wconf 90' lang='lat' dir='ltr'><strong>cele·</strong></span> 
     </span>
     <span class='ocr_line' id='line_1_32' title="bbox 260 2734 1395 2816; baseline -0.006 -20"><span class='ocrx_word' id='word_1_256' title='bbox 260 2738 367 2797; x_wconf 82' lang='lat' dir='ltr'><strong>brarit.</strong></span> <span class='ocrx_word' id='word_1_257' title='bbox 410 2737 547 2796; x_wconf 75' lang='lat' dir='ltr'><strong>Proiecto</strong></span> <span class='ocrx_word' id='word_1_258' title='bbox 567 2738 641 2795; x_wconf 90' lang='lat' dir='ltr'><strong>mira</strong></span> <span class='ocrx_word' id='word_1_259' title='bbox 661 2738 718 2796; x_wconf 80' lang='lat' dir='ltr'><strong>fuit</strong></span> <span class='ocrx_word' id='word_1_260' title='bbox 732 2738 938 2815; x_wconf 85' lang='lat' dir='ltr'><strong>Aristophanis</strong></span> <span class='ocrx_word' id='word_1_261' title='bbox 952 2738 1093 2796; x_wconf 82' lang='lat' dir='ltr'><strong>felicitas:</strong></span> <span class='ocrx_word' id='word_1_262' title='bbox 1114 2738 1199 2816; x_wconf 86' lang='lat' dir='ltr'><strong>cujus</strong></span> <span class='ocrx_word' id='word_1_263' title='bbox 1213 2758 1272 2797; x_wconf 89' lang='lat' dir='ltr'><strong>una</strong></span> <span class='ocrx_word' id='word_1_264' title='bbox 1285 2734 1395 2795; x_wconf 83' lang='lat' dir='ltr'><strong>Cocalus</strong></span> 
     </span>
     <span class='ocr_line' id='line_1_33' title="bbox 261 2811 1396 2899; baseline -0.004 -21"><span class='ocrx_word' id='word_1_265' title='bbox 261 2816 509 2897; x_wconf 82' lang='lat' dir='ltr'><strong>equinquaginta</strong></span> <span class='ocrx_word' id='word_1_266' title='bbox 531 2832 657 2895; x_wconf 88' lang='lat' dir='ltr'><strong>quatuor</strong></span> <span class='ocrx_word' id='word_1_267' title='bbox 677 2816 736 2895; x_wconf 90' lang='lat' dir='ltr'><strong>(tot</strong></span> <span class='ocrx_word' id='word_1_268' title='bbox 755 2820 831 2877; x_wconf 89' lang='lat' dir='ltr'><strong>enim</strong></span> <span class='ocrx_word' id='word_1_269' title='bbox 852 2818 961 2877; x_wconf 87' lang='lat' dir='ltr'><strong>vidisse</strong></span> <span class='ocrx_word' id='word_1_270' title='bbox 985 2838 1017 2877; x_wconf 89' lang='lat' dir='ltr'><strong>se</strong></span> <span class='ocrx_word' id='word_1_271' title='bbox 1039 2819 1168 2878; x_wconf 90' lang='lat' dir='ltr'><strong>Thomas</strong></span> <span class='ocrx_word' id='word_1_272' title='bbox 1189 2818 1333 2899; x_wconf 83' lang='lat' dir='ltr'><strong>Magister</strong></span> <span class='ocrx_word' id='word_1_273' title='bbox 1351 2811 1396 2887; x_wconf 78' lang='lat' dir='ltr'><strong>ait)</strong></span> 
     </span>
     <span class='ocr_line' id='line_1_34' title="bbox 261 2898 1397 2977; baseline -0.002 -18"><span class='ocrx_word' id='word_1_274' title='bbox 261 2898 335 2959; x_wconf 83' lang='lat' dir='ltr'><strong>adeo</strong></span> <span class='ocrx_word' id='word_1_275' title='bbox 356 2898 462 2957; x_wconf 79' lang='lat' dir='ltr'><strong>multas</strong></span> <span class='ocrx_word' id='word_1_276' title='bbox 479 2900 662 2957; x_wconf 84' lang='lat' dir='ltr'><strong>diversorum</strong></span> <span class='ocrx_word' id='word_1_277' title='bbox 691 2912 844 2977; x_wconf 90' lang='lat' dir='ltr'><strong>poetarum</strong></span> <span class='ocrx_word' id='word_1_278' title='bbox 865 2899 979 2958; x_wconf 87' lang='lat' dir='ltr'><strong>fabulas</strong></span> <span class='ocrx_word' id='word_1_279' title='bbox 999 2901 1168 2977; x_wconf 84' lang='lat' dir='ltr'><strong>procrearit,</strong></span> <span class='ocrx_word' id='word_1_280' title='bbox 1184 2916 1253 2975; x_wconf 74' lang='lat' dir='ltr'><strong>quta</strong></span> <span class='ocrx_word' id='word_1_281' title='bbox 1272 2919 1335 2958; x_wconf 89' lang='lat' dir='ltr'><strong>curn</strong></span> <span class='ocrx_word' id='word_1_282' title='bbox 1354 2915 1397 2975; x_wconf 77' lang='lat' dir='ltr'><strong>pt·</strong></span> 
     </span>
     <span class='ocr_line' id='line_1_35' title="bbox 262 2976 1396 3058; baseline -0.006 -19"><span class='ocrx_word' id='word_1_283' title='bbox 262 2994 344 3040; x_wconf 87' lang='lat' dir='ltr'><strong>rente</strong></span> <span class='ocrx_word' id='word_1_284' title='bbox 366 3000 420 3039; x_wconf 92' lang='lat' dir='ltr'><strong>suo</strong></span> <span class='ocrx_word' id='word_1_285' title='bbox 443 2980 620 3057; x_wconf 87' lang='lat' dir='ltr'><strong>reliquisque</strong></span> <span class='ocrx_word' id='word_1_286' title='bbox 641 2994 773 3037; x_wconf 88' lang='lat' dir='ltr'><strong>veterum</strong></span> <span class='ocrx_word' id='word_1_287' title='bbox 795 2996 880 3058; x_wconf 81' lang='lat' dir='ltr'><strong>pene·</strong></span> <span class='ocrx_word' id='word_1_288' title='bbox 893 2982 1029 3040; x_wconf 87' lang='lat' dir='ltr'><strong>omnibus</strong></span> <span class='ocrx_word' id='word_1_289' title='bbox 1051 2984 1088 3039; x_wconf 91' lang='lat' dir='ltr'><strong>ab</strong></span> <span class='ocrx_word' id='word_1_290' title='bbox 1112 3002 1168 3039; x_wconf 90' lang='lat' dir='ltr'><strong>usu</strong></span> <span class='ocrx_word' id='word_1_291' title='bbox 1190 2995 1293 3040; x_wconf 91' lang='lat' dir='ltr'><strong>nostro</strong></span> <span class='ocrx_word' id='word_1_292' title='bbox 1316 2976 1396 3038; x_wconf 87' lang='lat' dir='ltr'><strong>suffu-</strong></span> 
     </span>
     <span class='ocr_line' id='line_1_36' title="bbox 262 3056 1397 3139; baseline -0.006 -18"><span class='ocrx_word' id='word_1_293' title='bbox 262 3075 345 3121; x_wconf 88' lang='lat' dir='ltr'><strong>rante</strong></span> <span class='ocrx_word' id='word_1_294' title='bbox 367 3074 497 3139; x_wconf 87' lang='lat' dir='ltr'><strong>tempore</strong></span> <span class='ocrx_word' id='word_1_295' title='bbox 514 3060 695 3119; x_wconf 86' lang='lat' dir='ltr'><strong>exciderunt.</strong></span> <span class='ocrx_word' id='word_1_296' title='bbox 739 3058 857 3120; x_wconf 89' lang='lat' dir='ltr'><strong>Utinam</strong></span> <span class='ocrx_word' id='word_1_297' title='bbox 872 3074 1007 3121; x_wconf 86' lang='lat' dir='ltr'><strong>extarent</strong></span> <span class='ocrx_word' id='word_1_298' title='bbox 1018 3061 1065 3119; x_wconf 84' lang='lat' dir='ltr'><strong>rel</strong></span> <span class='ocrx_word' id='word_1_299' title='bbox 1079 3062 1251 3131; x_wconf 69' lang='lat' dir='ltr'><strong>dimidiatae,</strong></span> <span class='ocrx_word' id='word_1_300' title='bbox 1265 3081 1322 3121; x_wconf 92' lang='lat' dir='ltr'><strong>non</strong></span> <span class='ocrx_word' id='word_1_301' title='bbox 1334 3056 1397 3117; x_wconf 86' lang='lat' dir='ltr'><strong>adeo</strong></span> 
     </span>
     <span class='ocr_line' id='line_1_37' title="bbox 262 3141 1397 3220; baseline -0.008 -18"><span class='ocrx_word' id='word_1_302' title='bbox 262 3142 360 3202; x_wconf 76' lang='lat' dir='ltr'><strong>forsan</strong></span> <span class='ocrx_word' id='word_1_303' title='bbox 382 3142 411 3199; x_wconf 91' lang='lat' dir='ltr'><strong>in</strong></span> <span class='ocrx_word' id='word_1_304' title='bbox 433 3142 586 3220; x_wconf 70' lang='lat' dir='ltr'><strong>prasentia</strong></span> <span class='ocrx_word' id='word_1_305' title='bbox 601 3141 717 3200; x_wconf 82' lang='lat' dir='ltr'><strong>fabulas</strong></span> <span class='ocrx_word' id='word_1_306' title='bbox 737 3142 942 3220; x_wconf 88' lang='lat' dir='ltr'><strong>perspiciendo</strong></span> <span class='ocrx_word' id='word_1_307' title='bbox 956 3143 1179 3202; x_wconf 78' lang='lat' dir='ltr'><strong>caecutiremus:</strong></span> <span class='ocrx_word' id='word_1_308' title='bbox 1200 3160 1256 3217; x_wconf 77' lang='lat' dir='ltr'><strong>nec</strong></span> <span class='ocrx_word' id='word_1_309' title='bbox 1267 3154 1341 3200; x_wconf 86' lang='lat' dir='ltr'><strong>esset</strong></span> <span class='ocrx_word' id='word_1_310' title='bbox 1353 3155 1397 3196; x_wconf 88' lang='lat' dir='ltr'><strong>cnr</strong></span> 
     </span>
     <span class='ocr_line' id='line_1_38' title="bbox 263 3219 1396 3302; baseline -0.004 -20"><span class='ocrx_word' id='word_1_311' title='bbox 263 3242 319 3302; x_wconf 89' lang='lat' dir='ltr'><strong>ego</strong></span> <span class='ocrx_word' id='word_1_312' title='bbox 336 3244 388 3281; x_wconf 89' lang='lat' dir='ltr'><strong>vos</strong></span> <span class='ocrx_word' id='word_1_313' title='bbox 403 3224 573 3281; x_wconf 79' lang='lat' dir='ltr'><strong>semicaecus</strong></span> <span class='ocrx_word' id='word_1_314' title='bbox 587 3222 694 3281; x_wconf 87' lang='lat' dir='ltr'><strong>ducere</strong></span> <span class='ocrx_word' id='word_1_315' title='bbox 709 3241 840 3281; x_wconf 88' lang='lat' dir='ltr'><strong>conarer.</strong></span> <span class='ocrx_word' id='word_1_316' title='bbox 881 3219 940 3281; x_wconf 82' lang='lat' dir='ltr'><strong>Sed</strong></span> <span class='ocrx_word' id='word_1_317' title='bbox 954 3237 1020 3282; x_wconf 89' lang='lat' dir='ltr'><strong>acta</strong></span> <span class='ocrx_word' id='word_1_318' title='bbox 1033 3244 1069 3281; x_wconf 91' lang='lat' dir='ltr'><strong>ne</strong></span> <span class='ocrx_word' id='word_1_319' title='bbox 1083 3244 1214 3301; x_wconf 88' lang='lat' dir='ltr'><strong>agamus,</strong></span> <span class='ocrx_word' id='word_1_320' title='bbox 1229 3224 1331 3282; x_wconf 82' lang='lat' dir='ltr'><strong>sitium</strong></span> <span class='ocrx_word' id='word_1_321' title='bbox 1349 3220 1396 3277; x_wconf 86' lang='lat' dir='ltr'><strong>hoc</strong></span> 
     </span>
     <span class='ocr_line' id='line_1_39' title="bbox 262 3299 1396 3382; baseline -0.004 -20"><span class='ocrx_word' id='word_1_322' title='bbox 262 3319 292 3363; x_wconf 83' lang='lat' dir='ltr'><strong>et</strong></span> <span class='ocrx_word' id='word_1_323' title='bbox 319 3305 494 3382; x_wconf 72' lang='lat' dir='ltr'><strong>praeteritam</strong></span> <span class='ocrx_word' id='word_1_324' title='bbox 516 3302 711 3362; x_wconf 82' lang='lat' dir='ltr'><strong>calamitatem</strong></span> <span class='ocrx_word' id='word_1_325' title='bbox 730 3304 776 3361; x_wconf 88' lang='lat' dir='ltr'><strong>his</strong></span> <span class='ocrx_word' id='word_1_326' title='bbox 790 3304 874 3381; x_wconf 89' lang='lat' dir='ltr'><strong>quasi</strong></span> <span class='ocrx_word' id='word_1_327' title='bbox 894 3304 1036 3381; x_wconf 80' lang='lat' dir='ltr'><strong>frugibus,</strong></span> <span class='ocrx_word' id='word_1_328' title='bbox 1051 3316 1197 3382; x_wconf 90' lang='lat' dir='ltr'><strong>quotquot</strong></span> <span class='ocrx_word' id='word_1_329' title='bbox 1211 3316 1323 3372; x_wconf 80' lang='lat' dir='ltr'><strong>estant,</strong></span> <span class='ocrx_word' id='word_1_330' title='bbox 1338 3299 1396 3359; x_wconf 88' lang='lat' dir='ltr'><strong>Ari·</strong></span> 
     </span>
     <span class='ocr_line' id='line_1_40' title="bbox 263 3380 1397 3463; baseline -0.004 -19"><span class='ocrx_word' id='word_1_331' title='bbox 263 3385 412 3463; x_wconf 86' lang='lat' dir='ltr'><strong>stophanis</strong></span> <span class='ocrx_word' id='word_1_332' title='bbox 426 3384 540 3443; x_wconf 81' lang='lat' dir='ltr'><strong>sabellis</strong></span> <span class='ocrx_word' id='word_1_333' title='bbox 554 3398 785 3461; x_wconf 87' lang='lat' dir='ltr'><strong>compensantes.</strong></span> <span class='ocrx_word' id='word_1_334' title='bbox 822 3383 942 3462; x_wconf 80' lang='lat' dir='ltr'><strong>Duplex</strong></span> <span class='ocrx_word' id='word_1_335' title='bbox 956 3406 1020 3443; x_wconf 85' lang='lat' dir='ltr'><strong>ease</strong></span> <span class='ocrx_word' id='word_1_336' title='bbox 1041 3403 1230 3444; x_wconf 86' lang='lat' dir='ltr'><strong>numerorum</strong></span> <span class='ocrx_word' id='word_1_337' title='bbox 1244 3380 1397 3443; x_wconf 84' lang='lat' dir='ltr'><strong>differentia</strong></span> 
     </span>
     <span class='ocr_line' id='line_1_41' title="bbox 262 3464 1396 3543; baseline -0.004 -18"><span class='ocrx_word' id='word_1_338' title='bbox 262 3466 398 3525; x_wconf 68' lang='lat' dir='ltr'><strong>ridetur:</strong></span> <span class='ocrx_word' id='word_1_339' title='bbox 440 3464 674 3543; x_wconf 89' lang='lat' dir='ltr'><strong>quandoquidem</strong></span> <span class='ocrx_word' id='word_1_340' title='bbox 702 3478 817 3523; x_wconf 86' lang='lat' dir='ltr'><strong>veteres</strong></span> <span class='ocrx_word' id='word_1_341' title='bbox 847 3464 888 3523; x_wconf 92' lang='lat' dir='ltr'><strong>illi</strong></span> <span class='ocrx_word' id='word_1_342' title='bbox 916 3466 1088 3524; x_wconf 85' lang='lat' dir='ltr'><strong>comoediarn</strong></span> <span class='ocrx_word' id='word_1_343' title='bbox 1115 3466 1203 3525; x_wconf 85' lang='lat' dir='ltr'><strong>variis</strong></span> <span class='ocrx_word' id='word_1_344' title='bbox 1231 3466 1396 3542; x_wconf 77' lang='lat' dir='ltr'><strong>distinguere</strong></span> 
     </span>
     <span class='ocr_line' id='line_1_42' title="bbox 263 3546 1395 3624; baseline -0.004 -19"><span class='ocrx_word' id='word_1_345' title='bbox 263 3548 396 3606; x_wconf 80' lang='lat' dir='ltr'><strong>versibus</strong></span> <span class='ocrx_word' id='word_1_346' title='bbox 411 3547 595 3615; x_wconf 88' lang='lat' dir='ltr'><strong>studuerunt,</strong></span> <span class='ocrx_word' id='word_1_347' title='bbox 610 3566 644 3603; x_wconf 90' lang='lat' dir='ltr'><strong>eo</strong></span> <span class='ocrx_word' id='word_1_348' title='bbox 660 3546 740 3624; x_wconf 90' lang='lat' dir='ltr'><strong>quod</strong></span> <span class='ocrx_word' id='word_1_349' title='bbox 753 3546 832 3603; x_wconf 89' lang='lat' dir='ltr'><strong>laudi</strong></span> <span class='ocrx_word' id='word_1_350' title='bbox 846 3547 974 3604; x_wconf 86' lang='lat' dir='ltr'><strong>maxime</strong></span> <span class='ocrx_word' id='word_1_351' title='bbox 986 3546 1115 3615; x_wconf 88' lang='lat' dir='ltr'><strong>daretur,</strong></span> <span class='ocrx_word' id='word_1_352' title='bbox 1128 3546 1205 3623; x_wconf 91' lang='lat' dir='ltr'><strong>siqui</strong></span> <span class='ocrx_word' id='word_1_353' title='bbox 1220 3565 1328 3605; x_wconf 85' lang='lat' dir='ltr'><strong>novum</strong></span> <span class='ocrx_word' id='word_1_354' title='bbox 1341 3560 1395 3601; x_wconf 84' lang='lat' dir='ltr'><strong>car·</strong></span> 
     </span>
     <span class='ocr_line' id='line_1_43' title="bbox 260 3625 1395 3705; baseline -0.005 -19"><span class='ocrx_word' id='word_1_355' title='bbox 260 3629 346 3687; x_wconf 88' lang='lat' dir='ltr'><strong>minis</strong></span> <span class='ocrx_word' id='word_1_356' title='bbox 366 3648 458 3705; x_wconf 84' lang='lat' dir='ltr'><strong>genus</strong></span> <span class='ocrx_word' id='word_1_357' title='bbox 474 3628 696 3685; x_wconf 86' lang='lat' dir='ltr'><strong>adinvenissent.</strong></span> <span class='ocrx_word' id='word_1_358' title='bbox 740 3625 827 3697; x_wconf 77' lang='lat' dir='ltr'><strong>Unde¹</strong></span> <span class='ocrx_word' id='word_1_359' title='bbox 845 3626 1008 3705; x_wconf 89' lang='lat' dir='ltr'><strong>Phrynicus</strong></span> <span class='ocrx_word' id='word_1_360' title='bbox 1026 3628 1057 3686; x_wconf 91' lang='lat' dir='ltr'><strong>in</strong></span> <span class='ocrx_word' id='word_1_361' title='bbox 1079 3627 1180 3687; x_wconf 86' lang='lat' dir='ltr'><strong>lonico</strong></span> <span class='ocrx_word' id='word_1_362' title='bbox 1201 3628 1307 3687; x_wconf 89' lang='lat' dir='ltr'><strong>minori</strong></span> <span class='ocrx_word' id='word_1_363' title='bbox 1327 3635 1395 3683; x_wconf 85' lang='lat' dir='ltr'><strong>cata·</strong></span> 
     </span>
     <span class='ocr_line' id='line_1_44' title="bbox 259 3706 1398 3785; baseline -0.004 -18"><span class='ocrx_word' id='word_1_364' title='bbox 259 3708 384 3768; x_wconf 88' lang='lat' dir='ltr'><strong>lecticon</strong></span> <span class='ocrx_word' id='word_1_365' title='bbox 406 3720 604 3768; x_wconf 87' lang='lat' dir='ltr'><strong>tetrametrum</strong></span> <span class='ocrx_word' id='word_1_366' title='bbox 618 3708 807 3784; x_wconf 82' lang='lat' dir='ltr'><strong>excogitavit,</strong></span> <span class='ocrx_word' id='word_1_367' title='bbox 824 3706 1071 3785; x_wconf 89' lang='lat' dir='ltr'><strong>Pherecratesque</strong></span> <span class='ocrx_word' id='word_1_368' title='bbox 1085 3708 1141 3767; x_wconf 92' lang='lat' dir='ltr'><strong>sibi</strong></span> <span class='ocrx_word' id='word_1_369' title='bbox 1155 3728 1273 3767; x_wconf 89' lang='lat' dir='ltr'><strong>versum</strong></span> <span class='ocrx_word' id='word_1_370' title='bbox 1285 3728 1301 3766; x_wconf 88' lang='lat' dir='ltr'><strong>e</strong></span> <span class='ocrx_word' id='word_1_371' title='bbox 1321 3722 1398 3783; x_wconf 74' lang='lat' dir='ltr'><strong>spon-</strong></span> 
     </span>
     <span class='ocr_line' id='line_1_45' title="bbox 261 3786 1395 3868; baseline -0.005 -19"><span class='ocrx_word' id='word_1_372' title='bbox 261 3790 326 3861; x_wconf 87' lang='lat' dir='ltr'><strong>deo,</strong></span> <span class='ocrx_word' id='word_1_373' title='bbox 342 3790 467 3868; x_wconf 89' lang='lat' dir='ltr'><strong>dactylo,</strong></span> <span class='ocrx_word' id='word_1_374' title='bbox 483 3802 513 3848; x_wconf 89' lang='lat' dir='ltr'><strong>et</strong></span> <span class='ocrx_word' id='word_1_375' title='bbox 527 3789 657 3847; x_wconf 80' lang='lat' dir='ltr'><strong>trochaeo</strong></span> <span class='ocrx_word' id='word_1_376' title='bbox 671 3789 898 3867; x_wconf 89' lang='lat' dir='ltr'><strong>pulcherrimum</strong></span> <span class='ocrx_word' id='word_1_377' title='bbox 913 3790 1118 3848; x_wconf 80' lang='lat' dir='ltr'><strong>concinnavit:</strong></span> <span class='ocrx_word' id='word_1_378' title='bbox 1140 3809 1194 3848; x_wconf 88' lang='lat' dir='ltr'><strong>nec</strong></span> <span class='ocrx_word' id='word_1_379' title='bbox 1208 3808 1293 3848; x_wconf 87' lang='lat' dir='ltr'><strong>secus</strong></span> <span class='ocrx_word' id='word_1_380' title='bbox 1307 3786 1395 3863; x_wconf 86' lang='lat' dir='ltr'><strong>Eupo-</strong></span> 
     </span>
     <span class='ocr_line' id='line_1_46' title="bbox 260 3868 1395 3948; baseline 0 -19"><span class='ocrx_word' id='word_1_381' title='bbox 260 3870 298 3929; x_wconf 90' lang='lat' dir='ltr'><strong>lis</strong></span> <span class='ocrx_word' id='word_1_382' title='bbox 312 3884 513 3931; x_wconf 89' lang='lat' dir='ltr'><strong>tetrametrum</strong></span> <span class='ocrx_word' id='word_1_383' title='bbox 528 3890 567 3928; x_wconf 86' lang='lat' dir='ltr'><strong>ex</strong></span> <span class='ocrx_word' id='word_1_384' title='bbox 588 3870 723 3928; x_wconf 81' lang='lat' dir='ltr'><strong>trochaeis</strong></span> <span class='ocrx_word' id='word_1_385' title='bbox 742 3868 961 3947; x_wconf 88' lang='lat' dir='ltr'><strong>conglutinavit.</strong></span> <span class='ocrx_word' id='word_1_386' title='bbox 1004 3869 1116 3929; x_wconf 87' lang='lat' dir='ltr'><strong>Verum</strong></span> <span class='ocrx_word' id='word_1_387' title='bbox 1138 3870 1355 3948; x_wconf 78' lang='lat' dir='ltr'><strong>Aristophanes,</strong></span> <span class='ocrx_word' id='word_1_388' title='bbox 1368 3874 1395 3920; x_wconf 73' lang='lat' dir='ltr'><strong>ul</strong></span> 
     </span>
     <span class='ocr_line' id='line_1_47' title="bbox 214 3944 1395 4023; baseline -0.007 -12"><span class='ocrx_word' id='word_1_389' title='bbox 214 3982 219 3991; x_wconf 92' lang='lat'><em>·</em></span> <span class='ocrx_word' id='word_1_390' title='bbox 259 3953 290 4011; x_wconf 90' lang='lat' dir='ltr'><strong>in</strong></span> <span class='ocrx_word' id='word_1_391' title='bbox 305 3953 439 4011; x_wconf 90' lang='lat' dir='ltr'><strong>omnibus</strong></span> <span class='ocrx_word' id='word_1_392' title='bbox 454 3964 499 4009; x_wconf 88' lang='lat' dir='ltr'><strong>est</strong></span> <span class='ocrx_word' id='word_1_393' title='bbox 512 3956 718 4023; x_wconf 74' lang='grc' dir='ltr'>ποιητικώτατος,</span> <span class='ocrx_word' id='word_1_394' title='bbox 733 3951 763 4008; x_wconf 91' lang='lat' dir='ltr'><strong>in</strong></span> <span class='ocrx_word' id='word_1_395' title='bbox 785 3951 840 4009; x_wconf 90' lang='lat' dir='ltr'><strong>boc</strong></span> <span class='ocrx_word' id='word_1_396' title='bbox 854 3952 942 4009; x_wconf 87' lang='lat' dir='ltr'><strong>etiarn</strong></span> <span class='ocrx_word' id='word_1_397' title='bbox 957 3950 1009 4009; x_wconf 91' lang='lat' dir='ltr'><strong>ulli</strong></span> <span class='ocrx_word' id='word_1_398' title='bbox 1027 3951 1132 4010; x_wconf 86' lang='lat' dir='ltr'><strong>cedere</strong></span> <span class='ocrx_word' id='word_1_399' title='bbox 1152 3950 1255 4009; x_wconf 89' lang='lat' dir='ltr'><strong>noluit.</strong></span> <span class='ocrx_word' id='word_1_400' title='bbox 1298 3944 1395 4008; x_wconf 88' lang='lat' dir='ltr'><strong>lambi·</strong></span> 
     </span>
     <span class='ocr_line' id='line_1_48' title="bbox 261 4024 1394 4111; baseline -0.01 -19"><span class='ocrx_word' id='word_1_401' title='bbox 261 4052 328 4093; x_wconf 87' lang='lat' dir='ltr'><strong>curn</strong></span> <span class='ocrx_word' id='word_1_402' title='bbox 342 4034 419 4092; x_wconf 91' lang='lat' dir='ltr'><strong>enim</strong></span> <span class='ocrx_word' id='word_1_403' title='bbox 434 4031 729 4111; x_wconf 87' lang='lat' dir='ltr'><strong>hypercatalecticum</strong></span> <span class='ocrx_word' id='word_1_404' title='bbox 744 4046 969 4100; x_wconf 89' lang='lat' dir='ltr'><strong>monometrum,</strong></span> <span class='ocrx_word' id='word_1_405' title='bbox 983 4045 1014 4090; x_wconf 91' lang='lat' dir='ltr'><strong>et</strong></span> <span class='ocrx_word' id='word_1_406' title='bbox 1027 4031 1337 4110; x_wconf 85' lang='lat' dir='ltr'><strong>brachycatalecticum</strong></span> <span class='ocrx_word' id='word_1_407' title='bbox 1350 4024 1394 4084; x_wconf 87' lang='lat' dir='ltr'><strong>tri·</strong></span> 
     </span>
     <span class='ocr_line' id='line_1_49' title="bbox 259 4106 1393 4191; baseline -0.007 -19"><span class='ocrx_word' id='word_1_408' title='bbox 259 4126 395 4185; x_wconf 87' lang='lat' dir='ltr'><strong>metrum,</strong></span> <span class='ocrx_word' id='word_1_409' title='bbox 424 4126 470 4171; x_wconf 89' lang='lat' dir='ltr'><strong>est</strong></span> <span class='ocrx_word' id='word_1_410' title='bbox 491 4114 564 4171; x_wconf 88' lang='lat' dir='ltr'><strong>mira</strong></span> <span class='ocrx_word' id='word_1_411' title='bbox 588 4113 735 4171; x_wconf 87' lang='lat' dir='ltr'><strong>suavitate</strong></span> <span class='ocrx_word' id='word_1_412' title='bbox 760 4113 936 4171; x_wconf 89' lang='lat' dir='ltr'><strong>modulatus.</strong></span> <span class='ocrx_word' id='word_1_413' title='bbox 981 4109 1104 4191; x_wconf 85' lang='lat' dir='ltr'><strong>insuper</strong></span> <span class='ocrx_word' id='word_1_414' title='bbox 1120 4133 1159 4171; x_wconf 84' lang='lat' dir='ltr'><strong>ert</strong></span> <span class='ocrx_word' id='word_1_415' title='bbox 1175 4112 1328 4191; x_wconf 78' lang='lat' dir='ltr'><strong>anapaestis</strong></span> <span class='ocrx_word' id='word_1_416' title='bbox 1348 4106 1393 4165; x_wconf 94' lang='lat' dir='ltr'><strong>tri·</strong></span> 
     </span>
     <span class='ocr_line' id='line_1_50' title="bbox 259 4191 1394 4271; baseline -0.005 -18"><span class='ocrx_word' id='word_1_417' title='bbox 259 4208 387 4253; x_wconf 88' lang='lat' dir='ltr'><strong>metrum</strong></span> <span class='ocrx_word' id='word_1_418' title='bbox 414 4192 642 4261; x_wconf 88' lang='lat' dir='ltr'><strong>acatalecticum,</strong></span> <span class='ocrx_word' id='word_1_419' title='bbox 670 4213 708 4251; x_wconf 89' lang='lat' dir='ltr'><strong>ex</strong></span> <span class='ocrx_word' id='word_1_420' title='bbox 737 4193 912 4252; x_wconf 84' lang='lat' dir='ltr'><strong>choriambis</strong></span> <span class='ocrx_word' id='word_1_421' title='bbox 939 4214 1010 4253; x_wconf 83' lang='lat' dir='ltr'><strong>vero</strong></span> <span class='ocrx_word' id='word_1_422' title='bbox 1043 4207 1259 4253; x_wconf 88' lang='lat' dir='ltr'><strong>monometrum</strong></span> <span class='ocrx_word' id='word_1_423' title='bbox 1295 4191 1394 4271; x_wconf 78' lang='lat' dir='ltr'><strong>primus</strong></span> 
     </span>
     <span class='ocr_line' id='line_1_51' title="bbox 259 4273 1392 4355; baseline -0.01 -20"><span class='ocrx_word' id='word_1_424' title='bbox 259 4276 388 4335; x_wconf 87' lang='lat' dir='ltr'><strong>omnium</strong></span> <span class='ocrx_word' id='word_1_425' title='bbox 407 4275 590 4353; x_wconf 83' lang='lat' dir='ltr'><strong>temperavit,</strong></span> <span class='ocrx_word' id='word_1_426' title='bbox 605 4288 693 4351; x_wconf 85' lang='lat' dir='ltr'><strong>atque</strong></span> <span class='ocrx_word' id='word_1_427' title='bbox 707 4273 763 4332; x_wconf 89' lang='lat' dir='ltr'><strong>alia</strong></span> <span class='ocrx_word' id='word_1_428' title='bbox 776 4275 927 4352; x_wconf 85' lang='lat' dir='ltr'><strong>complura</strong></span> <span class='ocrx_word' id='word_1_429' title='bbox 941 4294 994 4355; x_wconf 89' lang='lat' dir='ltr'><strong>per</strong></span> <span class='ocrx_word' id='word_1_430' title='bbox 1007 4275 1151 4342; x_wconf 84' lang='lat' dir='ltr'><strong>Servium,</strong></span> <span class='ocrx_word' id='word_1_431' title='bbox 1166 4287 1199 4333; x_wconf 87' lang='lat' dir='ltr'><strong>et</strong></span> <span class='ocrx_word' id='word_1_432' title='bbox 1216 4274 1297 4333; x_wconf 87' lang='lat' dir='ltr'><strong>illius</strong></span> <span class='ocrx_word' id='word_1_433' title='bbox 1315 4274 1392 4330; x_wconf 86' lang='lat' dir='ltr'><strong>inter·</strong></span> 
     </span>
     <span class='ocr_line' id='line_1_52' title="bbox 258 4352 1393 4435; baseline -0.006 -20"><span class='ocrx_word' id='word_1_434' title='bbox 258 4368 356 4435; x_wconf 84' lang='lat' dir='ltr'><strong>preter</strong></span> <span class='ocrx_word' id='word_1_435' title='bbox 371 4355 533 4415; x_wconf 82' lang='lat' dir='ltr'><strong>fabularum</strong></span> <span class='ocrx_word' id='word_1_436' title='bbox 545 4369 692 4421; x_wconf 83' lang='lat' dir='ltr'><strong>annotata.</strong></span> <span class='ocrx_word' id='word_1_437' title='bbox 704 4372 773 4432; x_wconf 76' lang='lat' dir='ltr'><strong>quae</strong></span> <span class='ocrx_word' id='word_1_438' title='bbox 786 4356 958 4415; x_wconf 87' lang='lat' dir='ltr'><strong>mortalibus</strong></span> <span class='ocrx_word' id='word_1_439' title='bbox 969 4356 1043 4415; x_wconf 91' lang='lat' dir='ltr'><strong>adeo</strong></span> <span class='ocrx_word' id='word_1_440' title='bbox 1057 4355 1238 4434; x_wconf 87' lang='lat' dir='ltr'><strong>placuerunt,</strong></span> <span class='ocrx_word' id='word_1_441' title='bbox 1253 4366 1287 4413; x_wconf 86' lang='lat' dir='ltr'><strong>ut</strong></span> <span class='ocrx_word' id='word_1_442' title='bbox 1300 4352 1393 4411; x_wconf 85' lang='lat' dir='ltr'><strong>barba·</strong></span> 
     </span>
     <span class='ocr_line' id='line_1_53' title="bbox 258 4434 1394 4516; baseline -0.001 -17"><span class='ocrx_word' id='word_1_443' title='bbox 258 4458 307 4498; x_wconf 89' lang='lat' dir='ltr'><strong>ros</strong></span> <span class='ocrx_word' id='word_1_444' title='bbox 320 4438 407 4499; x_wconf 89' lang='lat' dir='ltr'><strong>etiam</strong></span> <span class='ocrx_word' id='word_1_445' title='bbox 428 4436 583 4497; x_wconf 87' lang='lat' dir='ltr'><strong>Persarum</strong></span> <span class='ocrx_word' id='word_1_446' title='bbox 606 4436 721 4497; x_wconf 86' lang='lat' dir='ltr'><strong>animos</strong></span> <span class='ocrx_word' id='word_1_447' title='bbox 738 4438 887 4515; x_wconf 88' lang='lat' dir='ltr'><strong>potuerint</strong></span> <span class='ocrx_word' id='word_1_448' title='bbox 901 4437 1076 4497; x_wconf 84' lang='lat' dir='ltr'><strong>demulcere.</strong></span> <span class='ocrx_word' id='word_1_449' title='bbox 1119 4436 1237 4496; x_wconf 83' lang='lat' dir='ltr'><strong>Etenim</strong></span> <span class='ocrx_word' id='word_1_450' title='bbox 1257 4434 1333 4516; x_wconf 85' lang='lat' dir='ltr'><strong>apud</strong></span> <span class='ocrx_word' id='word_1_451' title='bbox 1349 4448 1394 4488; x_wconf 67' lang='lat'><strong>0⁰⁸</strong></span> 
     </span>
    </p>
   </div>
   <div class='ocr_carea' id='block_1_4' title="bbox 0 0 1422 4759">
    <p class='ocr_par' dir='ltr' id='par_1_5' title="bbox 0 0 1422 4759">
     <span class='ocr_line' id='line_1_54' title="bbox 0 0 1422 4759; baseline 0 0"><span class='ocrx_word' id='word_1_452' title='bbox 0 0 1422 4759; x_wconf 95' lang='lat' dir='ltr'><strong> </strong></span> 
     </span>
    </p>
   </div>
  </div>
 </body>
</html>
