2834 4759
57 0 260 65 'tiodiem'
269 0 722 83 ..paganae
745 0 884 68 ⁷13...]
941 0 1166 68 maffia?
1174 0 1228 68 Ἀ
1236 0 1404 84 {1}in
1414 0 1527 77 555,
1545 0 1775 70 ᾆξ’ῖοῖιῖζ
1825 0 2526 81 ριᾷἑὲὶἳὸἕῦὲᾞὲὧιῖὗέιὶὶέὑὲὶ
2536 0 2667 70 {dier

56 83 131 130 iii.
162 85 204 135 5.
228 85 299 131 25.
362 84 455 132 Cui
491 96 588 132 tam
622 84 785 132 subito
816 94 889 132 tot
940 89 1096 132 mania
1121 100 1229 133 ease
1260 85 1528 134 amicorum
1563 85 1692 134 inter
1724 101 1777 134 ae
1829 101 1924 133 eac.
1957 86 2078 133 Hec.
2104 86 2135 133 i.
2162 88 2207 141 2,
2236 88 2342 133 102.

53 148 346 210 contigerint
366 152 605 197 commoda.
634 150 761 197 Eun.
777 165 822 195 v.
841 151 886 205 8,

55 215 104 259 3.
166 213 313 267 Quam
334 227 560 261 maxume
574 214 759 262 servire
777 228 886 261 voc-

55 277 153 325 tris
179 281 413 326 commodis.
442 279 623 327 Heaut.
654 277 782 326 Ptol.
809 279 885 325 50.

57 343 132 391 Ut
182 356 240 389 ex
290 342 418 391 illiue
458 346 680 391 eom-odo
726 357 887 391 meum

50 421 382 469 compararem
397 410 684 456 comodum.
706 408 886 455 Heaut.

53 472 109 519 ii.
162 475 206 528 4,
245 471 314 521 17.
379 472 543 526 Quinc
587 472 752 520 omnia
795 471 888 520 cibi

49 534 357 600 postputavit
378 551 486 585 ene
507 552 610 611 prae
634 551 744 585 meo
766 554 884 584 com-

49 604 201 648 modo.
242 601 447 664 Adelph.
485 603 537 648 ix.
576 604 621 658 3,
659 603 703 649 9.
772 601 890 649 Sine

51 665 224 713 labore
247 666 401 728 patria
434 665 620 730 potitur
648 668 888 714 commoda.

49 730 270 793 Adelph.
307 745 350 777 v.
385 733 432 789 4,
471 731 543 780 17.
614 730 701 779 Mc
734 730 892 793 pietas

48 794 229 842 matria
282 793 407 843 otius
428 798 699 843 commodum
720 795 892 842 suadet

45 859 252 972 :3330
283 859 540 971 5,ζίῧὲ
566 861 687 971 ³32..
714 859 893 971 ”³²:2⁸

45 991 136 1036 45.
196 988 349 1036 Multa
369 1004 430 1036 ex
448 1004 546 1050 quo
567 988 750 1037 fuerint
771 1006 889 1036 com-

44 1053 893 1115 „odmejucincommodaaequum’at

45 1119 199 1165 ferre.
237 1117 357 1165 Hec.
390 1134 434 1165 v.
464 1120 509 1175 3,
542 1120 621 1165 42.
692 1122 889 1165 Commo·

43 1186 230 1229 dior-em
292 1181 553 1239 hominem,
610 1182 891 1240 adventurn,

44 1257 155 1294 tem
193 1261 265 1302 uc,
290 1262 384 1294 non
410 1246 525 1295 vidi.
550 1246 679 1295 And.
704 1263 749 1294 v.
776 1249 821 1304 2,
846 1248 891 1294 3.

44 1311 140 1359 Sii
196 1326 293 1358 non
306 1314 653 1359 emoaum’st.
675 1312 802 1359 Eun.
824 1311 890 1359 iii.

42 1379 94 1433 4,
124 1378 206 1424 49.
278 1375 461 1423 Mulier
492 1379 717 1424 commoda
740 1385 789 1424 et
822 1376 888 1424 fa-

40 1451 178 1488 ceta.
208 1439 386 1488 Heaut.
402 1440 471 1489 iii.
495 1442 632 1497 2,1⁰.
701 1440 891 1490 Comis-

40 1515 268 1554 satorem
296 1503 427 1553 haud
456 1520 575 1554 cane
608 1508 891 1554 commodum.

43 1568 269 1632 Adelph.
294 1584 339 1617 v.
365 1573 410 1627 2,
434 1571 480 1618 8.
551 1570 663 1618 Hoc
686 1580 735 1618 et
756 1570 894 1618 vobis

39 1645 100 1683 et
145 1648 270 1682 meae
301 1637 571 1683 cmmodam
601 1635 744 1683 famae
764 1635 893 1683 arbi-

42 1709 172 1748 tror.
210 1699 337 1747 Hec.
362 1698 426 1747 iv.
454 1702 499 1756 2,
524 1700 568 1747 9.
621 1700 753 1754 Quot
776 1717 893 1748 com-

41 1767 212 1812 modos
250 1778 328 1812 rec
359 1764 535 1812 attuli?
606 1764 731 1813 Hec.
766 1780 810 1811 v.
847 1766 891 1820 3,

47 1831 130 1877 19.
200 1828 473 1891 Exaequias
497 1828 761 1887 Chremeti,
785 1828 891 1892 qui·

39 1896 145 1941 buc
170 1903 248 1941 eat
269 1896 553 1951 commodam,
577 1893 649 1941 ire
666 1909 745 1941 em
768 1904 891 1941 tem-

38 1974 146 2022 pus
168 1967 261 2006 eet.
288 1958 483 2006 Phorm.
508 1974 552 2006 v.
578 1961 624 2016 8,
650 1958 727 2009 87.

111 2022 390 2086 commoneo]
409 2025 706 2079 Commmveat,
722 2032 777 2070 ut
790 2038 892 2072 ner·

36 2103 162 2135 vem
184 2088 348 2135 fidem.
376 2088 506 2137 And.
521 2088 552 2136 i.
571 2090 616 2145 5,
635 2090 713 2135 45.
783 2087 888 2136 Ali-

37 2168 191 2263 ρωὲι
212 2152 440 2266 exempla
456 2160 740 2200 commonent.
762 2152 891 2201 And.

35 2233 110 2265 iv.
174 2252 187 2274 ,
281 2250 295 2263 .

109 2280 437 2343 commonuero]
492 2281 717 2330 Parentis
759 2296 894 2329 meos

34 2356 100 2395 ut
121 2354 443 2394 commonstres
466 2345 601 2394 mihi.
639 2346 821 2393 Heaut.
846 2362 890 2394 v.

32 2415 88 2467 4,
109 2412 158 2457 4.
217 2410 487 2458 Hominem
505 2415 896 2459 commonstrarier

31 2475 112 2524 mi
130 2475 287 2522 istum
302 2474 425 2523 volo.
450 2476 644 2523 Phorm.
665 2475 733 2523 iii.
756 2478 796 2531 1,
815 2474 891 2524 75.

107 2539 480 2602 commorientes]
551 2543 896 2588 Commorientes

30 2604 181 2717 *gii
191 2603 401 2718 lyauma
419 2603 646 2653 fabulam.
683 2604 893 2667 Adelph.

113 2685 146 2716 o
247 2702 260 2716 .

106 2732 390 2796 commoror]
415 2732 547 2787 Quid
569 2732 669 2781 illic
690 2742 787 2782 tam
811 2732 895 2782 diu

29 2813 245 2912 quaeso7
257 2802 590 2846 commorabar-e
609 2802 634 2845 t
700 2798 895 2846 Phorm-

30 2862 104 2911 iv.
142 2864 183 2919 1,
248 2896 263 2909 .

123 2925 404 2989 commoveo]
473 2927 649 2989 Neque
705 2944 894 2976 commo-

28 3000 180 3039 vetur
240 2991 437 3040 animus
494 3007 552 3040 ea
603 3007 658 3039 re
714 3002 891 3039 tamen.

30 3057 178 3105 And.
207 3055 243 3103 i.
271 3059 316 3112 1,
341 3057 420 3107 6⁷.
490 3059 781 3113 Commoveat,
806 3072 893 3104 ne-

27 3137 137 3184 que
172 3130 505 3180 commoneat,
533 3131 589 3170 ut
621 3136 809 3169 servem
835 3121 891 3169 fi·

25 3187 170 3233 dem.
214 3186 350 3233 And.
378 3184 411 3234 i.
436 3188 483 3243 5,
507 3188 584 3233 45.
655 3188 891 3234 Commovi.

25 3251 176 3299 And.
204 3250 259 3298 ii.
279 3251 327 3307 6,
347 3252 425 3298 25.
476 3250 686 3299 Animus
706 3268 891 3299 conmo-

22 3318 157 3364 tu'ct
182 3325 343 3363 metu.
370 3314 497 3363 And.
525 3318 631 3373 v.4,
650 3317 727 3362 34.
780 3316 893 3364 Jam

21 3390 80 3428 te
115 3388 398 3436 commotum
430 3379 646 3428 reddam.
680 3380 810 3429 And.
847 3396 891 3429 v.

21 3448 74 3502 2,
107 3447 194 3492 23.
275 3445 337 3492 In
371 3445 463 3493 hac
494 3452 737 3493 commotae
768 3460 890 3493 aum.

21 3511 172 3557 Eun.
215 3508 292 3557 iii.
336 3511 381 3567 5,
426 3511 502 3557 19.
591 3508 891 3558 Dormiunt:

940 149 1117 197 omnia.
1153 149 1365 213 Adelph.
1401 166 1442 199 v.
1470 153 1516 208 3,
1546 152 1618 198 18.
1686 150 1776 199 vi·
1893 150 2123 213 compono]
2151 151 2255 198 Nec
2279 151 2434 214 magi·
2449 154 2661 213 compost·-

942 213 1063 262 tium
1087 231 1314 262 commune
1336 215 1555 262 omnium
1579 224 1668 262 est.
1706 216 1775 263 A·
1830 222 1924 261 tum
1959 215 2230 277 quicquam.
2268 214 2398 263 Eun.
2435 231 2477 264 v.
2504 218 2551 271 4,
2591 217 2665 263 13.

940 278 1103 342 delph.
1128 295 1172 326 v.
1195 280 1334 335 8,30.
1388 282 1652 327 Communia
1673 295 1776 327 om·
1833 278 1933 326 Res
1965 283 2208 341 composita
2232 289 2320 327 eat.
2357 280 2569 344 Adelph.
2601 280 2666 328 iv.

942 343 1078 391 nium
1100 359 1209 405 qua·
1230 353 1346 392 sunt
1367 355 1576 408 patrum.
1604 344 1729 391 Hec.
1745 344 1777 391 i.
1833 343 1878 400 7,
1907 343 1981 393 17.
2049 347 2261 405 conponi
2282 344 2411 408 potis
2432 344 2667 407 gretia’st.

943 410 987 464 2,
1032 410 1111 455 42.
1201 411 1463 457 Communia
1508 423 1614 456 esce
1659 408 1777 456 haec.
1836 408 1958 456 Hec.
1993 407 2063 456 iii.
2096 411 2141 466 5,
2172 410 2243 456 19.
2315 409 2540 470 compone
2561 424 2672 472 quae

944 472 1139 520 Phorm.
1163 472 1215 520 ii.
1246 475 1287 529 1,
1317 475 1389 521 15.
1425 472 1539 521 vide
1564 473 1733 522 Notae.
1831 482 1992 520 tecum
2015 472 2160 521 simul
2194 472 2425 522 ferantur.
2454 472 2577 521 Hec.
2603 474 2667 521 iv.

1007 536 1247 600 commuto]
1295 538 1575 600 Numquam
1619 549 1778 585 tecum
1833 538 1876 593 3,
1892 539 1937 584 5.
1994 537 2133 586 Inter
2151 551 2239 586 nos
2255 537 2359 585 hoec
2377 538 2540 601 potius
2556 553 2670 586 cum

942 609 1318 650 commutaturum
1331 612 1522 666 patrem
1537 617 1688 650 unum
1702 617 1778 650 ea-
1831 602 1959 650 bona
2012 612 2069 650 ut
2122 610 2446 663 componantur
2495 603 2669 664 gratia,

943 682 997 714 ae
1020 667 1235 714 verbum.
1260 668 1388 715 And.
1413 667 1464 715 ii.
1481 667 1588 722 4‚7.
1650 669 1777 715 Gom-
1831 681 1976 727 quam
2019 682 2133 716 cum
2173 666 2312 714 mala.
2363 667 2559 714 Phorm.
2602 666 2668 715 iv.

942 739 1064 779 muto
1085 730 1261 780 locum.
1291 732 1417 779 Eun.
1436 747 1480 779 v.
1497 734 1542 787 5,
1563 733 1608 778 3.
1664 731 1782 779 Tria
1832 733 1877 788 3,
1907 731 1980 781 17.

944 811 1042 843 non
1082 800 1415 844 commutabitis
1454 796 1602 844 verba
1636 796 1781 843 hodie
1895 793 2093 858 compos]
2119 795 2218 842 vix
2238 810 2344 843 eum
2369 811 2543 858 compoe
2559 795 2667 844 ani-

944 860 1073 909 inter
1095 876 1194 908 vos.
1223 861 1418 908 Phorm.
1445 860 1507 908 iv.
1534 862 1578 916 3,
1606 862 1682 907 33.
1833 859 1914 907 mi.
1941 859 2150 923 Adelph.
2173 858 2243 907 iii.
2271 862 2316 917 2,
2347 862 2418 908 12.

1009 924 1253 986 comoedia]
1280 926 1415 979 Quas
1438 924 1586 972 facies
1609 926 1670 973 de
1703 924 1778 972 in·
1895 922 2158 986 composito]
2188 927 2436 985 Composito
2459 924 2666 973 sactum-

947 999 1079 1051 tegra
1102 993 1355 1037 comoedias.
1391 989 1521 1037 And.
1549 989 1676 1036 Prol.
1704 989 1778 1036 26.
1833 991 1909 1036 ἐι.
1935 989 2130 1037 Phorm.
2156 1004 2199 1037 v.
2230 991 2271 1047 1,
2297 991 2373 1037 29.

948 1054 1024 1101 Ex
1050 1054 1241 1117 integra
1257 1056 1432 1102 Greca
1449 1053 1689 1116 integram
1707 1071 1779 1102 co—
1895 1068 2160 1115 comprecor.
2209 1052 2475 1129 conprecorJ
2533 1055 2668 1103 Deo·

944 1121 1155 1166 moediam
1210 1119 1353 1166 hodie
1406 1135 1516 1166 eum
1569 1129 1778 1167 acturus.
1833 1133 2117 1179 conprecare.
2136 1117 2214 1166 Tu
2238 1118 2356 1167 deos
2368 1130 2532 1182 potius
2548 1136 2666 1168 com-

951 1183 1075 1231 Hec.
1116 1184 1243 1232 Prol.
1284 1186 1330 1231 4.
1414 1183 1779 1246 Synapothnea-
1828 1199 2033 1244 precare.
2060 1182 2270 1247 Adelph.
2294 1183 2359 1231 iv.
2385 1186 2431 1240 5,
2447 1184 2508 1231 65
2524 1194 2571 1231 et
2588 1185 2668 1234 70.

944 1257 1113 1295 contos
1148 1247 1338 1311 Diphili
1370 1249 1666 1296 comoedia’at.
1708 1248 1778 1295 A·
1895 1246 2239 1310 comprehendo]
2253 1248 2666 1310 Comprehendiju·

944 1312 1106 1387 delph.
1151 1313 1279 1361 Prol.
1316 1314 1359 1360 6.
1453 1312 1620 1360 Placet
1652 1312 1781 1360 haud
1833 1312 1907 1367 be,
1932 1324 2166 1373 quantum
2191 1322 2363 1375 potent.
2398 1313 2525 1360 Eun.
2551 1328 2594 1363 v.
2625 1314 2666 1370 1,

946 1375 1049 1424 fieri
1063 1377 1231 1425 itidem
1248 1377 1369 1425 utin
1383 1380 1626 1425 comoede'is.
1657 1377 1778 1424 Hec.
1834 1376 1910 1422 20.
1981 1376 2133 1424 Hunc
2164 1391 2254 1440 pro
2277 1377 2466 1425 moecho
2501 1386 2669 1440 postea

947 1457 990 1488 v.
1006 1444 1053 1498 4,
1066 1443 1141 1488 26.
1178 1440 1622 1505 Epidicazomenen
1637 1456 1780 1503 quam
1831 1443 2200 1501 comprehendere
2233 1450 2285 1489 et
2314 1441 2666 1490 constrinxere.

947 1517 1121 1554 vocant
1143 1510 1404 1555 comoediam
1421 1508 1606 1554 Graece.
1634 1506 1779 1554 Phor.
1834 1504 1963 1552 Eun.
1988 1522 2033 1553 v.
2061 1507 2106 1562 6,
2133 1508 2209 1552 23.

948 1570 1076 1619 Prol-
1104 1573 1180 1620 26.
1217 1571 1328 1619 vide
1353 1572 1523 1621 Notas.
1895 1574 2146 1631 comprimo.
2199 1568 2452 1632 comprimo]
2500 1570 2570 1619 At
2613 1580 2670 1619 tu

1009 1652 1230 1698 comparo,
1252 1635 1470 1698 conpar-o]
1493 1636 1571 1683 Ex
1593 1634 1778 1683 incom-
1833 1632 1920 1680 tibi
1935 1634 2052 1681 istas
2063 1634 2552 1697 posthaccomprimito
2563 1649 2666 1683 ma·

946 1700 1102 1748 modia
1119 1700 1320 1750 alterius
1342 1716 1431 1748 aua
1447 1710 1504 1748 ut
1524 1707 1782 1761 comparent
1834 1714 1938 1746 nm
1985 1699 2165 1746 Heaut.
2203 1698 2271 1746 iii.
2311 1701 2356 1756 3,
2396 1701 2472 1747 29.
2541 1700 2669 1748 Cum

944 1765 1211 1814 commoda.
1248 1765 1378 1814 And.
1413 1764 1478 1812 iv.
1508 1766 1550 1821 1,
1585 1767 1629 1811 4.
1699 1764 1779 1811 An
1830 1778 2068 1824 conpressa
2091 1773 2165 1811 eat
2194 1773 2355 1826 gnata.
2384 1764 2509 1812 Hec.
2529 1764 2594 1813 iv.
2624 1767 2666 1823 l,

948 1829 1112 1893 potius
1133 1830 1203 1878 ita
1216 1845 1295 1878 me
1313 1846 1577 1891 comparem.
1605 1829 1731 1877 Eun.
1746 1828 1779 1876 i.
1833 1827 1910 1877 57.
1979 1828 2044 1875 Se
2089 1829 2268 1877 fatetur
2311 1829 2476 1877 nescio
2519 1845 2668 1892 quam

951 1896 992 1950 1,
1019 1896 1062 1942 2.
1132 1895 1274 1950 Quod
1297 1895 1478 1942 donum
1507 1894 1635 1942 dono
1667 1892 1781 1942 huic
1831 1896 2142 1954 conpressiese.
2173 1893 2294 1940 Hec.
2316 1910 2360 1941 v.
2387 1896 2432 1950 3,
2457 1895 2534 1941 30.
2591 1895 2664 1942 A·

945 1971 1114 2007 contra
1136 1967 1375 2021 comparet.
1403 1959 1531 2006 Eun.
1557 1958 1607 2006 ii.
1632 1960 1676 2015 3,
1703 1958 1779 2005 64.
1833 1956 2014 2004 nimam
2037 1962 2290 2019 compressi.
2327 1958 2522 2007 Phorm.
2547 1973 2592 2007 v.
2619 1960 2665 2017 6,

949 2024 1028 2071 Ne
1050 2026 1379 2086 comparandus
1402 2023 1482 2071 hic
1501 2023 1697 2085 quidem
1720 2023 1781 2070 ad
1835 2022 1911 2068 28.

945 2088 1161 2136 illum’st.
1185 2089 1311 2136 Eun.
1336 2087 1399 2135 iv.
1418 2091 1464 2145 4,
1487 2090 1558 2135 14.
1628 2087 1698 2135 Ut
1719 2102 1781 2134 ex
1897 2084 2153 2149 comprobo]
2184 2086 2483 2135 Beneficium
2504 2087 2669 2136 verbis

944 2152 1077 2200 illius
1099 2153 1354 2202 commodo
1370 2168 1532 2201 meum
1546 2169 1776 2214 compara·
1833 2149 2010 2199 initum
2043 2166 2098 2199 re
2143 2155 2410 2213 comprobet.
2454 2153 2583 2201 And.
2621 2169 2667 2201 v.

946 2234 1039 2264 rem
1074 2218 1396 2266 commodum.
1439 2218 1618 2265 Heaut.
1652 2216 1702 2265 ii.
1735 2219 1780 2264 4.
1839 2218 1879 2273 1,
1903 2217 1949 2262 5.

952 2284 1024 2329 18.
1091 2284 1214 2337 Quo
1237 2298 1359 2346 opus
1392 2292 1509 2330 aunt
1540 2290 1780 2344 comparet,
1897 2279 2108 2342 conatae]
2152 2280 2336 2343 Magno
2363 2283 2466 2342 Jam
2504 2290 2670 2329 conata

952 2346 1130 2395 Heaut.
1156 2347 1219 2394 iv.
1246 2349 1291 2403 8,
1321 2349 1393 2394 14.
1447 2347 1526 2395 lta
1546 2363 1781 2408 compara·
1835 2359 2034 2406 magnas
2057 2359 2212 2408 nugas
2233 2345 2428 2393 dixerit.
2485 2346 2668 2394 Heaut.

947 2420 1040 2459 tam
1054 2427 1159 2459 ease
1171 2412 1424 2460 hominum
1440 2423 1661 2459 naturam
1676 2426 1778 2458 om·
1835 2409 1897 2456 iv.
1927 2412 1969 2466 1,
1993 2411 2037 2456 8.

945 2476 1098 2524 nium.
1127 2476 1307 2524 Heaut.
1332 2476 1403 2523 iii.
1435 2478 1475 2533 1,
1494 2478 1572 2524 94.
1621 2476 1666 2523 N
1674 2490 1778 2523 um-

946 2555 1091 2603 quam
1114 2541 1215 2589 vidi
1234 2540 1450 2603 iniquius
1464 2540 1780 2588 certationem

946 2615 1266 2667 comparatam.
1306 2606 1517 2669 Adelph.
1555 2604 1606 2652 ii.
1652 2607 1696 2661 2,
1734 2607 1778 2651 4.

947 2671 1107 2724 Quam
1172 2670 1340 2733 inique
1394 2672 1779 2732 comparatmn’at.

950 2735 1144 2783 Phorm.
1170 2734 1201 2782 i.
1233 2737 1272 2792 1,
1297 2736 1343 2785 7.

946 2798 1267 2912 ...ἳῗῗζίῗέ
1281 2800 1590 2920 ,ῗῗῗῖἲῖῗέ
1608 2813 1781 2910 “Ν“’,”ἴ,ἓ

1011 2933 1246 2990 comperio,
1291 2927 1386 2991 or.]
1447 2930 1781 2989 Comperiebam

947 2992 1070 3042 nihil
1091 2993 1153 3041 ad
1187 2993 1498 3057 Pamphilum
1526 2991 1780 3055 quicquam

946 3058 1168 3106 attinere.
1196 3058 1324 3106 And.
1351 3058 1381 3106 i.
1414 3060 1454 3115 1,
1476 3059 1553 3105 63.
1625 3057 1702 3105 De
1726 3071 1777 3103 a-

946 3137 1080 3171 more
1112 3123 1210 3171 hoc
1233 3128 1463 3185 comperit.
1501 3121 1631 3169 And.
1667 3120 1699 3168 i.
1735 3123 1781 3178 3,

946 3188 991 3235 6.
1061 3188 1194 3236 Dum
1235 3203 1297 3235 ne
1337 3189 1399 3235 ab
1435 3188 1527 3235 hoc
1565 3201 1642 3234 me
1680 3185 1781 3233 falli

944 3255 1209 3313 comperiar.
1231 3252 1359 3301 And.
1376 3268 1419 3299 v.
1442 3253 1487 3309 3,
1503 3253 1580 3299 31.
1632 3250 1781 3312 Atqui

944 3326 1078 3365 certo
1094 3320 1301 3378 comperi.
1323 3318 1452 3364 Eun.
1466 3331 1512 3363 v.
1537 3318 1578 3374 1,
1594 3316 1638 3363 9.
1685 3313 1781 3362 Ubi

1128 3385 1139 3396 ⁸
1161 3396 1224 3429 ex
1244 3380 1320 3430 iis.
1344 3381 1529 3429 Heaut.
1555 3380 1586 3428 i.
1617 3382 1657 3437 l,
1684 3380 1760 3430 70.

1008 3444 1279 3508 complacet]
1314 3445 1575 3507 Postquam
1617 3459 1696 3492 me
1727 3459 1778 3491 a-

944 3526 1079 3559 mare
1123 3507 1244 3567 dixi,
1290 3510 1623 3572 complacita’st
1674 3508 1778 3557 tibi.

19 3574 117 3649 pol
139 3590 241 3637 ego
262 3574 388 3622 istos
408 3577 691 3649 commovebo.
710 3575 893 3622 Heaut-
946 3573 1074 3623 And.
1099 3574 1164 3624 iv.
1194 3577 1329 3632 1,21.
1398 3574 1522 3637 Ejus
1544 3572 1638 3621 eibi
1661 3590 1776 3649 com-

17 3655 95 3687 iv.
124 3641 177 3695 4,
211 3640 259 3686 8.
332 3638 580 3693 Quidnam
600 3638 684 3686 me
706 3655 891 3688 conmo-
939 3642 1161 3702 placitam
1215 3639 1437 3688 formam.
1485 3639 1667 3686 Heaut.
1714 3653 1778 3685 iv.

20 3713 109 3751 tue
159 3702 347 3752 venit?
427 3704 625 3751 Phorm.
672 3703 706 3751 i.
751 3706 799 3762 4,
846 3704 891 3751 6.
947 3706 991 3762 5,
1018 3706 1096 3752 24.

18 3772 313 3882 ξοιέῗοωέ
325 3782 495 3817 omnen
512 3783 617 3816 noc.
643 3768 839 3817 Phorm.
860 3768 891 3816 i.

57 3867 74 3891 ,
178 3867 195 3880 .

1009 3767 1301 3831 complector]
1346 3766 1565 3821 Mediam
1604 3766 1779 3817 mulie·

1897 2473 2176 2536 concaIeeco}
2227 2476 2465 2522 Coacaluit
2489 2494 2505 2523 .·
2552 2474 2669 2537 quid

1835 2537 1937 2586 vin?
1976 2539 2161 2587 Heaut.
2187 2538 2236 2586 ii.
2262 2540 2307 2595 3,
2331 2541 2440 2587 108.

1898 2606 2101 2651 concedo.
2137 2602 2339 2667 largior]
2395 2603 2590 2652 Faciam
2614 2612 2670 2652 ut

1837 2666 1925 2715 tihi
1956 2671 2208 2716 concedam.
2268 2668 2407 2716 Haut
2447 2668 2537 2717 tibi
2576 2669 2669 2717 hoo

1834 2735 2035 2781 concedo.
2098 2733 2221 2781 Hec.
2268 2733 2319 2780 ii.
2360 2734 2405 2790 2,
2445 2736 2474 2781 8
2507 2742 2557 2781 et
2592 2734 2666 2781 16.

1836 2797 2180 2859 Numquamne
2202 2798 2667 2846 hodieconcedesmi-

1834 2861 1924 2909 hi?
1964 2861 2158 2910 Phorm.
2184 2877 2230 2909 v.
2259 2865 2304 2918 3,
2330 2865 2407 2910 22.

1898 2930 2099 2974 concedo.
2116 2925 2252 2988 abeo]
2270 2926 2480 2975 Biduum
2495 2926 2668 2975 saltem

1835 3000 1890 3038 ut
1929 2994 2145 3040 concedas
2183 2991 2355 3039 solum.
2420 2994 2669 3039 Concedam

1834 3055 1948 3103 hinc
1962 3055 2106 3103 intro.
2123 3055 2252 3104 Eun.
2269 3056 2300 3103 i.
2322 3058 2366 3113 2,
2385 3058 2477 3103 102
2492 3066 2542 3103 et
2560 3057 2667 3104 126.

1838 3123 2036 3169 Concede
2047 3121 2172 3169 istuc
2182 3120 2448 3183 paululum.
2465 3120 2666 3169 Eundv.

1834 3187 1879 3242 4,
1901 3186 1976 3232 39.
2049 3186 2162 3233 Huc
2185 3201 2452 3233 concessero.
2483 3186 2666 3235 Heaut-

1834 3249 1866 3296 i.
1902 3251 1942 3305 l,
1981 3251 2087 3297 122.
2159 3249 2292 3297 Hinc
2326 3252 2543 3298 concedas
2575 3249 2665 3297 ali-

1833 3329 1928 3375 quo
1941 3315 2002 3362 ab
2016 3329 2100 3362 ore
2114 3327 2296 3362 eorum.
2325 3314 2506 3363 Heaut.
2531 3314 2600 3363 iii.
2621 3317 2667 3373 3,

1838 3379 1912 3426 ll.
1981 3379 2031 3427 Si
2057 3393 2188 3426 nunc
2209 3378 2272 3426 de
2305 3389 2389 3427 tuo
2425 3382 2528 3428 'ure
2561 3397 2666 3427 con-

1832 3447 2039 3491 cessisses
2059 3442 2326 3506 paululum.
2360 3445 2406 3492 A
2479 3444 2530 3492 ii.
2556 3446 2601 3501 2,
2621 3446 2666 3494 9.

1832 3508 2040 3561 Quando
2063 3523 2171 3555 esse
2187 3508 2438 3570 indignam
2455 3524 2563 3557 eece
2578 3508 2666 3557 de·

1830 3581 1986 3634 putat,
2010 3571 2152 3619 matri
2173 3588 2294 3621 meae
2312 3588 2420 3636 quse
2436 3576 2666 3622 concedat.

1837 3636 1958 3684 Hec.
1983 3636 2052 3684 iii.
2077 3639 2121 3694 5,
2147 3638 2224 3685 28.
2242 3638 2353 3685 vide
2378 3638 2494 3686 Not.
2519 3638 2667 3687 Tem-

1832 3716 1925 3765 pus
1942 3708 2018 3749 eet
2027 3697 2281 3750 concidere.
2301 3702 2426 3750 Hec.
2443 3702 2508 3750 iv.
2526 3705 2570 3759 2,
2587 3705 2665 3751 21.

1815 3767 1897 3813 ·Se
1918 3783 2226 3816 concessuram
2242 3782 2305 3815 ex
2316 3766 2514 3816 edibus.
2540 3767 2666 3816 Hec-

946 3849 1049 3883 rem
1066 3836 1391 3896 complectitur.
1411 3832 1539 3880 And.
1559 3831 1590 3879 i.
1609 3834 1648 3890 1,
1674 3831 1780 3882 106.
1833 3831 1896 3879 iv.
1921 3833 1972 3889 4,
1993 3832 2070 3881 57.

94 3895 417 3960 communico]
432 3897 612 3947 Nonne
624 3897 762 3962 priua
774 3914 893 3947 com·
1010 3897 1282 3961 conplures]
1326 3898 1521 3962 Emptoe
1554 3898 1787 3951 mulieres
1899 3894 2129 3959 concerto]
2198 3896 2273 3943 Te
2315 3895 2462 3944 audio
2505 3895 2669 3945 nescio

2084 4156 2808 4345 ...Α
