<?xml version="1.0" encoding="UTF-8"?>
<!DOCTYPE html PUBLIC "-//W3C//DTD XHTML 1.0 Transitional//EN"
    "http://www.w3.org/TR/xhtml1/DTD/xhtml1-transitional.dtd">
<html xmlns="http://www.w3.org/1999/xhtml" xml:lang="en" lang="en">
 <head>
  <title>
</title>
<meta http-equiv="Content-Type" content="text/html;charset=utf-8" />
  <meta name='ocr-system' content='tesseract 3.04.00' />
  <meta name='ocr-capabilities' content='ocr_page ocr_carea ocr_par ocr_line ocrx_word'/>
</head>
<body>
  <div class='ocr_page' id='page_1' title='image "./publiiterentiic01lindgoog/publiiterentiic01lindgoog_0084.png"; bbox 0 0 2834 4759; ppageno 0'>
   <div class='ocr_carea' id='block_1_1' title="bbox 412 168 1160 231">
    <p class='ocr_par' dir='ltr' id='par_1_1' title="bbox 412 168 1160 231">
     <span class='ocr_line' id='line_1_1' title="bbox 412 168 1160 231; baseline 0.003 -2"><span class='ocrx_word' id='word_1_1' title='bbox 412 170 477 230; x_wconf 82' lang='lat' dir='ltr'>DE</span> <span class='ocrx_word' id='word_1_2' title='bbox 503 168 752 231; x_wconf 76' lang='lat' dir='ltr'>THEATRO.</span> <span class='ocrx_word' id='word_1_3' title='bbox 1114 168 1160 231; x_wconf 78' lang='lat' dir='ltr'>lix</span> 
     </span>
    </p>
   </div>
   <div class='ocr_carea' id='block_1_2' title="bbox 44 312 1162 2251">
    <p class='ocr_par' dir='ltr' id='par_1_2' title="bbox 44 312 1162 2251">
     <span class='ocr_line' id='line_1_2' title="bbox 51 312 1162 394; baseline 0.002 -21"><span class='ocrx_word' id='word_1_4' title='bbox 51 312 172 383; x_wconf 86' lang='lat' dir='ltr'>columnis,</span> <span class='ocrx_word' id='word_1_5' title='bbox 194 313 312 393; x_wconf 73' lang='lat' dir='ltr'>fastigiis</span> <span class='ocrx_word' id='word_1_6' title='bbox 332 326 363 373; x_wconf 92' lang='lat' dir='ltr'>et</span> <span class='ocrx_word' id='word_1_7' title='bbox 384 316 484 394; x_wconf 85' lang='lat' dir='ltr'>signis,</span> <span class='ocrx_word' id='word_1_8' title='bbox 510 314 688 393; x_wconf 78' lang='lat' dir='ltr'>reliquisque</span> <span class='ocrx_word' id='word_1_9' title='bbox 715 313 865 394; x_wconf 86' lang='lat' dir='ltr'>regalibus</span> <span class='ocrx_word' id='word_1_10' title='bbox 889 316 990 375; x_wconf 82' lang='lat' dir='ltr'>rebus.</span> <span class='ocrx_word' id='word_1_11' title='bbox 1034 314 1162 375; x_wconf 69' lang='lat' dir='ltr'>donica</span> 
     </span>
     <span class='ocr_line' id='line_1_3' title="bbox 50 394 1160 475; baseline 0.004 -23"><span class='ocrx_word' id='word_1_12' title='bbox 50 408 123 453; x_wconf 86' lang='lat' dir='ltr'>autern</span> <span class='ocrx_word' id='word_1_13' title='bbox 141 394 319 454; x_wconf 80' lang='lat' dir='ltr'>aedificiorum</span> <span class='ocrx_word' id='word_1_14' title='bbox 337 397 520 475; x_wconf 85' lang='lat' dir='ltr'>privatorum</span> <span class='ocrx_word' id='word_1_15' title='bbox 539 410 570 456; x_wconf 88' lang='lat' dir='ltr'>et</span> <span class='ocrx_word' id='word_1_16' title='bbox 589 398 789 455; x_wconf 88' lang='lat' dir='ltr'>menianomm</span> <span class='ocrx_word' id='word_1_17' title='bbox 809 396 918 455; x_wconf 89' lang='lat' dir='ltr'>habent</span> <span class='ocrx_word' id='word_1_18' title='bbox 938 394 1075 475; x_wconf 87' lang='lat' dir='ltr'>speciem,</span> <span class='ocrx_word' id='word_1_19' title='bbox 1089 416 1160 475; x_wconf 85' lang='lat' dir='ltr'>pro·</span> 
     </span>
     <span class='ocr_line' id='line_1_4' title="bbox 50 476 1161 556; baseline 0.005 -25"><span class='ocrx_word' id='word_1_20' title='bbox 50 492 192 553; x_wconf 85' lang='lat' dir='ltr'>spectasque</span> <span class='ocrx_word' id='word_1_21' title='bbox 208 476 337 535; x_wconf 72' lang='lat' dir='ltr'>fenestris</span> <span class='ocrx_word' id='word_1_22' title='bbox 351 477 519 556; x_wconf 85' lang='lat' dir='ltr'>dispositos,</span> <span class='ocrx_word' id='word_1_23' title='bbox 537 478 575 536; x_wconf 90' lang='lat' dir='ltr'>ad</span> <span class='ocrx_word' id='word_1_24' title='bbox 594 478 788 537; x_wconf 89' lang='lat' dir='ltr'>imitationem</span> <span class='ocrx_word' id='word_1_25' title='bbox 801 478 998 536; x_wconf 87' lang='lat' dir='ltr'>communium</span> <span class='ocrx_word' id='word_1_26' title='bbox 1019 476 1161 537; x_wconf 84' lang='lat' dir='ltr'>aedificio-</span> 
     </span>
     <span class='ocr_line' id='line_1_5' title="bbox 48 556 1160 637; baseline 0.004 -24"><span class='ocrx_word' id='word_1_27' title='bbox 48 576 104 613; x_wconf 87' lang='lat' dir='ltr'>mn.</span> <span class='ocrx_word' id='word_1_28' title='bbox 128 556 261 634; x_wconf 78' lang='lat' dir='ltr'>Satyricoe</span> <span class='ocrx_word' id='word_1_29' title='bbox 274 577 343 616; x_wconf 86' lang='lat' dir='ltr'>vero</span> <span class='ocrx_word' id='word_1_30' title='bbox 356 572 495 617; x_wconf 89' lang='lat' dir='ltr'>ornantur</span> <span class='ocrx_word' id='word_1_31' title='bbox 508 560 671 627; x_wconf 76' lang='lat' dir='ltr'>arboribus,</span> <span class='ocrx_word' id='word_1_32' title='bbox 688 558 843 637; x_wconf 76' lang='lat' dir='ltr'>speluncis,</span> <span class='ocrx_word' id='word_1_33' title='bbox 853 558 1013 629; x_wconf 84' lang='lat' dir='ltr'>montibus,</span> <span class='ocrx_word' id='word_1_34' title='bbox 1024 556 1160 635; x_wconf 88' lang='lat' dir='ltr'>reliquia·</span> 
     </span>
     <span class='ocr_line' id='line_1_6' title="bbox 48 637 1159 718; baseline 0.007 -26"><span class='ocrx_word' id='word_1_35' title='bbox 48 656 89 711; x_wconf 86' lang='lat' dir='ltr'>que</span> <span class='ocrx_word' id='word_1_36' title='bbox 108 639 254 713; x_wconf 74' lang='lat' dir='ltr'>agrestibus</span> <span class='ocrx_word' id='word_1_37' title='bbox 278 640 375 708; x_wconf 90' lang='lat' dir='ltr'>rebus,</span> <span class='ocrx_word' id='word_1_38' title='bbox 399 639 429 698; x_wconf 89' lang='lat' dir='ltr'>in</span> <span class='ocrx_word' id='word_1_39' title='bbox 450 640 566 718; x_wconf 91' lang='lat' dir='ltr'>topiarii</span> <span class='ocrx_word' id='word_1_40' title='bbox 589 640 687 717; x_wconf 90' lang='lat' dir='ltr'>operis</span> <span class='ocrx_word' id='word_1_41' title='bbox 710 640 838 717; x_wconf 86' lang='lat' dir='ltr'>speciem</span> <span class='ocrx_word' id='word_1_42' title='bbox 862 638 1043 699; x_wconf 77' lang='lat' dir='ltr'>deformatis.</span> <span class='ocrx_word' id='word_1_43' title='bbox 1085 637 1159 700; x_wconf 81' lang='lat' dir='ltr'>Post</span> 
     </span>
     <span class='ocr_line' id='line_1_7' title="bbox 49 718 1160 799; baseline 0.005 -24"><span class='ocrx_word' id='word_1_44' title='bbox 49 736 136 775; x_wconf 79' lang='lat' dir='ltr'>uenam</span> <span class='ocrx_word' id='word_1_45' title='bbox 147 718 267 795; x_wconf 82' lang='lat' dir='ltr'>porticus</span> <span class='ocrx_word' id='word_1_46' title='bbox 282 732 363 778; x_wconf 88' lang='lat' dir='ltr'>erant</span> <span class='ocrx_word' id='word_1_47' title='bbox 380 732 566 790; x_wconf 84' lang='lat' dir='ltr'>constructae,</span> <span class='ocrx_word' id='word_1_48' title='bbox 588 741 646 796; x_wconf 92' lang='lat' dir='ltr'>quo</span> <span class='ocrx_word' id='word_1_49' title='bbox 668 740 760 797; x_wconf 89' lang='lat' dir='ltr'>quum</span> <span class='ocrx_word' id='word_1_50' title='bbox 780 721 888 779; x_wconf 86' lang='lat' dir='ltr'>imbres</span> <span class='ocrx_word' id='word_1_51' title='bbox 908 718 1053 799; x_wconf 85' lang='lat' dir='ltr'>repentini</span> <span class='ocrx_word' id='word_1_52' title='bbox 1072 718 1160 780; x_wconf 85' lang='lat' dir='ltr'>ludos</span> 
     </span>
     <span class='ocr_line' id='line_1_8' title="bbox 47 796 1158 880; baseline 0.005 -27"><span class='ocrx_word' id='word_1_53' title='bbox 47 796 271 875; x_wconf 78' lang='lat' dir='ltr'>interpellaverunt,</span> <span class='ocrx_word' id='word_1_54' title='bbox 286 813 399 860; x_wconf 89' lang='lat' dir='ltr'>actores</span> <span class='ocrx_word' id='word_1_55' title='bbox 413 820 445 859; x_wconf 87' lang='lat' dir='ltr'>se</span> <span class='ocrx_word' id='word_1_56' title='bbox 460 801 636 879; x_wconf 84' lang='lat' dir='ltr'>recipiebant</span> <span class='ocrx_word' id='word_1_57' title='bbox 648 820 686 858; x_wconf 88' lang='lat' dir='ltr'>ex</span> <span class='ocrx_word' id='word_1_58' title='bbox 700 800 824 880; x_wconf 89' lang='lat' dir='ltr'>pulpito,</span> <span class='ocrx_word' id='word_1_59' title='bbox 842 812 893 859; x_wconf 88' lang='lat' dir='ltr'>aut</span> <span class='ocrx_word' id='word_1_60' title='bbox 913 800 942 859; x_wconf 92' lang='lat' dir='ltr'>in</span> <span class='ocrx_word' id='word_1_61' title='bbox 962 800 1070 878; x_wconf 88' lang='lat' dir='ltr'>quihus</span> <span class='ocrx_word' id='word_1_62' title='bbox 1090 820 1158 859; x_wconf 81' lang='lat' dir='ltr'>nea·</span> 
     </span>
     <span class='ocr_line' id='line_1_9' title="bbox 48 876 1159 960; baseline 0.006 -26"><span class='ocrx_word' id='word_1_63' title='bbox 48 876 100 935; x_wconf 86' lang='lat' dir='ltr'>tino</span> <span class='ocrx_word' id='word_1_64' title='bbox 111 881 347 951; x_wconf 85' lang='lat' dir='ltr'>commutationes,</span> <span class='ocrx_word' id='word_1_65' title='bbox 359 893 389 940; x_wconf 93' lang='lat' dir='ltr'>et</span> <span class='ocrx_word' id='word_1_66' title='bbox 402 902 595 960; x_wconf 88' lang='lat' dir='ltr'>personarum</span> <span class='ocrx_word' id='word_1_67' title='bbox 607 881 778 940; x_wconf 89' lang='lat' dir='ltr'>indumenta</span> <span class='ocrx_word' id='word_1_68' title='bbox 790 881 1030 940; x_wconf 62' lang='lat' dir='ltr'>mutuabantur.</span> <span class='ocrx_word' id='word_1_69' title='bbox 1058 880 1159 959; x_wconf 84' lang='lat' dir='ltr'>Ipsam</span> 
     </span>
     <span class='ocr_line' id='line_1_10' title="bbox 47 960 1160 1041; baseline 0.006 -27"><span class='ocrx_word' id='word_1_70' title='bbox 47 970 119 1017; x_wconf 84' lang='lat' dir='ltr'>antem</span> <span class='ocrx_word' id='word_1_71' title='bbox 129 980 310 1036; x_wconf 87' lang='lat' dir='ltr'>persanamm</span> <span class='ocrx_word' id='word_1_72' title='bbox 322 964 611 1039; x_wconf 81' lang='lat' dir='ltr'>repraesentationem</span> <span class='ocrx_word' id='word_1_73' title='bbox 626 963 655 1021; x_wconf 92' lang='lat' dir='ltr'>in</span> <span class='ocrx_word' id='word_1_74' title='bbox 670 982 767 1032; x_wconf 91' lang='lat' dir='ltr'>scena,</span> <span class='ocrx_word' id='word_1_75' title='bbox 781 975 870 1040; x_wconf 90' lang='lat' dir='ltr'>atque</span> <span class='ocrx_word' id='word_1_76' title='bbox 883 960 958 1021; x_wconf 87' lang='lat' dir='ltr'>adeo</span> <span class='ocrx_word' id='word_1_77' title='bbox 970 962 1160 1041; x_wconf 88' lang='lat' dir='ltr'>compositio·</span> 
     </span>
     <span class='ocr_line' id='line_1_11' title="bbox 47 1042 1159 1113; baseline 0.005 -18"><span class='ocrx_word' id='word_1_78' title='bbox 47 1056 95 1096; x_wconf 85' lang='lat' dir='ltr'>neu</span> <span class='ocrx_word' id='word_1_79' title='bbox 107 1042 255 1112; x_wconf 81' lang='lat' dir='ltr'>comoedise,</span> <span class='ocrx_word' id='word_1_80' title='bbox 272 1042 371 1101; x_wconf 86' lang='lat' dir='ltr'>Graeci</span> <span class='ocrx_word' id='word_1_81' title='bbox 385 1042 486 1101; x_wconf 83' lang='lat' dir='ltr'>drama</span> <span class='ocrx_word' id='word_1_82' title='bbox 501 1054 650 1101; x_wconf 88' lang='lat' dir='ltr'>vocarunt.</span> <span class='ocrx_word' id='word_1_83' title='bbox 679 1042 780 1101; x_wconf 88' lang='lat' dir='ltr'>Sedet</span> <span class='ocrx_word' id='word_1_84' title='bbox 793 1063 911 1103; x_wconf 83' lang='lat' dir='ltr'>scenam</span> <span class='ocrx_word' id='word_1_85' title='bbox 926 1055 1032 1102; x_wconf 85' lang='lat' dir='ltr'>vocant</span> <span class='ocrx_word' id='word_1_86' title='bbox 1045 1043 1159 1113; x_wconf 90' lang='lat' dir='ltr'>comici,</span> 
     </span>
     <span class='ocr_line' id='line_1_12' title="bbox 46 1120 1159 1202; baseline 0.006 -26"><span class='ocrx_word' id='word_1_87' title='bbox 46 1120 150 1197; x_wconf 84' lang='lat' dir='ltr'>quiequid</span> <span class='ocrx_word' id='word_1_88' title='bbox 163 1121 226 1181; x_wconf 76' lang='lat' dir='ltr'>duee</span> <span class='ocrx_word' id='word_1_89' title='bbox 239 1136 292 1182; x_wconf 90' lang='lat' dir='ltr'>aut</span> <span class='ocrx_word' id='word_1_90' title='bbox 306 1136 365 1181; x_wconf 86' lang='lat' dir='ltr'>tres</span> <span class='ocrx_word' id='word_1_91' title='bbox 379 1144 514 1202; x_wconf 76' lang='lat' dir='ltr'>persouae</span> <span class='ocrx_word' id='word_1_92' title='bbox 527 1124 670 1183; x_wconf 85' lang='lat' dir='ltr'>sermonis</span> <span class='ocrx_word' id='word_1_93' title='bbox 680 1124 787 1202; x_wconf 80' lang='lat' dir='ltr'>integri</span> <span class='ocrx_word' id='word_1_94' title='bbox 801 1135 831 1183; x_wconf 91' lang='lat' dir='ltr'>et</span> <span class='ocrx_word' id='word_1_95' title='bbox 845 1122 971 1183; x_wconf 87' lang='lat' dir='ltr'>absoluti</span> <span class='ocrx_word' id='word_1_96' title='bbox 985 1123 1159 1201; x_wconf 86' lang='lat' dir='ltr'>colloquun-</span> 
     </span>
     <span class='ocr_line' id='line_1_13' title="bbox 46 1198 1160 1283; baseline 0.009 -29"><span class='ocrx_word' id='word_1_97' title='bbox 46 1212 85 1269; x_wconf 88' lang='lat' dir='ltr'>tur,</span> <span class='ocrx_word' id='word_1_98' title='bbox 96 1198 196 1279; x_wconf 84' lang='lat' dir='ltr'>illicque</span> <span class='ocrx_word' id='word_1_99' title='bbox 210 1203 275 1261; x_wconf 89' lang='lat' dir='ltr'>linit</span> <span class='ocrx_word' id='word_1_100' title='bbox 288 1224 385 1274; x_wconf 87' lang='lat' dir='ltr'>scena,</span> <span class='ocrx_word' id='word_1_101' title='bbox 400 1206 451 1263; x_wconf 90' lang='lat' dir='ltr'>ubi</span> <span class='ocrx_word' id='word_1_102' title='bbox 464 1218 515 1264; x_wconf 91' lang='lat' dir='ltr'>aut</span> <span class='ocrx_word' id='word_1_103' title='bbox 531 1204 627 1282; x_wconf 85' lang='lat' dir='ltr'>aliqua</span> <span class='ocrx_word' id='word_1_104' title='bbox 647 1224 771 1283; x_wconf 89' lang='lat' dir='ltr'>persona</span> <span class='ocrx_word' id='word_1_105' title='bbox 790 1204 1009 1282; x_wconf 87' lang='lat' dir='ltr'>introgreditur,</span> <span class='ocrx_word' id='word_1_106' title='bbox 1031 1218 1082 1264; x_wconf 90' lang='lat' dir='ltr'>aut</span> <span class='ocrx_word' id='word_1_107' title='bbox 1102 1204 1160 1265; x_wconf 86' lang='lat' dir='ltr'>alia</span> 
     </span>
     <span class='ocr_line' id='line_1_14' title="bbox 46 1278 1159 1362; baseline 0.006 -24"><span class='ocrx_word' id='word_1_108' title='bbox 46 1278 173 1353; x_wconf 83' lang='lat' dir='ltr'>rdlnrnm,</span> <span class='ocrx_word' id='word_1_109' title='bbox 195 1300 245 1342; x_wconf 89' lang='lat' dir='ltr'>aut</span> <span class='ocrx_word' id='word_1_110' title='bbox 269 1284 339 1343; x_wconf 86' lang='lat' dir='ltr'>alibi</span> <span class='ocrx_word' id='word_1_111' title='bbox 364 1285 400 1343; x_wconf 90' lang='lat' dir='ltr'>ad</span> <span class='ocrx_word' id='word_1_112' title='bbox 424 1286 549 1344; x_wconf 87' lang='lat' dir='ltr'>vicinam</span> <span class='ocrx_word' id='word_1_113' title='bbox 573 1286 674 1344; x_wconf 92' lang='lat' dir='ltr'>currit.</span> <span class='ocrx_word' id='word_1_114' title='bbox 715 1285 808 1344; x_wconf 74' lang='lat' dir='ltr'>Aetas</span> <span class='ocrx_word' id='word_1_115' title='bbox 828 1299 926 1344; x_wconf 87' lang='lat' dir='ltr'>autem</span> <span class='ocrx_word' id='word_1_116' title='bbox 943 1284 1042 1362; x_wconf 87' lang='lat' dir='ltr'>plures</span> <span class='ocrx_word' id='word_1_117' title='bbox 1056 1305 1159 1345; x_wconf 82' lang='lat' dir='ltr'>scenas</span> 
     </span>
     <span class='ocr_line' id='line_1_15' title="bbox 48 1363 1160 1444; baseline 0.004 -23"><span class='ocrx_word' id='word_1_118' title='bbox 48 1363 281 1441; x_wconf 77' lang='lat' dir='ltr'>nnpretendeuaa</span> <span class='ocrx_word' id='word_1_119' title='bbox 326 1365 440 1444; x_wconf 86' lang='lat' dir='ltr'>Estque</span> <span class='ocrx_word' id='word_1_120' title='bbox 461 1367 489 1424; x_wconf 91' lang='lat' dir='ltr'>in</span> <span class='ocrx_word' id='word_1_121' title='bbox 510 1365 654 1425; x_wconf 90' lang='lat' dir='ltr'>comoedia</span> <span class='ocrx_word' id='word_1_122' title='bbox 666 1386 735 1444; x_wconf 90' lang='lat' dir='ltr'>pars</span> <span class='ocrx_word' id='word_1_123' title='bbox 749 1365 966 1443; x_wconf 89' lang='lat' dir='ltr'>quodammodo</span> <span class='ocrx_word' id='word_1_124' title='bbox 980 1365 1115 1425; x_wconf 87' lang='lat' dir='ltr'>absoluta</span> <span class='ocrx_word' id='word_1_125' title='bbox 1128 1378 1160 1426; x_wconf 92' lang='lat' dir='ltr'>et</span> 
     </span>
     <span class='ocr_line' id='line_1_16' title="bbox 49 1438 1160 1519; baseline 0.002 -16"><span class='ocrx_word' id='word_1_126' title='bbox 49 1438 135 1519; x_wconf 76' lang='lat' dir='ltr'>integra,</span> <span class='ocrx_word' id='word_1_127' title='bbox 147 1446 273 1504; x_wconf 89' lang='lat' dir='ltr'>nondum</span> <span class='ocrx_word' id='word_1_128' title='bbox 287 1458 385 1505; x_wconf 87' lang='lat' dir='ltr'>tamen</span> <span class='ocrx_word' id='word_1_129' title='bbox 399 1466 462 1506; x_wconf 89' lang='lat' dir='ltr'>rem</span> <span class='ocrx_word' id='word_1_130' title='bbox 475 1466 591 1506; x_wconf 86' lang='lat' dir='ltr'>omnem</span> <span class='ocrx_word' id='word_1_131' title='bbox 606 1446 730 1505; x_wconf 85' lang='lat' dir='ltr'>liniens:</span> <span class='ocrx_word' id='word_1_132' title='bbox 751 1446 803 1505; x_wconf 90' lang='lat' dir='ltr'>sed</span> <span class='ocrx_word' id='word_1_133' title='bbox 816 1446 858 1505; x_wconf 87' lang='lat' dir='ltr'>ita</span> <span class='ocrx_word' id='word_1_134' title='bbox 871 1445 1052 1505; x_wconf 90' lang='lat' dir='ltr'>dimidiatam</span> <span class='ocrx_word' id='word_1_135' title='bbox 1068 1447 1160 1506; x_wconf 87' lang='lat' dir='ltr'>relin-</span> 
     </span>
     <span class='ocr_line' id='line_1_17' title="bbox 52 1526 1160 1605; baseline 0.004 -23"><span class='ocrx_word' id='word_1_136' title='bbox 52 1538 164 1595; x_wconf 75' lang='lat' dir='ltr'>queunt</span> <span class='ocrx_word' id='word_1_137' title='bbox 183 1528 331 1605; x_wconf 89' lang='lat' dir='ltr'>respirent</span> <span class='ocrx_word' id='word_1_138' title='bbox 351 1540 538 1605; x_wconf 83' lang='lat' dir='ltr'>spectatores,</span> <span class='ocrx_word' id='word_1_139' title='bbox 559 1539 590 1585; x_wconf 91' lang='lat' dir='ltr'>et</span> <span class='ocrx_word' id='word_1_140' title='bbox 610 1527 725 1587; x_wconf 87' lang='lat' dir='ltr'>facilins</span> <span class='ocrx_word' id='word_1_141' title='bbox 745 1539 951 1598; x_wconf 88' lang='lat' dir='ltr'>commutetur,</span> <span class='ocrx_word' id='word_1_142' title='bbox 973 1526 1113 1605; x_wconf 92' lang='lat' dir='ltr'>quicquid</span> <span class='ocrx_word' id='word_1_143' title='bbox 1129 1530 1160 1587; x_wconf 92' lang='lat' dir='ltr'>in</span> 
     </span>
     <span class='ocr_line' id='line_1_18' title="bbox 50 1600 1160 1685; baseline 0.004 -21"><span class='ocrx_word' id='word_1_144' title='bbox 50 1600 130 1678; x_wconf 72' lang='lat' dir='ltr'>tthsis</span> <span class='ocrx_word' id='word_1_145' title='bbox 141 1608 294 1665; x_wconf 80' lang='lat' dir='ltr'>comoediae</span> <span class='ocrx_word' id='word_1_146' title='bbox 308 1609 440 1685; x_wconf 88' lang='lat' dir='ltr'>partibus</span> <span class='ocrx_word' id='word_1_147' title='bbox 456 1622 607 1685; x_wconf 87' lang='lat' dir='ltr'>superest:</span> <span class='ocrx_word' id='word_1_148' title='bbox 629 1607 659 1667; x_wconf 92' lang='lat' dir='ltr'>id</span> <span class='ocrx_word' id='word_1_149' title='bbox 673 1623 773 1667; x_wconf 86' lang='lat' dir='ltr'>autem</span> <span class='ocrx_word' id='word_1_150' title='bbox 790 1616 872 1666; x_wconf 83' lang='lat' dir='ltr'>octar</span> <span class='ocrx_word' id='word_1_151' title='bbox 891 1617 1060 1667; x_wconf 78' lang='lat' dir='ltr'>commutare</span> <span class='ocrx_word' id='word_1_152' title='bbox 1079 1607 1160 1668; x_wconf 83' lang='lat' dir='ltr'>dice·</span> 
     </span>
     <span class='ocr_line' id='line_1_19' title="bbox 50 1681 1161 1769; baseline 0.009 -30"><span class='ocrx_word' id='word_1_153' title='bbox 50 1681 102 1741; x_wconf 86' lang='lat' dir='ltr'>bant</span> <span class='ocrx_word' id='word_1_154' title='bbox 128 1685 238 1747; x_wconf 88' lang='lat' dir='ltr'>loterea</span> <span class='ocrx_word' id='word_1_155' title='bbox 259 1688 343 1746; x_wconf 89' lang='lat' dir='ltr'>mimi</span> <span class='ocrx_word' id='word_1_156' title='bbox 363 1688 485 1747; x_wconf 88' lang='lat' dir='ltr'>dicteria</span> <span class='ocrx_word' id='word_1_157' title='bbox 505 1702 536 1747; x_wconf 89' lang='lat' dir='ltr'>et</span> <span class='ocrx_word' id='word_1_158' title='bbox 555 1688 688 1749; x_wconf 86' lang='lat' dir='ltr'>diverbia</span> <span class='ocrx_word' id='word_1_159' title='bbox 708 1688 883 1757; x_wconf 85' lang='lat' dir='ltr'>referebant,</span> <span class='ocrx_word' id='word_1_160' title='bbox 904 1690 1161 1769; x_wconf 83' lang='lat' dir='ltr'>recitabantnrqne</span> 
     </span>
     <span class='ocr_line' id='line_1_20' title="bbox 48 1766 1162 1847; baseline 0.006 -24"><span class='ocrx_word' id='word_1_161' title='bbox 48 1766 116 1823; x_wconf 76' lang='lat' dir='ltr'>tetdo</span> <span class='ocrx_word' id='word_1_162' title='bbox 132 1780 193 1843; x_wconf 72' lang='lat' dir='ltr'>quoe</span> <span class='ocrx_word' id='word_1_163' title='bbox 209 1768 356 1847; x_wconf 88' lang='lat' dir='ltr'>jucunda,</span> <span class='ocrx_word' id='word_1_164' title='bbox 377 1790 445 1845; x_wconf 80' lang='lat' dir='ltr'>quae</span> <span class='ocrx_word' id='word_1_165' title='bbox 464 1770 606 1847; x_wconf 89' lang='lat' dir='ltr'>populum</span> <span class='ocrx_word' id='word_1_166' title='bbox 627 1769 683 1828; x_wconf 85' lang='lat' dir='ltr'>alia</span> <span class='ocrx_word' id='word_1_167' title='bbox 702 1768 899 1829; x_wconf 88' lang='lat' dir='ltr'>oblectatione</span> <span class='ocrx_word' id='word_1_168' title='bbox 923 1768 1083 1829; x_wconf 85' lang='lat' dir='ltr'>allicerent.</span> <span class='ocrx_word' id='word_1_169' title='bbox 1124 1770 1162 1831; x_wconf 90' lang='lat' dir='ltr'>lu</span> 
     </span>
     <span class='ocr_line' id='line_1_21' title="bbox 47 1845 1161 1929; baseline 0.008 -28"><span class='ocrx_word' id='word_1_170' title='bbox 47 1845 231 1909; x_wconf 67' lang='lat' dir='ltr'>medianto</span> <span class='ocrx_word' id='word_1_171' title='bbox 244 1849 349 1928; x_wconf 90' lang='lat' dir='ltr'>plures</span> <span class='ocrx_word' id='word_1_172' title='bbox 363 1863 446 1908; x_wconf 90' lang='lat' dir='ltr'>erant</span> <span class='ocrx_word' id='word_1_173' title='bbox 459 1850 627 1929; x_wconf 85' lang='lat' dir='ltr'>hujusmodi</span> <span class='ocrx_word' id='word_1_174' title='bbox 641 1862 733 1918; x_wconf 89' lang='lat' dir='ltr'>actus,</span> <span class='ocrx_word' id='word_1_175' title='bbox 745 1850 905 1909; x_wconf 85' lang='lat' dir='ltr'>secundum</span> <span class='ocrx_word' id='word_1_176' title='bbox 920 1852 962 1909; x_wconf 93' lang='lat' dir='ltr'>rei</span> <span class='ocrx_word' id='word_1_177' title='bbox 976 1851 1161 1929; x_wconf 86' lang='lat' dir='ltr'>gravitatem,</span> 
     </span>
     <span class='ocr_line' id='line_1_22' title="bbox 45 1928 1161 2001; baseline 0.006 -16"><span class='ocrx_word' id='word_1_178' title='bbox 45 1928 222 1989; x_wconf 73' lang='lat' dir='ltr'>mintionem.</span> <span class='ocrx_word' id='word_1_179' title='bbox 254 1930 477 1989; x_wconf 88' lang='lat' dir='ltr'>Comoediarum</span> <span class='ocrx_word' id='word_1_180' title='bbox 491 1944 588 1990; x_wconf 89' lang='lat' dir='ltr'>autem</span> <span class='ocrx_word' id='word_1_181' title='bbox 603 1932 736 1990; x_wconf 85' lang='lat' dir='ltr'>recitatio</span> <span class='ocrx_word' id='word_1_182' title='bbox 750 1931 779 1989; x_wconf 91' lang='lat' dir='ltr'>iu</span> <span class='ocrx_word' id='word_1_183' title='bbox 793 1950 890 2001; x_wconf 88' lang='lat' dir='ltr'>scena,</span> <span class='ocrx_word' id='word_1_184' title='bbox 901 1931 977 1990; x_wconf 86' lang='lat' dir='ltr'>actio</span> <span class='ocrx_word' id='word_1_185' title='bbox 990 1930 1161 1991; x_wconf 83' lang='lat' dir='ltr'>dicebatur:</span> 
     </span>
     <span class='ocr_line' id='line_1_23' title="bbox 46 2004 1162 2089; baseline 0.009 -27"><span class='ocrx_word' id='word_1_186' title='bbox 46 2004 185 2068; x_wconf 73' lang='lat' dir='ltr'>uberum</span> <span class='ocrx_word' id='word_1_187' title='bbox 198 2011 249 2088; x_wconf 89' lang='lat' dir='ltr'>qui</span> <span class='ocrx_word' id='word_1_188' title='bbox 263 2013 393 2088; x_wconf 82' lang='lat' dir='ltr'>agebam</span> <span class='ocrx_word' id='word_1_189' title='bbox 407 2024 437 2069; x_wconf 88' lang='lat' dir='ltr'>et</span> <span class='ocrx_word' id='word_1_190' title='bbox 450 2012 564 2071; x_wconf 89' lang='lat' dir='ltr'>fabulas</span> <span class='ocrx_word' id='word_1_191' title='bbox 579 2012 823 2089; x_wconf 85' lang='lat' dir='ltr'>pronunciabant,</span> <span class='ocrx_word' id='word_1_192' title='bbox 837 2022 946 2071; x_wconf 84' lang='lat' dir='ltr'>actores</span> <span class='ocrx_word' id='word_1_193' title='bbox 960 2012 1040 2081; x_wconf 89' lang='lat' dir='ltr'>dicti.</span> <span class='ocrx_word' id='word_1_194' title='bbox 1072 2012 1162 2072; x_wconf 82' lang='lat' dir='ltr'>Actio</span> 
     </span>
     <span class='ocr_line' id='line_1_24' title="bbox 46 2090 1161 2171; baseline 0.008 -27"><span class='ocrx_word' id='word_1_195' title='bbox 46 2103 129 2163; x_wconf 64' lang='lat' dir='ltr'>quoque</span> <span class='ocrx_word' id='word_1_196' title='bbox 139 2090 174 2148; x_wconf 89' lang='lat' dir='ltr'>ad</span> <span class='ocrx_word' id='word_1_197' title='bbox 186 2091 328 2151; x_wconf 84' lang='lat' dir='ltr'>orationis</span> <span class='ocrx_word' id='word_1_198' title='bbox 342 2093 612 2170; x_wconf 88' lang='lat' dir='ltr'>pronunciationem</span> <span class='ocrx_word' id='word_1_199' title='bbox 627 2093 818 2163; x_wconf 80' lang='lat' dir='ltr'>transfertur3</span> <span class='ocrx_word' id='word_1_200' title='bbox 841 2106 875 2151; x_wconf 90' lang='lat' dir='ltr'>ut</span> <span class='ocrx_word' id='word_1_201' title='bbox 888 2093 975 2152; x_wconf 91' lang='lat' dir='ltr'>etiam</span> <span class='ocrx_word' id='word_1_202' title='bbox 990 2094 1054 2171; x_wconf 88' lang='lat' dir='ltr'>ipsa</span> <span class='ocrx_word' id='word_1_203' title='bbox 1066 2094 1161 2153; x_wconf 88' lang='lat' dir='ltr'>oratio</span> 
     </span>
     <span class='ocr_line' id='line_1_25' title="bbox 44 2162 811 2251; baseline 0.01 -27"><span class='ocrx_word' id='word_1_204' title='bbox 44 2162 135 2226; x_wconf 60' lang='lat' dir='ltr'>tumus</span> <span class='ocrx_word' id='word_1_205' title='bbox 147 2170 192 2229; x_wconf 86' lang='lat' dir='ltr'>rel</span> <span class='ocrx_word' id='word_1_206' title='bbox 204 2174 318 2251; x_wconf 89' lang='lat' dir='ltr'>scripta</span> <span class='ocrx_word' id='word_1_207' title='bbox 332 2172 379 2230; x_wconf 89' lang='lat' dir='ltr'>vel</span> <span class='ocrx_word' id='word_1_208' title='bbox 393 2174 585 2251; x_wconf 86' lang='lat' dir='ltr'>pronunciata</span> <span class='ocrx_word' id='word_1_209' title='bbox 597 2174 673 2232; x_wconf 88' lang='lat' dir='ltr'>actio</span> <span class='ocrx_word' id='word_1_210' title='bbox 687 2174 811 2232; x_wconf 88' lang='lat' dir='ltr'>dicatur.</span> 
     </span>
    </p>
   </div>
   <div class='ocr_carea' id='block_1_3' title="bbox 294 2300 874 2365">
    <p class='ocr_par' dir='ltr' id='par_1_3' title="bbox 294 2300 874 2365">
     <span class='ocr_line' id='line_1_26' title="bbox 294 2300 874 2365; baseline 0 0"><span class='ocrx_word' id='word_1_211' title='bbox 294 2300 503 2365; x_wconf 73' lang='lat' dir='ltr'>Scenitarum</span> <span class='ocrx_word' id='word_1_212' title='bbox 517 2300 674 2365; x_wconf 82' lang='lat' dir='ltr'>Actorum</span> <span class='ocrx_word' id='word_1_213' title='bbox 689 2302 874 2365; x_wconf 62' lang='lat' dir='ltr'>dicendine.</span> 
     </span>
    </p>
   </div>
   <div class='ocr_carea' id='block_1_4' title="bbox 41 2395 1172 4417">
    <p class='ocr_par' dir='ltr' id='par_1_4' title="bbox 41 2395 1172 4417">
     <span class='ocr_line' id='line_1_27' title="bbox 70 2395 1162 2482; baseline 0.004 -21"><span class='ocrx_word' id='word_1_214' title='bbox 70 2395 95 2454; x_wconf 81' lang='lat' dir='ltr'>ln</span> <span class='ocrx_word' id='word_1_215' title='bbox 112 2420 218 2462; x_wconf 79' lang='lat' dir='ltr'>scenam</span> <span class='ocrx_word' id='word_1_216' title='bbox 242 2403 418 2463; x_wconf 85' lang='lat' dir='ltr'>nouaclum</span> <span class='ocrx_word' id='word_1_217' title='bbox 441 2403 651 2463; x_wconf 84' lang='lat' dir='ltr'>comoediarum</span> <span class='ocrx_word' id='word_1_218' title='bbox 672 2417 724 2463; x_wconf 88' lang='lat' dir='ltr'>aut</span> <span class='ocrx_word' id='word_1_219' title='bbox 745 2402 955 2481; x_wconf 84' lang='lat' dir='ltr'>tragoediarum</span> <span class='ocrx_word' id='word_1_220' title='bbox 975 2414 1086 2463; x_wconf 79' lang='lat' dir='ltr'>oetam</span> <span class='ocrx_word' id='word_1_221' title='bbox 1097 2404 1162 2482; x_wconf 88' lang='lat' dir='ltr'>(qni</span> 
     </span>
     <span class='ocr_line' id='line_1_28' title="bbox 44 2480 1163 2567; baseline 0.005 -26"><span class='ocrx_word' id='word_1_222' title='bbox 44 2480 137 2567; x_wconf 55' lang='grc' dir='ltr'>ΨΜ</span> <span class='ocrx_word' id='word_1_223' title='bbox 154 2498 183 2542; x_wconf 92' lang='lat' dir='ltr'>et</span> <span class='ocrx_word' id='word_1_224' title='bbox 203 2484 333 2543; x_wconf 83' lang='lat' dir='ltr'>comoedi</span> <span class='ocrx_word' id='word_1_225' title='bbox 354 2483 540 2560; x_wconf 87' lang='lat' dir='ltr'>dicebantur)</span> <span class='ocrx_word' id='word_1_226' title='bbox 554 2484 713 2563; x_wconf 89' lang='lat' dir='ltr'>prodibant</span> <span class='ocrx_word' id='word_1_227' title='bbox 734 2485 763 2543; x_wconf 90' lang='lat' dir='ltr'>in</span> <span class='ocrx_word' id='word_1_228' title='bbox 784 2483 993 2563; x_wconf 86' lang='lat' dir='ltr'>spectaculum,</span> <span class='ocrx_word' id='word_1_229' title='bbox 1008 2485 1163 2547; x_wconf 85' lang='lat' dir='ltr'>sedetiam</span> 
     </span>
     <span class='ocr_line' id='line_1_29' title="bbox 43 2560 1161 2643; baseline 0.002 -18"><span class='ocrx_word' id='word_1_230' title='bbox 43 2560 107 2625; x_wconf 68' lang='lat' dir='ltr'>limi,</span> <span class='ocrx_word' id='word_1_231' title='bbox 123 2566 298 2639; x_wconf 80' lang='lat' dir='ltr'>pantomimi,</span> <span class='ocrx_word' id='word_1_232' title='bbox 321 2565 493 2635; x_wconf 88' lang='lat' dir='ltr'>archimimi,</span> <span class='ocrx_word' id='word_1_233' title='bbox 513 2566 651 2643; x_wconf 90' lang='lat' dir='ltr'>ethologi,</span> <span class='ocrx_word' id='word_1_234' title='bbox 670 2566 820 2643; x_wconf 84' lang='lat' dir='ltr'>ethopoei:</span> <span class='ocrx_word' id='word_1_235' title='bbox 843 2586 944 2623; x_wconf 85' lang='lat' dir='ltr'>omnes</span> <span class='ocrx_word' id='word_1_236' title='bbox 964 2586 1024 2624; x_wconf 91' lang='lat' dir='ltr'>uno</span> <span class='ocrx_word' id='word_1_237' title='bbox 1044 2565 1161 2627; x_wconf 85' lang='lat' dir='ltr'>nomine</span> 
     </span>
     <span class='ocr_line' id='line_1_30' title="bbox 43 2632 1162 2724; baseline 0.004 -23"><span class='ocrx_word' id='word_1_238' title='bbox 43 2632 164 2713; x_wconf 60' lang='lat' dir='ltr'>hypocrita</span> <span class='ocrx_word' id='word_1_239' title='bbox 176 2644 219 2721; x_wconf 79' lang='lat' dir='ltr'>(id</span> <span class='ocrx_word' id='word_1_240' title='bbox 233 2658 292 2715; x_wconf 91' lang='lat' dir='ltr'>est,</span> <span class='ocrx_word' id='word_1_241' title='bbox 307 2644 412 2704; x_wconf 78' lang='lat' dir='ltr'>alienae</span> <span class='ocrx_word' id='word_1_242' title='bbox 431 2664 565 2724; x_wconf 74' lang='lat' dir='ltr'>personae¹</span> <span class='ocrx_word' id='word_1_243' title='bbox 586 2645 787 2720; x_wconf 82' lang='lat' dir='ltr'>simulatores)</span> <span class='ocrx_word' id='word_1_244' title='bbox 799 2646 888 2705; x_wconf 89' lang='lat' dir='ltr'>dicti:</span> <span class='ocrx_word' id='word_1_245' title='bbox 909 2658 1056 2705; x_wconf 89' lang='lat' dir='ltr'>eteorum</span> <span class='ocrx_word' id='word_1_246' title='bbox 1075 2648 1162 2716; x_wconf 86' lang='lat' dir='ltr'>actio,</span> 
     </span>
     <span class='ocr_line' id='line_1_31' title="bbox 43 2714 1162 2805; baseline 0.005 -24"><span class='ocrx_word' id='word_1_247' title='bbox 43 2714 172 2793; x_wconf 61' lang='lat' dir='ltr'>murm,</span> <span class='ocrx_word' id='word_1_248' title='bbox 185 2725 215 2785; x_wconf 94' lang='lat' dir='ltr'>id</span> <span class='ocrx_word' id='word_1_249' title='bbox 236 2738 292 2797; x_wconf 90' lang='lat' dir='ltr'>est,</span> <span class='ocrx_word' id='word_1_250' title='bbox 307 2724 411 2785; x_wconf 83' lang='lat' dir='ltr'>aliems</span> <span class='ocrx_word' id='word_1_251' title='bbox 433 2744 566 2805; x_wconf 73' lang='lat' dir='ltr'>personae</span> <span class='ocrx_word' id='word_1_252' title='bbox 587 2726 745 2793; x_wconf 88' lang='lat' dir='ltr'>simulatio,</span> <span class='ocrx_word' id='word_1_253' title='bbox 767 2725 879 2785; x_wconf 86' lang='lat' dir='ltr'>Latinis</span> <span class='ocrx_word' id='word_1_254' title='bbox 901 2726 1057 2797; x_wconf 71' lang='lat' dir='ltr'>histriones,</span> <span class='ocrx_word' id='word_1_255' title='bbox 1072 2726 1162 2787; x_wconf 78' lang='lat' dir='ltr'>ludio·</span> 
     </span>
     <span class='ocr_line' id='line_1_32' title="bbox 42 2806 1162 2885; baseline 0.004 -22"><span class='ocrx_word' id='word_1_256' title='bbox 42 2814 121 2877; x_wconf 57' lang='lat' dir='ltr'>”tutu</span> <span class='ocrx_word' id='word_1_257' title='bbox 140 2818 188 2864; x_wconf 89' lang='lat' dir='ltr'>aut</span> <span class='ocrx_word' id='word_1_258' title='bbox 214 2807 305 2866; x_wconf 90' lang='lat' dir='ltr'>etiam</span> <span class='ocrx_word' id='word_1_259' title='bbox 336 2806 405 2865; x_wconf 85' lang='lat' dir='ltr'>ludii</span> <span class='ocrx_word' id='word_1_260' title='bbox 432 2808 577 2867; x_wconf 92' lang='lat' dir='ltr'>dicuntur.</span> <span class='ocrx_word' id='word_1_261' title='bbox 620 2806 707 2865; x_wconf 80' lang='lat' dir='ltr'>Misni</span> <span class='ocrx_word' id='word_1_262' title='bbox 733 2808 895 2866; x_wconf 88' lang='lat' dir='ltr'>imitatores</span> <span class='ocrx_word' id='word_1_263' title='bbox 921 2820 989 2866; x_wconf 89' lang='lat' dir='ltr'>sunt</span> <span class='ocrx_word' id='word_1_264' title='bbox 1015 2821 1162 2885; x_wconf 80' lang='lat' dir='ltr'>gestuum,</span> 
     </span>
     <span class='ocr_line' id='line_1_33' title="bbox 41 2887 1163 2967; baseline 0.009 -28"><span class='ocrx_word' id='word_1_265' title='bbox 41 2892 126 2951; x_wconf 76' lang='lat' dir='ltr'>voeun,</span> <span class='ocrx_word' id='word_1_266' title='bbox 138 2899 185 2945; x_wconf 90' lang='lat' dir='ltr'>aut</span> <span class='ocrx_word' id='word_1_267' title='bbox 203 2907 361 2964; x_wconf 81' lang='lat' dir='ltr'>gresstmm</span> <span class='ocrx_word' id='word_1_268' title='bbox 381 2887 505 2967; x_wconf 89' lang='lat' dir='ltr'>alicujus</span> <span class='ocrx_word' id='word_1_269' title='bbox 519 2906 652 2966; x_wconf 82' lang='lat' dir='ltr'>personae</span> <span class='ocrx_word' id='word_1_270' title='bbox 672 2889 750 2947; x_wconf 89' lang='lat' dir='ltr'>inter</span> <span class='ocrx_word' id='word_1_271' title='bbox 769 2888 861 2947; x_wconf 86' lang='lat' dir='ltr'>alias:</span> <span class='ocrx_word' id='word_1_272' title='bbox 882 2888 967 2966; x_wconf 90' lang='lat' dir='ltr'>cujus</span> <span class='ocrx_word' id='word_1_273' title='bbox 986 2888 1110 2949; x_wconf 86' lang='lat' dir='ltr'>ridicula</span> <span class='ocrx_word' id='word_1_274' title='bbox 1124 2890 1163 2949; x_wconf 88' lang='lat' dir='ltr'>sit</span> 
     </span>
     <span class='ocr_line' id='line_1_34' title="bbox 41 2966 1163 3047; baseline 0 -19"><span class='ocrx_word' id='word_1_275' title='bbox 41 2972 142 3028; x_wconf 69' lang='lat' dir='ltr'>loxsaut</span> <span class='ocrx_word' id='word_1_276' title='bbox 159 2966 238 3027; x_wconf 85' lang='lat' dir='ltr'>alind</span> <span class='ocrx_word' id='word_1_277' title='bbox 258 2968 422 3046; x_wconf 83' lang='lat' dir='ltr'>quidpiam.</span> <span class='ocrx_word' id='word_1_278' title='bbox 466 2968 634 3028; x_wconf 85' lang='lat' dir='ltr'>Pantomimi</span> <span class='ocrx_word' id='word_1_279' title='bbox 647 2970 779 3028; x_wconf 91' lang='lat' dir='ltr'>omnium</span> <span class='ocrx_word' id='word_1_280' title='bbox 794 2988 988 3047; x_wconf 88' lang='lat' dir='ltr'>personarum</span> <span class='ocrx_word' id='word_1_281' title='bbox 1001 2970 1163 3030; x_wconf 87' lang='lat' dir='ltr'>imitatores</span> 
     </span>
     <span class='ocr_line' id='line_1_35' title="bbox 41 3044 1161 3128; baseline 0.009 -27"><span class='ocrx_word' id='word_1_282' title='bbox 41 3054 90 3097; x_wconf 85' lang='lat' dir='ltr'>sant</span> <span class='ocrx_word' id='word_1_283' title='bbox 99 3044 311 3125; x_wconf 80' lang='lat' dir='ltr'>effictoresque:</span> <span class='ocrx_word' id='word_1_284' title='bbox 336 3062 411 3107; x_wconf 89' lang='lat' dir='ltr'>utet</span> <span class='ocrx_word' id='word_1_285' title='bbox 428 3049 575 3119; x_wconf 90' lang='lat' dir='ltr'>mulieres,</span> <span class='ocrx_word' id='word_1_286' title='bbox 588 3063 619 3108; x_wconf 88' lang='lat' dir='ltr'>et</span> <span class='ocrx_word' id='word_1_287' title='bbox 637 3068 731 3119; x_wconf 87' lang='lat' dir='ltr'>senes,</span> <span class='ocrx_word' id='word_1_288' title='bbox 746 3062 777 3108; x_wconf 90' lang='lat' dir='ltr'>et</span> <span class='ocrx_word' id='word_1_289' title='bbox 791 3050 926 3127; x_wconf 82' lang='lat' dir='ltr'>juvenes,</span> <span class='ocrx_word' id='word_1_290' title='bbox 941 3068 975 3109; x_wconf 89' lang='lat' dir='ltr'>ac</span> <span class='ocrx_word' id='word_1_291' title='bbox 994 3050 1161 3128; x_wconf 86' lang='lat' dir='ltr'>cujuscum-</span> 
     </span>
     <span class='ocr_line' id='line_1_36' title="bbox 41 3126 1163 3209; baseline 0.008 -26"><span class='ocrx_word' id='word_1_292' title='bbox 41 3135 80 3205; x_wconf 65' lang='lat' dir='ltr'>que</span> <span class='ocrx_word' id='word_1_293' title='bbox 95 3126 179 3186; x_wconf 80' lang='lat' dir='ltr'>eutis</span> <span class='ocrx_word' id='word_1_294' title='bbox 199 3148 343 3207; x_wconf 85' lang='lat' dir='ltr'>personas</span> <span class='ocrx_word' id='word_1_295' title='bbox 356 3130 539 3209; x_wconf 71' lang='lat' dir='ltr'>confingantt</span> <span class='ocrx_word' id='word_1_296' title='bbox 561 3130 649 3189; x_wconf 88' lang='lat' dir='ltr'>etiam</span> <span class='ocrx_word' id='word_1_297' title='bbox 670 3130 712 3189; x_wconf 90' lang='lat' dir='ltr'>ita</span> <span class='ocrx_word' id='word_1_298' title='bbox 725 3151 765 3188; x_wconf 86' lang='lat' dir='ltr'>ex</span> <span class='ocrx_word' id='word_1_299' title='bbox 785 3132 917 3208; x_wconf 81' lang='lat' dir='ltr'>gestibus</span> <span class='ocrx_word' id='word_1_300' title='bbox 934 3130 1113 3202; x_wconf 87' lang='lat' dir='ltr'>describunt,</span> <span class='ocrx_word' id='word_1_301' title='bbox 1128 3145 1163 3192; x_wconf 91' lang='lat' dir='ltr'>ut</span> 
     </span>
     <span class='ocr_line' id='line_1_37' title="bbox 41 3196 1165 3291; baseline 0.006 -27"><span class='ocrx_word' id='word_1_302' title='bbox 41 3196 141 3279; x_wconf 61' lang='lat' dir='ltr'>siquod</span> <span class='ocrx_word' id='word_1_303' title='bbox 158 3210 237 3269; x_wconf 83' lang='lat' dir='ltr'>aium</span> <span class='ocrx_word' id='word_1_304' title='bbox 257 3210 361 3269; x_wconf 81' lang='lat' dir='ltr'>videre</span> <span class='ocrx_word' id='word_1_305' title='bbox 383 3211 510 3270; x_wconf 86' lang='lat' dir='ltr'>videare.</span> <span class='ocrx_word' id='word_1_306' title='bbox 561 3210 742 3289; x_wconf 89' lang='lat' dir='ltr'>Hujusmodi</span> <span class='ocrx_word' id='word_1_307' title='bbox 765 3224 835 3269; x_wconf 89' lang='lat' dir='ltr'>sunt</span> <span class='ocrx_word' id='word_1_308' title='bbox 855 3231 929 3288; x_wconf 90' lang='lat' dir='ltr'>quos</span> <span class='ocrx_word' id='word_1_309' title='bbox 952 3211 1020 3271; x_wconf 86' lang='lat' dir='ltr'>Itali</span> <span class='ocrx_word' id='word_1_310' title='bbox 1041 3212 1165 3291; x_wconf 73' lang='lat' dir='ltr'>buffones</span> 
     </span>
     <span class='ocr_line' id='line_1_38' title="bbox 41 3280 1163 3370; baseline 0.007 -27"><span class='ocrx_word' id='word_1_311' title='bbox 41 3280 106 3369; x_wconf 55' lang='lat' dir='ltr'>tulga</span> <span class='ocrx_word' id='word_1_312' title='bbox 124 3304 233 3349; x_wconf 81' lang='lat' dir='ltr'>vocant.</span> <span class='ocrx_word' id='word_1_313' title='bbox 275 3289 445 3350; x_wconf 82' lang='lat' dir='ltr'>Archimirni</span> <span class='ocrx_word' id='word_1_314' title='bbox 466 3292 613 3370; x_wconf 88' lang='lat' dir='ltr'>principes</span> <span class='ocrx_word' id='word_1_315' title='bbox 636 3305 705 3351; x_wconf 89' lang='lat' dir='ltr'>sunt</span> <span class='ocrx_word' id='word_1_316' title='bbox 731 3291 914 3363; x_wconf 86' lang='lat' dir='ltr'>histrionum,</span> <span class='ocrx_word' id='word_1_317' title='bbox 936 3293 992 3351; x_wconf 91' lang='lat' dir='ltr'>hoc</span> <span class='ocrx_word' id='word_1_318' title='bbox 1016 3306 1070 3363; x_wconf 87' lang='lat' dir='ltr'>est,</span> <span class='ocrx_word' id='word_1_319' title='bbox 1086 3294 1163 3352; x_wconf 90' lang='lat' dir='ltr'>inter</span> 
     </span>
     <span class='ocr_line' id='line_1_39' title="bbox 41 3354 1162 3453; baseline 0.017 -40"><span class='ocrx_word' id='word_1_320' title='bbox 41 3354 162 3428; x_wconf 78' lang='lat' dir='ltr'>histriones</span> <span class='ocrx_word' id='word_1_321' title='bbox 179 3370 364 3431; x_wconf 82' lang='lat' dir='ltr'>solertissimi</span> <span class='ocrx_word' id='word_1_322' title='bbox 377 3384 407 3431; x_wconf 89' lang='lat' dir='ltr'>et</span> <span class='ocrx_word' id='word_1_323' title='bbox 420 3371 668 3431; x_wconf 89' lang='lat' dir='ltr'>excellentissimi.</span> <span class='ocrx_word' id='word_1_324' title='bbox 712 3371 851 3452; x_wconf 82' lang='lat' dir='ltr'>Ethologi</span> <span class='ocrx_word' id='word_1_325' title='bbox 863 3373 955 3442; x_wconf 88' lang='lat' dir='ltr'>mimi,</span> <span class='ocrx_word' id='word_1_326' title='bbox 969 3385 1020 3431; x_wconf 86' lang='lat' dir='ltr'>aut</span> <span class='ocrx_word' id='word_1_327' title='bbox 1033 3373 1162 3453; x_wconf 65' lang='lat' dir='ltr'>mhopoei,</span> 
     </span>
     <span class='ocr_line' id='line_1_40' title="bbox 41 3451 1164 3532; baseline 0.012 -30"><span class='ocrx_word' id='word_1_328' title='bbox 41 3456 127 3505; x_wconf 74' lang='lat' dir='ltr'>morum</span> <span class='ocrx_word' id='word_1_329' title='bbox 150 3464 214 3509; x_wconf 87' lang='lat' dir='ltr'>sunt</span> <span class='ocrx_word' id='word_1_330' title='bbox 240 3451 399 3521; x_wconf 85' lang='lat' dir='ltr'>effictores,</span> <span class='ocrx_word' id='word_1_331' title='bbox 427 3452 644 3530; x_wconf 84' lang='lat' dir='ltr'>affectuumque</span> <span class='ocrx_word' id='word_1_332' title='bbox 672 3452 883 3531; x_wconf 89' lang='lat' dir='ltr'>cujuscumque</span> <span class='ocrx_word' id='word_1_333' title='bbox 914 3473 1049 3532; x_wconf 77' lang='lat' dir='ltr'>personae</span> <span class='ocrx_word' id='word_1_334' title='bbox 1076 3475 1164 3532; x_wconf 90' lang='lat' dir='ltr'>quam</span> 
     </span>
     <span class='ocr_line' id='line_1_41' title="bbox 41 3525 1163 3614; baseline 0.011 -31"><span class='ocrx_word' id='word_1_335' title='bbox 41 3525 161 3611; x_wconf 61' lang='lat' dir='ltr'>ittuntur,</span> <span class='ocrx_word' id='word_1_336' title='bbox 175 3545 223 3591; x_wconf 88' lang='lat' dir='ltr'>aut</span> <span class='ocrx_word' id='word_1_337' title='bbox 237 3552 328 3609; x_wconf 89' lang='lat' dir='ltr'>quam</span> <span class='ocrx_word' id='word_1_338' title='bbox 341 3546 432 3612; x_wconf 81' lang='lat' dir='ltr'>agriot</span> <span class='ocrx_word' id='word_1_339' title='bbox 446 3546 476 3592; x_wconf 90' lang='lat' dir='ltr'>et</span> <span class='ocrx_word' id='word_1_340' title='bbox 489 3534 621 3593; x_wconf 90' lang='lat' dir='ltr'>referunt</span> <span class='ocrx_word' id='word_1_341' title='bbox 637 3534 668 3591; x_wconf 90' lang='lat' dir='ltr'>in</span> <span class='ocrx_word' id='word_1_342' title='bbox 682 3554 779 3604; x_wconf 86' lang='lat' dir='ltr'>scena,</span> <span class='ocrx_word' id='word_1_343' title='bbox 794 3534 871 3592; x_wconf 90' lang='lat' dir='ltr'>uude</span> <span class='ocrx_word' id='word_1_344' title='bbox 883 3534 1032 3614; x_wconf 80' lang='lat' dir='ltr'>ethcpoeio,</span> <span class='ocrx_word' id='word_1_345' title='bbox 1046 3556 1163 3595; x_wconf 89' lang='lat' dir='ltr'>morum</span> 
     </span>
     <span class='ocr_line' id='line_1_42' title="bbox 42 3599 1164 3693; baseline 0.011 -29"><span class='ocrx_word' id='word_1_346' title='bbox 42 3599 170 3687; x_wconf 69' lang='lat' dir='ltr'>¹theutrum</span> <span class='ocrx_word' id='word_1_347' title='bbox 194 3614 341 3672; x_wconf 86' lang='lat' dir='ltr'>imitatio:</span> <span class='ocrx_word' id='word_1_348' title='bbox 368 3627 398 3673; x_wconf 88' lang='lat' dir='ltr'>et</span> <span class='ocrx_word' id='word_1_349' title='bbox 422 3614 506 3673; x_wconf 84' lang='lat' dir='ltr'>ethici</span> <span class='ocrx_word' id='word_1_350' title='bbox 529 3614 662 3693; x_wconf 88' lang='lat' dir='ltr'>pictores</span> <span class='ocrx_word' id='word_1_351' title='bbox 689 3635 723 3673; x_wconf 90' lang='lat' dir='ltr'>ac</span> <span class='ocrx_word' id='word_1_352' title='bbox 751 3616 885 3673; x_wconf 90' lang='lat' dir='ltr'>statuarii</span> <span class='ocrx_word' id='word_1_353' title='bbox 912 3616 992 3685; x_wconf 90' lang='lat' dir='ltr'>dicti,</span> <span class='ocrx_word' id='word_1_354' title='bbox 1017 3616 1068 3693; x_wconf 92' lang='lat' dir='ltr'>qui</span> <span class='ocrx_word' id='word_1_355' title='bbox 1096 3637 1164 3676; x_wconf 86' lang='lat' dir='ltr'>suas</span> 
     </span>
     <span class='ocr_line' id='line_1_43' title="bbox 43 3688 1164 3775; baseline 0.011 -30"><span class='ocrx_word' id='word_1_356' title='bbox 43 3688 149 3773; x_wconf 55' lang='lat' dir='ltr'>turgisus</span> <span class='ocrx_word' id='word_1_357' title='bbox 161 3693 200 3750; x_wconf 87' lang='lat' dir='ltr'>ita</span> <span class='ocrx_word' id='word_1_358' title='bbox 211 3694 385 3771; x_wconf 90' lang='lat' dir='ltr'>depingunt,</span> <span class='ocrx_word' id='word_1_359' title='bbox 401 3707 453 3754; x_wconf 91' lang='lat' dir='ltr'>aut</span> <span class='ocrx_word' id='word_1_360' title='bbox 466 3694 579 3763; x_wconf 69' lang='lat' dir='ltr'>caelant,</span> <span class='ocrx_word' id='word_1_361' title='bbox 591 3707 624 3754; x_wconf 90' lang='lat' dir='ltr'>ut</span> <span class='ocrx_word' id='word_1_362' title='bbox 638 3696 773 3755; x_wconf 85' lang='lat' dir='ltr'>sensibus</span> <span class='ocrx_word' id='word_1_363' title='bbox 787 3698 934 3774; x_wconf 86' lang='lat' dir='ltr'>expressis</span> <span class='ocrx_word' id='word_1_364' title='bbox 950 3698 1164 3775; x_wconf 87' lang='lat' dir='ltr'>propemodum</span> 
     </span>
     <span class='ocr_line' id='line_1_44' title="bbox 45 3772 1164 3853; baseline 0.015 -33"><span class='ocrx_word' id='word_1_365' title='bbox 45 3778 134 3851; x_wconf 73' lang='lat' dir='ltr'>spirent.</span> <span class='ocrx_word' id='word_1_366' title='bbox 178 3772 334 3853; x_wconf 76' lang='lat' dir='ltr'>Thynrelici</span> <span class='ocrx_word' id='word_1_367' title='bbox 357 3777 432 3834; x_wconf 88' lang='lat' dir='ltr'>inter</span> <span class='ocrx_word' id='word_1_368' title='bbox 456 3777 585 3835; x_wconf 87' lang='lat' dir='ltr'>scenicos</span> <span class='ocrx_word' id='word_1_369' title='bbox 607 3790 721 3835; x_wconf 87' lang='lat' dir='ltr'>actores</span> <span class='ocrx_word' id='word_1_370' title='bbox 745 3790 823 3844; x_wconf 89' lang='lat' dir='ltr'>sunt,</span> <span class='ocrx_word' id='word_1_371' title='bbox 849 3778 905 3835; x_wconf 89' lang='lat' dir='ltr'>hoc</span> <span class='ocrx_word' id='word_1_372' title='bbox 925 3793 980 3844; x_wconf 90' lang='lat' dir='ltr'>est,</span> <span class='ocrx_word' id='word_1_373' title='bbox 999 3778 1164 3850; x_wconf 81' lang='lat' dir='ltr'>citharoedi,</span> 
     </span>
     <span class='ocr_line' id='line_1_45' title="bbox 44 3844 1162 3935; baseline 0.013 -32"><span class='ocrx_word' id='word_1_374' title='bbox 44 3844 174 3931; x_wconf 55' lang='lat' dir='ltr'>citharistae,</span> <span class='ocrx_word' id='word_1_375' title='bbox 202 3854 324 3933; x_wconf 67' lang='lat' dir='ltr'>lyristae,</span> <span class='ocrx_word' id='word_1_376' title='bbox 353 3857 497 3915; x_wconf 89' lang='lat' dir='ltr'>tibicines.</span> <span class='ocrx_word' id='word_1_377' title='bbox 543 3856 714 3926; x_wconf 83' lang='lat' dir='ltr'>Githoroedi,</span> <span class='ocrx_word' id='word_1_378' title='bbox 737 3858 787 3935; x_wconf 89' lang='lat' dir='ltr'>qui</span> <span class='ocrx_word' id='word_1_379' title='bbox 810 3869 840 3916; x_wconf 89' lang='lat' dir='ltr'>et</span> <span class='ocrx_word' id='word_1_380' title='bbox 860 3857 994 3916; x_wconf 87' lang='lat' dir='ltr'>fidicines</span> <span class='ocrx_word' id='word_1_381' title='bbox 1013 3858 1162 3931; x_wconf 89' lang='lat' dir='ltr'>dicuutur,</span> 
     </span>
     <span class='ocr_line' id='line_1_46' title="bbox 46 3924 1165 4016; baseline 0.015 -34"><span class='ocrx_word' id='word_1_382' title='bbox 46 3924 135 3989; x_wconf 70' lang='lat' dir='ltr'>nrbes</span> <span class='ocrx_word' id='word_1_383' title='bbox 160 3936 338 3995; x_wconf 86' lang='lat' dir='ltr'>accinebant.</span> <span class='ocrx_word' id='word_1_384' title='bbox 393 3936 572 4006; x_wconf 70' lang='lat' dir='ltr'>citharistae,</span> <span class='ocrx_word' id='word_1_385' title='bbox 601 3938 742 3997; x_wconf 87' lang='lat' dir='ltr'>citharam</span> <span class='ocrx_word' id='word_1_386' title='bbox 771 3950 883 3996; x_wconf 89' lang='lat' dir='ltr'>tantum</span> <span class='ocrx_word' id='word_1_387' title='bbox 910 3938 1077 4016; x_wconf 89' lang='lat' dir='ltr'>pulsabant,</span> <span class='ocrx_word' id='word_1_388' title='bbox 1105 3960 1165 3999; x_wconf 90' lang='lat' dir='ltr'>nou</span> 
     </span>
     <span class='ocr_line' id='line_1_47' title="bbox 44 4015 1167 4097; baseline 0.012 -30"><span class='ocrx_word' id='word_1_389' title='bbox 44 4019 115 4095; x_wconf 66' lang='lat' dir='ltr'>tutem</span> <span class='ocrx_word' id='word_1_390' title='bbox 133 4015 308 4075; x_wconf 87' lang='lat' dir='ltr'>accinebant.</span> <span class='ocrx_word' id='word_1_391' title='bbox 351 4018 531 4096; x_wconf 85' lang='lat' dir='ltr'>Hujusmodi</span> <span class='ocrx_word' id='word_1_392' title='bbox 554 4017 703 4096; x_wconf 88' lang='lat' dir='ltr'>thymelici</span> <span class='ocrx_word' id='word_1_393' title='bbox 717 4039 770 4097; x_wconf 89' lang='lat' dir='ltr'>per</span> <span class='ocrx_word' id='word_1_394' title='bbox 784 4019 965 4077; x_wconf 87' lang='lat' dir='ltr'>orchestram</span> <span class='ocrx_word' id='word_1_395' title='bbox 983 4022 1167 4095; x_wconf 83' lang='lat' dir='ltr'>praestabant</span> 
     </span>
     <span class='ocr_line' id='line_1_48' title="bbox 45 4096 1167 4178; baseline 0.006 -30"><span class='ocrx_word' id='word_1_396' title='bbox 45 4096 142 4149; x_wconf 62' lang='lat' dir='ltr'>sooner</span> <span class='ocrx_word' id='word_1_397' title='bbox 158 4114 233 4155; x_wconf 83' lang='lat' dir='ltr'>suaa.</span> <span class='ocrx_word' id='word_1_398' title='bbox 276 4096 362 4156; x_wconf 80' lang='lat' dir='ltr'>Ludii</span> <span class='ocrx_word' id='word_1_399' title='bbox 382 4100 443 4157; x_wconf 86' lang='lat' dir='ltr'>sive</span> <span class='ocrx_word' id='word_1_400' title='bbox 466 4098 589 4156; x_wconf 86' lang='lat' dir='ltr'>ludiones</span> <span class='ocrx_word' id='word_1_401' title='bbox 609 4099 656 4177; x_wconf 92' lang='lat' dir='ltr'>(ut</span> <span class='ocrx_word' id='word_1_402' title='bbox 673 4099 735 4176; x_wconf 88' lang='lat' dir='ltr'>jam</span> <span class='ocrx_word' id='word_1_403' title='bbox 757 4099 868 4157; x_wconf 90' lang='lat' dir='ltr'>dictum</span> <span class='ocrx_word' id='word_1_404' title='bbox 889 4100 947 4168; x_wconf 90' lang='lat' dir='ltr'>est)</span> <span class='ocrx_word' id='word_1_405' title='bbox 968 4099 989 4155; x_wconf 90' lang='lat' dir='ltr'>ii</span> <span class='ocrx_word' id='word_1_406' title='bbox 1010 4111 1093 4155; x_wconf 90' lang='lat' dir='ltr'>erant</span> <span class='ocrx_word' id='word_1_407' title='bbox 1114 4104 1167 4178; x_wconf 86' lang='lat' dir='ltr'>qni</span> 
     </span>
     <span class='ocr_line' id='line_1_49' title="bbox 46 4172 1166 4254; baseline 0.01 -24"><span class='ocrx_word' id='word_1_408' title='bbox 46 4172 185 4254; x_wconf 50' lang='lat' dir='ltr'>Qmoediam</span> <span class='ocrx_word' id='word_1_409' title='bbox 205 4178 378 4237; x_wconf 85' lang='lat' dir='ltr'>recitabant.</span> <span class='ocrx_word' id='word_1_410' title='bbox 423 4180 458 4237; x_wconf 91' lang='lat' dir='ltr'>ln</span> <span class='ocrx_word' id='word_1_411' title='bbox 475 4199 510 4238; x_wconf 89' lang='lat' dir='ltr'>ea</span> <span class='ocrx_word' id='word_1_412' title='bbox 530 4179 606 4237; x_wconf 90' lang='lat' dir='ltr'>euim</span> <span class='ocrx_word' id='word_1_413' title='bbox 629 4180 780 4239; x_wconf 88' lang='lat' dir='ltr'>recitanda</span> <span class='ocrx_word' id='word_1_414' title='bbox 799 4179 907 4236; x_wconf 90' lang='lat' dir='ltr'>mirum</span> <span class='ocrx_word' id='word_1_415' title='bbox 921 4178 977 4236; x_wconf 90' lang='lat' dir='ltr'>fnit</span> <span class='ocrx_word' id='word_1_416' title='bbox 997 4175 1166 4241; x_wconf 87' lang='lat' dir='ltr'>artificium.</span> 
     </span>
     <span class='ocr_line' id='line_1_50' title="bbox 46 4238 1169 4343; baseline 0.001 -27"><span class='ocrx_word' id='word_1_417' title='bbox 46 4238 101 4339; x_wconf 79' lang='lat' dir='ltr'>han</span> <span class='ocrx_word' id='word_1_418' title='bbox 116 4256 220 4316; x_wconf 65' lang='lat' dir='ltr'>muca</span> <span class='ocrx_word' id='word_1_419' title='bbox 240 4262 478 4337; x_wconf 87' lang='lat' dir='ltr'>temperabantur</span> <span class='ocrx_word' id='word_1_420' title='bbox 498 4258 604 4329; x_wconf 86' lang='lat' dir='ltr'>modis,</span> <span class='ocrx_word' id='word_1_421' title='bbox 623 4280 684 4318; x_wconf 88' lang='lat' dir='ltr'>non</span> <span class='ocrx_word' id='word_1_422' title='bbox 708 4280 726 4317; x_wconf 91' lang='lat' dir='ltr'>a</span> <span class='ocrx_word' id='word_1_423' title='bbox 746 4271 844 4337; x_wconf 90' lang='lat' dir='ltr'>poeta,</span> <span class='ocrx_word' id='word_1_424' title='bbox 866 4256 919 4313; x_wconf 90' lang='lat' dir='ltr'>sed</span> <span class='ocrx_word' id='word_1_425' title='bbox 939 4255 1073 4343; x_wconf 76' lang='lat' dir='ltr'>aperito</span> <span class='ocrx_word' id='word_1_426' title='bbox 1094 4261 1169 4319; x_wconf 85' lang='lat' dir='ltr'>artis</span> 
     </span>
     <span class='ocr_line' id='line_1_51' title="bbox 46 4334 1172 4417; baseline -0.001 -21"><span class='ocrx_word' id='word_1_427' title='bbox 46 4339 136 4390; x_wconf 59' lang='lat' dir='ltr'>&#39;lim</span> <span class='ocrx_word' id='word_1_428' title='bbox 148 4334 247 4397; x_wconf 79' lang='lat' dir='ltr'>lactis:</span> <span class='ocrx_word' id='word_1_429' title='bbox 268 4358 365 4417; x_wconf 90' lang='lat' dir='ltr'>neque</span> <span class='ocrx_word' id='word_1_430' title='bbox 384 4340 462 4399; x_wconf 87' lang='lat' dir='ltr'>euim</span> <span class='ocrx_word' id='word_1_431' title='bbox 476 4340 573 4400; x_wconf 88' lang='lat' dir='ltr'>omnia</span> <span class='ocrx_word' id='word_1_432' title='bbox 593 4340 698 4399; x_wconf 88' lang='lat' dir='ltr'>iisdem</span> <span class='ocrx_word' id='word_1_433' title='bbox 719 4338 815 4397; x_wconf 90' lang='lat' dir='ltr'>modis</span> <span class='ocrx_word' id='word_1_434' title='bbox 835 4337 865 4392; x_wconf 89' lang='lat' dir='ltr'>in</span> <span class='ocrx_word' id='word_1_435' title='bbox 885 4355 944 4393; x_wconf 91' lang='lat' dir='ltr'>uno</span> <span class='ocrx_word' id='word_1_436' title='bbox 964 4344 1079 4393; x_wconf 81' lang='lat' dir='ltr'>canuco</span> <span class='ocrx_word' id='word_1_437' title='bbox 1099 4356 1172 4413; x_wconf 87' lang='lat' dir='ltr'>age-</span> 
     </span>
    </p>
   </div>
   <div class='ocr_carea' id='block_1_5' title="bbox 46 4400 1173 4501">
    <p class='ocr_par' dir='ltr' id='par_1_5' title="bbox 46 4400 1173 4501">
     <span class='ocr_line' id='line_1_52' title="bbox 46 4400 1173 4501; baseline -0.01 -17"><span class='ocrx_word' id='word_1_438' title='bbox 46 4400 132 4483; x_wconf 61' lang='lat' dir='ltr'>hatur,</span> <span class='ocrx_word' id='word_1_439' title='bbox 142 4416 190 4475; x_wconf 73' lang='lat' dir='ltr'>ted</span> <span class='ocrx_word' id='word_1_440' title='bbox 203 4438 283 4499; x_wconf 74' lang='lat' dir='ltr'>sape</span> <span class='ocrx_word' id='word_1_441' title='bbox 297 4422 435 4482; x_wconf 88' lang='lat' dir='ltr'>mutatis:</span> <span class='ocrx_word' id='word_1_442' title='bbox 456 4434 489 4481; x_wconf 88' lang='lat' dir='ltr'>ut</span> <span class='ocrx_word' id='word_1_443' title='bbox 499 4421 677 4501; x_wconf 87' lang='lat' dir='ltr'>significant,</span> <span class='ocrx_word' id='word_1_444' title='bbox 688 4419 741 4495; x_wconf 90' lang='lat' dir='ltr'>qui</span> <span class='ocrx_word' id='word_1_445' title='bbox 753 4431 813 4476; x_wconf 91' lang='lat' dir='ltr'>tres</span> <span class='ocrx_word' id='word_1_446' title='bbox 826 4432 964 4473; x_wconf 87' lang='lat' dir='ltr'>numeros</span> <span class='ocrx_word' id='word_1_447' title='bbox 974 4415 1005 4471; x_wconf 92' lang='lat' dir='ltr'>in</span> <span class='ocrx_word' id='word_1_448' title='bbox 1016 4414 1173 4473; x_wconf 79' lang='lat' dir='ltr'>comoediis</span> 
     </span>
    </p>
   </div>
   <div class='ocr_carea' id='block_1_6' title="bbox 0 0 1423 4759">
    <p class='ocr_par' dir='ltr' id='par_1_6' title="bbox 0 0 1423 4759">
     <span class='ocr_line' id='line_1_53' title="bbox 0 0 1423 4759; baseline 0 0"><span class='ocrx_word' id='word_1_449' title='bbox 0 0 1423 4759; x_wconf 95' lang='lat' dir='ltr'> </span> 
     </span>
    </p>
   </div>
  </div>
 </body>
</html>
