2834 4759
224 174 289 239 556
649 173 951 241 PROLOGUS

308 307 495 375 Maledictis
510 309 688 408 deterrere,
705 331 746 373 ne
763 310 894 387 scribat,
910 320 1014 396 porat.

309 408 378 482 Qui
392 406 438 472 ita
452 406 590 485 dictitat,
605 428 687 492 quas
701 406 840 473 antehac
854 408 931 474 lecit
945 406 1084 487 fabulas,

284 520 299 566 t
311 506 421 572 Tenui
434 527 507 569 esse
522 506 679 583 oratioue,
694 518 729 571 et
743 506 904 591 scriptura
918 504 998 571 levi:

311 603 400 679 Quia
414 625 575 688 nusquam
589 603 738 669 insanum
755 606 884 690 scripsit
897 602 1176 671 adolescentulum

311 702 448 768 Cervam
461 701 573 767 videre
588 700 713 787 fugere,
729 712 762 766 et
778 704 895 767 sectari
905 724 1021 769 canest

313 801 360 866 Et
375 796 600 885 conplorare,
617 821 722 878 orare,
738 810 775 865 ut
790 801 961 866 subveniat
976 802 1047 866 sibi.

309 899 411 973 Quod
427 899 455 963 si
469 897 675 983 intelligeret,
690 921 791 983 quum
806 902 896 965 stetit
910 899 984 965 olim
998 922 1094 977 nova,

270 1010 300 1058 ιο
311 997 444 1063 Actoris
459 1020 559 1083 opera
574 998 676 1083 magis
691 998 832 1076 stetisse,
848 1022 944 1085 quam
961 1022 1037 1063 sua:

312 1095 425 1161 Minus
439 1094 540 1160 multo
554 1096 722 1174 audacter,
738 1119 835 1182 quarn
851 1120 937 1163 nunc
951 1095 1051 1172 laedit,
1067 1095 1223 1175 laederet3

258 1265 281 1312 8.
294 1266 428 1312 timueris
437 1261 566 1325 deterrere]
580 1263 671 1312 Sensus
681 1262 722 1311 hic
735 1272 785 1311 est:
819 1277 907 1311 verens
923 1276 1000 1325 urque
1017 1260 1049 1309 ad
1068 1260 1182 1310 uldmum
1200 1260 1234 1309 de
1253 1259 1372 1315 industris.

227 1328 285 1394 lpse
292 1344 326 1385 se,
333 1326 419 1391 inquit,
429 1326 582 1376 adversarius
590 1327 679 1376 letetur
687 1328 786 1386 victum,
807 1342 809 1351 ⁴
820 1339 848 1375 ut
859 1326 932 1375 etiem
943 1326 997 1391 ipsa
1004 1326 1155 1391 perplexitas
1163 1325 1247 1374 odiose
1259 1326 1300 1375 eit.
1317 1326 1373 1373 1).-

225 1392 268 1457 qui
283 1408 299 1441 e
315 1394 389 1441 rebus
403 1392 524 1449 exclusus,
536 1392 567 1440 ad
582 1394 657 1441 verbe
673 1392 787 1457 delapsus
820 1394 855 1441 Et
864 1394 949 1439 sectere·
960 1408 1044 1441 eones.-
1061 1399 1085 1439 et
1095 1408 1145 1440 ean
1158 1394 1260 1453 ploro-e,
1272 1406 1343 1445 orere,
1352 1394 1373 1435 si

228 1468 273 1507 est.
295 1460 428 1506 Maledictis
439 1456 566 1519 deterrere]
581 1458 658 1506 Deest
670 1475 737 1513 eam,-
752 1467 787 1515 ut,
804 1459 938 1507 ‘minnist
956 1455 1015 1519 ribi]
1036 1456 1065 1504 ln
1087 1471 1134 1519 qua
1155 1456 1242 1519 utique
1266 1453 1373 1521 perspids

228 1522 317 1571 AEmi.
333 1521 373 1572 7⁶.
401 1522 510 1579 Quorsus,
526 1539 577 1585 qua
586 1520 665 1584 forma
678 1526 786 1584 pulcin-
819 1521 882 1569 nihil
897 1521 962 1584 quod
978 1521 1150 1570 comediarum
1167 1519 1206 1569 sit.
1243 1521 1302 1569 Non
1318 1519 1374 1567 enin

226 1592 293 1645 risse
316 1590 457 1649 Deiepeim
481 1589 597 1635 &mstis
613 1587 715 1651 jungens
736 1596 786 1636 rte·
820 1596 864 1635 aut
878 1596 973 1635 ametor
988 1586 1105 1643 eradant
1120 1585 1263 1650 suspicione
1279 1584 1372 1637 dueimr,

228 1654 276 1701 iiii.
303 1651 335 1700 D.
820 1661 864 1699 eut
885 1650 985 1699 affectus
1007 1661 1045 1699 est
1065 1650 1175 1713 slicnjus,
1198 1661 1244 1699 aut
1271 1648 1373 1699 irascitur

257 1719 281 1764 4.
302 1719 348 1769 Qui
367 1719 402 1764 ita
419 1713 527 1778 dictitet]
550 1713 731 1780 Impudentiam
747 1732 786 1766 os·
820 1726 897 1781 peter,
917 1716 982 1779 quod
1000 1714 1062 1763 nolit
1080 1715 1145 1764 filius
1164 1716 1257 1763 ducere
1275 1728 1373 1768 uxorem,

224 1780 306 1830 tendit
316 1796 361 1845 per
371 1780 393 1828 lr
424 1781 696 1830 uentativumaerbum.
725 1785 788 1834 Quor
819 1790 862 1846 sut
882 1780 975 1844 sliquid
996 1781 1090 1839 horum,
1113 1780 1178 1843 quod
1200 1780 1266 1828 solet
1283 1794 1334 1828 esse
1351 1778 1373 1824 in

224 1849 322 1895 mutae
330 1845 392 1910 feeit
418 1844 512 1908 amics]
529 1846 564 1893 Et
579 1845 620 1893 hic
636 1846 730 1895 lentum
746 1862 786 1895 ec·
819 1846 984 1894 comesdiisut
1000 1846 1078 1894 debet.
1113 1846 1224 1893 Primum
1238 1844 1305 1894 enim
1319 1842 1373 1907 quod

225 1920 362 1959 cusatorem
373 1910 438 1967 iacit,
450 1910 492 1971 qui
507 1908 632 1973 preterita
647 1911 749 1975 ingerat,
762 1923 788 1961 et
819 1911 851 1959 ed
865 1910 1010 1959 comoetlism
1026 1910 1135 1975 pertinet
1149 1910 1175 1958 id
1192 1918 1239 1967 est,
1257 1912 1375 1959 dotem

226 1976 258 2024 de
276 1975 363 2039 quibus
377 1976 429 2038 jem
447 1975 481 2024 sit
493 1974 630 2037 judicatum
646 1974 673 2024 in
691 1975 787 2025 melius.
820 1980 914 2024 insonus
921 1974 1036 2037 (Primum
1043 1978 1102 2023 enim
1109 1992 1188 2037 mee.
1199 1979 1305 2036 pertinet
1313 1976 1374 2027 iiiut,

228 2041 387 2089 D.-Sensus
405 2038 594 2103 postulatque
610 2048 664 2088 ente
677 2044 716 2088 tie
726 2037 789 2103 serit
819 2048 855 2089 est
873 2042 958 2089 auree
976 2043 992 2087 ἰ
1011 2038 1060 2103 Ζ.),
1078 2040 1120 2103 qui
1137 2039 1240 2089 affeottrs
1260 2056 1277 2087 e
1293 2053 1374 2087 comre-

218 2104 244 2168 j.
273 2105 337 2154 Nam
355 2120 369 2153 e
386 2104 481 2153 ratione
499 2103 594 2169 vulgari
604 2103 667 2167 sees’t
683 2104 788 2155 refertur
820 2104 867 2153 diis
883 2104 956 2169 longe
973 2104 1070 2153 videtur
1086 2104 1194 2153 alienus:
1211 2105 1281 2167 quod
1297 2101 1374 2152 deinde

225 2170 258 2219 ed
277 2180 385 2219 veterem
405 2179 510 2234 poetam.
544 2170 592 2218 Sed
612 2185 627 2218 e
647 2180 730 2218 nostra
749 2172 787 2219 iu'e
819 2186 909 2219 cernon
924 2166 1089 2233 nidetfugere,
1105 2178 1130 2218 et
1144 2172 1208 2232 sequi
1226 2186 1303 2225 emes,
1319 2165 1375 2216 istud

227 2235 327 2293 indicet,
342 2234 378 2289 uti
398 2249 443 2298 per
460 2244 506 2292 est,
519 2234 672 2284 Terentium.
701 2235 738 2284 ct
756 2234 787 2284 ed
819 2234 1230 2283 omninoeeomoediaalienumest.
1258 2231 1375 2283 ltenesrio

226 2300 291 2349 And
306 2299 369 2348 Prol.
381 2299 418 2347 ts.
431 2308 457 2347 et
468 2299 533 2348 Eun.
543 2301 582 2348 tl.
606 2299 635 2347 B.
820 2300 885 2363 quod
892 2314 970 2363 genus
978 2299 1077 2348 dicendi
1084 2309 1121 2348 est
1129 2298 1252 2348 alienum:
1265 2298 1375 2362 siquidem

260 2366 283 2414 5.
299 2368 429 2414 Pessime
442 2367 586 2422 oratione,st
602 2364 788 2428 mmmrckei]
821 2364 925 2413 Luscius
948 2364 1075 2413 Laurinus
1096 2364 1122 2413 in
1146 2363 1235 2422 rosit,
1255 2361 1376 2413 Terentius

227 2430 373 2494 imperitum
385 2428 479 2477 inducit
489 2428 678 2486 criminatorem,
689 2428 731 2493 qui
743 2430 788 2478 hoc
820 2430 935 2487 ostendit,
947 2429 1006 2477 vilio
1016 2445 1043 2477 se
1059 2429 1137 2493 magis
1149 2430 1197 2477 ists
1212 2429 1308 2478 vitare:
1324 2424 1375 2475 utsi

226 2494 333 2556 objiciat,
345 2493 410 2557 quod
421 2493 547 2557 proprium
555 2494 629 2542 debet
639 2509 693 2542 esse
701 2494 798 2543 comici
821 2492 879 2556 quid
891 2494 917 2542 in
928 2493 1068 2543 adversario
1076 2510 1129 2543 esse
1140 2494 1294 2557 cognoverit,
1301 2506 1374 2557 repre·

227 2559 286 2609 stili.
326 2559 423 2607 Revera
440 2570 522 2607 eutem
539 2558 586 2607 hoc
602 2558 710 2607 deterior
732 2559 786 2607 Me·
820 2557 1154 2622 hendatquodintelligeret
1179 2559 1208 2607 Ε.

225 2622 626 2687 naudroTereutiusjudieebetur,
633 2624 698 2687 quod
707 2622 789 2673 minus
854 2626 876 2672 8.
894 2626 928 2672 m
946 2640 996 2672 een
1013 2627 1113 2686 plorare,
1131 2640 1204 2683 mors,
1222 2632 1252 2673 et
1268 2624 1375 2673 utens

226 2688 326 2738 sublimi
344 2687 454 2736 oratione
476 2698 600 2737 uteretur:
625 2688 690 2751 quod
706 2688 789 2753 ipsum
820 2687 879 2751 sibi]
899 2688 959 2737 Haec
976 2688 1055 2737 omnis
1070 2686 1210 2751 repleretur
1225 2690 1374 2765 magicam:

226 2769 293 2867 itt
306 2751 788 2882 iittdtitittttlit‘ttt
821 2751 1374 2881 “itti‘tttltilffltit‘itt,¹22

228 2884 370 2933 Defessi
380 2900 429 2931 erse
446 2884 554 2939 metune,
566 2892 590 2931 et
603 2887 721 2945 scripturo
732 2882 788 2947 levi]
821 2882 897 2931 situm
913 2895 963 2932 est:
986 2883 1066 2949 potuit
1082 2882 1149 2932 enim
1164 2882 1318 2947 responderi,
1333 2882 1376 2929 Cur

229 2949 286 2999 Hoc
307 2959 352 3006 est,
373 2946 521 2996 soliditatem
536 2946 563 2995 in
586 2948 666 2997 verbis
689 2948 789 3007 nullam,
821 2946 897 3011 igitur
908 2947 983 3007 stetit,
996 2958 1022 2997 et
1032 2964 1080 2997 uon
1093 2958 1178 2997 exacta
1190 2958 1227 2996 est
1245 2965 1260 2997 e
1277 2944 1374 3017 populcl

227 3014 320 3063 nullam
331 3013 358 3061 in
369 3013 449 3061 rebus.
479 3011 535 3061 Hoc
546 3012 666 3075 objectum
679 3023 731 3061 ests
750 3030 789 3061 os·
825 3016 1038 3065 Quenrtetitoiin
1052 3012 1121 3076 eoae]
1140 3013 1216 3062 Recte
1228 3016 1300 3062 oiim.-
1316 3022 1375 3075 quast

228 3078 307 3128 tendit
314 3078 387 3127 etiam
395 3075 486 3125 nullam
495 3076 655 3141 grevitstem:
673 3076 789 3140 quoniam
821 3078 893 3135 dicet,
903 3078 986 3133 Quum
997 3078 1077 3127 adhuc
1088 3078 1219 3127 Terentius
1231 3093 1283 3127 non
1295 3076 1375 3126 serim

228 3143 296 3192 istud
313 3143 379 3218 quod
401 3142 530 3203 objecerat,
548 3142 594 3190 iste
613 3141 694 3204 (otte
715 3146 789 3205 ipsunt
821 3154 866 3199 ret,
878 3143 982 3207 penuria
997 3143 1125 3191 meliorum
1135 3154 1172 3192 est
1188 3144 1300 3207 probate.
1331 3141 1375 3188 De·

229 3206 272 3271 Z.)
284 3208 386 3262 lecisse3
403 3206 459 3255 ideo
476 3205 565 3268 objecit
580 3207 645 3269 quod
660 3222 711 3256 non
723 3208 788 3267 iecit,
820 3206 878 3257 inde
891 3208 955 3271 quod
972 3208 1007 3256 sit
1022 3225 1085 3265 noea,
1097 3208 1143 3257 hcc
1159 3207 1293 3271 significet,
1302 3203 1374 3255 omnis

227 3270 438 3335 quodfeeitidem
451 3271 699 3321 LusciusLanrinus.
724 3272 754 3320 E.
820 3272 930 3321 carmina
940 3273 1048 3321 novitate
1059 3271 1374 3337 ipsaccmmeoderi,etism·

260 3338 282 3385 6.
302 3338 362 3388 Q'a
378 3353 421 3385 nur
505 3338 609 3384 insanum
624 3341 719 3399 scripsit
734 3340 789 3387 ado-
822 3337 951 3387 sinullius
967 3338 1085 3386 momenti
1101 3338 1157 3387 sint.
1181 3339 1307 3387 11.-θυι
1320 3334 1376 3384 stetit

227 3400 386 3464 matulam]
406 3400 416 3448 1
436 3416 465 3448 eo
481 3400 592 3448 videmur
605 3401 679 3460 leves,
691 3412 789 3451 tenues-
822 3405 874 3450 olim
885 3418 949 3459 nouo,
961 3406 1046 3451 aetoris
1056 3420 1124 3464 opero
1133 3408 1206 3465 nugis
1215 3408 1308 3452 stetisse
1318 3414 1374 3463 pres

229 3464 668 3531 que,ioquit,quienouincomoedia
678 3466 791 3530 prodigia
821 3465 877 3529 sua]
900 3467 1026 3516 Comoedie
1048 3468 1103 3526 ista,
1124 3483 1195 3530 quoru
1219 3464 1374 3533 reprehendit

226 3532 293 3580 lecte
315 3543 381 3587 suut,
407 3540 433 3578 et
454 3528 585 3593 trugoedias
606 3530 789 3580 concitavimus.
822 3530 1114 3591 dictsaLsnvinoestet
1122 3532 1227 3597 placuit:
1244 3530 1374 3595 cur(igitsr

228 3596 264 3645 Et
274 3594 362 3645 callide
377 3594 418 3643 hic
435 3610 484 3643 non
495 3594 574 3643 solum
585 3610 692 3644 errorem
706 3611 790 3660 repre-
824 3596 865 3658 Ζ.)
896 3607 959 3646 otest
974 3612 1028 3647 esse
1044 3598 1203 3662 prescriptio,
1219 3598 1286 3661 quod
1302 3608 1373 3659 repre-

228 3660 367 3717 hendentis,
383 3659 426 3709 sed
444 3659 518 3708 etism
534 3658 648 3723 imperite
664 3660 791 3725 scripsisse
822 3613 897 3709 hendi
908 3678 957 3711 non
973 3662 1051 3727 possit
1061 3678 1093 3711 ex
1104 3678 1141 3721 eo,
1153 3662 1217 3725 quod
1230 3665 1284 3725 jam
1295 3656 1374 3725 populo

228 3724 692 3792 ipsumostenditLusciumLanvinum.
711 3728 790 3787 Serip-
823 3726 922 3789 placuit.
951 3722 1372 3777 occurrithuicterenriusdicenda

228 3790 273 3855 sit]
287 3790 389 3854 Legitur
400 3800 426 3839 et
435 3788 504 3852 feeit.
531 3789 743 3853 Adolescentnium]
758 3790 792 3839 Ut
824 3792 889 3854 quod
914 3791 934 3841 si
958 3790 1170 3850 animadverteret,
1192 3794 1306 3855 quonism
1326 3798 1373 3837 eum

229 3856 346 3906 corsicam
360 3870 490 3919 personam
501 3855 648 3913 ostenderet,
660 3855 792 3905 artificiose
823 3870 888 3905 nova
907 3856 1027 3905 comoedia
1049 3872 1121 3920 quarn
1142 3857 1307 3921 reprehendit,
1325 3854 1373 3901 dete

229 3920 353 3970 imminuit
369 3922 566 3975 adolescentulam,
577 3935 626 3983 quo
640 3920 718 3983 magis
736 3935 792 3984 per·
825 3932 870 3979 est,
885 3925 970 3970 actoris
983 3938 1051 3983 opero
1067 3922 1143 3979 stetit,
1154 3937 1205 3970 uon
1220 3939 1280 3977 roo,-
1296 3930 1322 3968 ut
1331 3928 1371 3965 non

229 4002 289 4035 sone
299 4002 315 4035 a
325 3985 475 4035 sublimitate
487 3984 579 4047 tragica
591 3984 734 4033 discederet.
759 3986 791 4033 D.
824 3986 902 4049 magis
914 3986 1013 4049 ingenio
1023 3986 1144 4052 placuerit
1160 3998 1249 4051 poetae,
1260 4000 1328 4050 quem
1338 3994 1370 4051 ¹⁰3

228 4051 312 4100 —Pro
327 4052 427 4112 scripsit
448 4050 538 4098 Donati
555 4049 603 4097 fide
620 4060 646 4098 et
661 4060 792 4099 consuetu·
825 4052 885 4100 toris
912 4051 1023 4099 artificio.
1062 4050 1221 4100 E.-Versus
1241 4066 1313 4101 cause
1332 4046 1371 4093 vir!

229 4114 287 4165 dine
305 4115 415 4164 Terentii
433 4130 525 4179 repone
536 4110 606 4175 feeit.
624 4114 681 4163 Vid.
697 4114 790 4165 Heaut.
823 4115 912 4165 eruditi
920 4127 985 4165 recte
993 4116 1083 4165 dudum
1091 4126 1246 4175 monuerunt,
1255 4113 1370 4179 legendum

229 4178 294 4229 Ptol.
308 4182 347 4230 tl.
371 4180 400 4227 B.
823 4184 1159 4239 esse,olimeunsstetituooc.
1184 4182 1213 4229 B.

262 4242 574 4307 7.Cernamnideresugere,
583 4252 606 4292 et
613 4247 699 4293 sectori
709 4240 789 4309 eones]
858 4247 894 4303 10,
913 4249 1006 4294 Actoris
1024 4263 1093 4307 opero
1114 4250 1189 4309 magis
1206 4243 1306 4306 stetisse]
1323 4240 1368 4289 Um

228 4310 281 4359 Hic
292 4309 392 4358 effectus
408 4325 424 4357 s
434 4308 560 4358 comoediis
572 4310 734 4359 removendus
745 4320 790 4359 est.
822 4326 896 4374 opera
906 4324 932 4359 et
941 4310 1082 4375 suffragium
1091 4312 1243 4361 scenicorum
1252 4314 1367 4373 compunt

229 4377 324 4425 ornan
333 4372 505 4437 viderefagere,
515 4382 539 4422 et
547 4378 634 4423 sectori
639 4374 719 4441 mnes]
729 4376 790 4424 Am·
822 4390 848 4424 et
858 4375 926 4425 ledit
936 4375 1109 4425 adversarium.
1131 4376 1162 4425 D.

227 4440 333 4506 biguitee
349 4453 395 4504 per
413 4438 577 4488 sceumtivum
595 4456 686 4499 essum,
704 4454 788 4506 perse·
857 4443 894 4491 11.
907 4438 1366 4505 utemmttoeuuaem]uovedioum
