2834 4759
232 30 296 99 268
669 30 943 98 TERENTII
1169 42 1173 45 ’
1218 34 1366 120 [rcrusr.

275 168 421 242 Quaesol
443 167 523 252 quid
538 166 581 231 de
595 176 628 231 te
643 175 769 231 tentum
782 167 949 233 meruisti?
986 167 1083 233 Meu.
1101 169 1209 234 Eheu.

274 266 338 331 Cu.
360 264 416 331 Ne
430 265 591 341 lncmme3
614 274 713 349 etque
726 266 823 342 istuc,
836 266 992 349 quicquid
1006 279 1069 345 est,
1083 266 1135 334 fae
1145 290 1196 334 me
1210 280 1247 334 ut
1260 269 1369 334 seim:-

271 364 328 429 Ne
342 366 462 429 retice:
486 387 527 429 ne
541 385 653 429 verere
668 388 676 427 ε
700 363 810 441 erede,
825 364 966 449 inquam,
979 365 1070 443 milri,

274 462 346 527 Aut
360 461 568 537 consolando,
584 472 641 529 aut
654 460 798 540 consilio,
814 474 918 528 entre
930 465 1055 549 juvero.

231 574 262 621 et
274 562 372 628 ΜΕΝ.
389 562 479 629 Scire
493 561 557 627 hoe
571 563 618 627 vis
634 568 646 625 l
683 562 747 627 ΟΝ.
764 562 839 628 Hae
853 562 984 646 quidem
997 584 1108 640 seusa,
1121 587 1187 650 que
1201 564 1269 629 dixi
1283 563 1348 628 tihi.

274 660 373 727 ΜΕΝ.
390 660 539 727 Dicetur.
576 660 640 725 Cu.
657 659 742 725 letes
756 672 878 725 rastros
891 661 1015 726 interea
1028 674 1136 727 temen

272 758 434 844 Adpone:
457 782 497 825 ne
511 758 634 825 labore.
672 756 770 824 Meu.
786 760 932 825 Minime.
970 761 1035 826 Cn.
1051 762 1161 836 Quum
1174 784 1243 827 rem
1255 764 1343 848 egis?

273 856 372 922 ΜΕΝ.
389 858 477 936 Sine,
491 859 634 923 vacivom
649 868 778 943 tempus
792 880 834 923 ne
849 860 937 944 quod
952 860 1027 925 dem
1039 860 1119 924 mihi

274 956 424 1023 Laboris.
461 956 525 1024 Cn.
545 956 625 1021 Non
648 957 759 1035 sinam,
782 957 922 1043 inquam.
960 958 1060 1025 ΜΕΝ.
1075 957 1143 1037 Ah,
1167 982 1233 1025 non
1253 982 1370 1047 aequom

337 1054 428 1120 fenis.

231 1164 263 1213 ⁴⁰
274 1153 337 1219 Cn.
366 1152 447 1230 Hui,
470 1163 535 1222 tum
558 1154 665 1239 gravis
692 1153 766 1232 hoe,
795 1156 930 1239 quesot
976 1154 1074 1221 ΜΕΝ.
1106 1156 1161 1222 sic
1191 1158 1373 1223 meritum'st

340 1274 458 1317 meum.
485 1312 487 1317 .

272 1350 335 1415 Cu.
352 1349 451 1417 Nune
464 1349 608 1441 loquere.
647 1350 746 1417 ΜΕΝ.
762 1350 878 1417 Filium
892 1352 1021 1417 unicum
1035 1351 1312 1420 adolescentulum

273 1449 411 1514 Habeo:
434 1449 487 1526 ah,
503 1449 581 1534 quid
596 1449 675 1528 dixi,
691 1449 812 1515 hebere
826 1453 903 1516 mel
924 1451 988 1514 imo
1002 1450 1113 1529 hebui,
1128 1451 1288 1519 Chremet

273 1548 372 1613 Nunc
386 1548 535 1625 habeam,
547 1571 660 1626 necne,
675 1548 883 1618 incertum’st.
916 1548 981 1615 CH.
993 1548 1084 1625 Quid
1095 1551 1141 1615 ita
1150 1551 1258 1617 ietuel
1281 1550 1372 1617 ΜΕΝ.

339 1646 440 1712 Scies.

263 1832 490 1879 31.Detssssreisti
498 1829 523 1893 l]
533 1830 645 1881 Dicimus
653 1840 788 1885 autemm-
821 1847 894 1881 versu
915 1831 1028 1895 sequenti
1053 1831 1166 1881 meliores
1192 1834 1264 1883 codd.
1293 1834 1374 1883 hebent

230 1911 269 1945 rso
281 1903 307 1943 et
316 1912 407 1944 mersor.
435 1898 602 1956 Mereordaete,
612 1905 651 1944 est
660 1895 752 1959 aliquid
763 1896 789 1945 in
821 1900 914 1959 adpone.
929 1897 953 1947 h
971 1912 992 1945 e
1010 1900 1102 1959 depae,
1118 1898 1183 1962 quod
1196 1899 1225 1949 in
1237 1898 1374 1963 quibuisdam

232 1969 257 2009 te
271 1959 370 2009 consero
385 1959 424 2009 vel
440 1961 530 2009 honum
546 1961 585 2010 vel
602 1960 698 2017 melum.
727 1962 790 2010 0.-
821 1962 948 2027 reperitur.
972 1963 1001 2011 B.

232 2024 268 2071 Ut
283 2024 361 2073 hianti
373 2025 453 2074 versui
464 2041 597 2084 sueeurres,
613 2042 657 2090 pro
668 2030 724 2075 eheu
734 2042 789 2075 cer·
853 2026 892 2078 37.
910 2026 1016 2090 Depone]
1035 2027 1066 2075 1n
1082 2036 1200 2093 ternpore.
1234 2031 1273 2078 Ne
1289 2026 1373 2089 nim]

230 2089 345 2153 rigeet'e's'.
379 2090 442 2139 Vide
454 2090 485 2138 ed
494 2091 557 2143 Eun.
569 2090 687 2142 inem.
712 2091 741 2139 Β.
821 2091 911 2148 ideet,
928 2091 1020 2140 nolite
1036 2107 1132 2150 rexere,
1147 2104 1192 2142 eut
1207 2103 1233 2143 te
1249 2092 1285 2142 ite
1300 2093 1374 2141 lubere

263 2156 302 2203 33.
320 2158 357 2203 Ne
364 2154 448 2218 retice]
461 2155 528 2205 Bene
536 2159 622 2205 retia:
638 2171 695 2205 nem
705 2160 787 2206 ucles·
819 2157 946 2205 eenlieere.
980 2157 1107 2207 Interdum
1118 2174 1147 2206 ss
1157 2160 1240 2207 labore
1253 2158 1373 2222 rigrritiest.

230 2237 279 2269 m
290 2219 397 2269 dolores:
415 2223 536 2271 ehtieemur
545 2220 672 2285 pudende:
690 2228 789 2270 tuem
820 2236 851 2269 ne
859 2236 926 2279 cura,
934 2220 983 2270 noli
994 2236 1086 2270 curare.
1109 2221 1374 2288 C.-Vulgo,inprimis

231 2295 334 2341 secretu
352 2296 387 2343 ut,
395 2285 451 2334 AEn.
461 2283 486 2333 ii.
497 2286 534 2334 94.
557 2288 608 2341 Nec
619 2290 681 2335 tacui
691 2289 788 2339 mm
820 2287 958 2335 obverbum
965 2289 1051 2343 labere,
1058 2286 1198 2350 opinsnmr,
1206 2288 1374 2337 Menedemum

233 2350 263 2399 ln
280 2350 406 2409 Eunucho,
426 2352 495 2414 Virgo
509 2354 620 2399 emolere
634 2359 693 2403 unte
711 2353 786 2399 luere·
819 2351 904 2400 rsstris
924 2366 986 2416 opus
1007 2351 1093 2401 feeisee
1112 2352 1140 2399 iu
1160 2354 1301 2416 presentie
1331 2350 1374 2401 sel

230 2430 294 2463 uses
309 2418 398 2463 obticet.
427 2415 549 2465 C.-Post
564 2419 630 2465 eredo
644 2419 707 2473 nihl,
724 2416 748 2463 h.
765 2431 786 2465 e.
819 2415 890 2464 uelde
905 2416 985 2480 pleeet
1002 2415 1113 2465 Deeerie
1128 2416 1374 2481 nunnunquam

231 2478 354 2531 committe
368 2478 428 2527 mihi
439 2479 466 2533 id
477 2491 604 2538 secretum,
617 2481 681 2543 quod
691 2480 788 2539 retices,
819 2480 888 2529 illum
899 2496 931 2529 ex
942 2496 1001 2544 agro
1011 2481 1154 2532 redeuntem
1164 2483 1266 2547 vesperi
1280 2484 1319 2532 hie
1328 2498 1374 2531 res·

231 2543 426 2608 interpunctione
438 2544 523 2606 mejeri
534 2554 572 2595 est
582 2561 649 2610 opus.
673 2546 702 2594 B.
820 2554 871 2594 tros
885 2546 993 2595 humeris
1008 2556 1111 2609 gestare
1144 2547 1211 2597 Nem
1229 2559 1319 2613 preter
1328 2548 1373 2612 pic·

264 2610 302 2657 34.
319 2612 369 2657 Aut
385 2612 522 2668 emselundo,
539 2618 581 2658 aut
594 2613 747 2669 concilium
763 2626 788 2660 re
819 2620 906 2667 turem,
929 2626 983 2673 quae
1004 2611 1030 2659 in
1052 2612 1105 2659 eod.
1127 2627 1176 2675 reg.
1205 2613 1374 2663 Menedemum

224 2672 318 2735 juvero]
332 2674 380 2723 His
392 2674 469 2725 trihus
481 2674 602 2733 adhibitis,
615 2675 672 2738 quid
683 2675 789 2739 emplius
819 2685 955 2739 gestantem
962 2676 1067 2732 exhibet,
1074 2676 1201 2739 sequentis
1209 2694 1308 2742 quoque
1314 2678 1374 2726 illem

230 2738 256 2787 in
274 2754 330 2787 vem
346 2738 452 2788 amicitie
465 2741 648 2803 exoptandum?
677 2741 789 2789 C.-Aut
820 2740 966 2791 sententiam
978 2742 1143 2806 eomprehent.
1177 2742 1245 2791 Nam
1263 2742 1374 2793 Menede-

230 2806 368 2861 emeras.
380 2812 421 2853 aut
430 2808 529 2865 consilio,
540 2803 596 2867 ete]
611 2805 721 2881 Apponit
730 2821 787 2854 eeu-
820 2820 875 2855 mus
885 2821 1030 2868 quemquem
1041 2817 1122 2869 neget,
1133 2822 1160 2855 ee
1176 2804 1287 2858 laborem
1298 2808 1373 2870 ingere

230 2884 277 2927 ser,
287 2884 331 2917 eur
342 2868 421 2918 aliene
432 2868 584 2919 incommode
595 2886 663 2933 queri
676 2870 788 2933 (quarere
820 2881 846 2921 et
860 2870 906 2919 sihi
922 2886 1023 2934 parcere
1039 2887 1118 2934 pesse,
1136 2883 1218 2921 temen
1234 2889 1285 2922 non
1302 2870 1375 2938 pergit

231 2934 273 2996 Z.)
284 2934 400 2983 videntur.
437 2935 491 2983 Hoc
504 2934 643 2998 enimquod
656 2934 787 2998 interrogo,
819 2952 874 2997 opus
882 2934 971 2997 secere,
983 2935 1027 2984 sed
1042 2939 1084 2994 ire,
1095 2947 1123 2985 ut
1133 2937 1253 2987 Chremes
1265 2938 1373 2987 soluere·

230 2998 339 3061 proderit
355 2998 399 3048 tihi
417 3002 431 3031 ⁸
450 2998 580 3063 (Supplee
598 3001 646 3049 Me.
664 3004 715 3049 Aut
729 3004 789 3049 euin
820 2999 950 3064 linquatur.
983 3003 1108 3059 dehoram,
1120 3011 1147 3050 ut
1158 3002 1203 3051 Gr.
1219 3002 1373 3064 emunim

227 3067 316 3125 graisde
332 3066 422 3121 malum,
439 3072 462 3112 et
477 3068 624 3113 consolatione
641 3074 662 3113 ts
673 3065 789 3127 aaep'wsro.
820 3065 867 3116 sibi
878 3080 928 3113 nen
938 3081 1045 3129 premere,
1056 3080 1083 3115 se
1093 3082 1145 3114 non
1154 3066 1287 3131 respicere,
1298 3066 1373 3117 dolere

229 3131 251 3175 rs'
271 3131 386 3177 mirerere
402 3137 484 3189 potest.
518 3129 559 3177 ue
577 3131 729 3187 sprevero)
748 3131 788 3179 Its
819 3129 1067 3187 enimo,eutduriter
1080 3147 1106 3179 se
1123 3132 1220 3181 hebere.
1255 3134 1328 3182 Certe
1342 3135 1374 3178 ls-

230 3192 288 3240 honi
297 3192 368 3241 emiei
378 3192 488 3242 ordinem
496 3194 633 3252 custodivit,
643 3205 669 3243 ut
678 3194 789 3244 erederet
820 3198 860 3244 bor
877 3194 903 3243 in
922 3210 994 3244 versu
1009 3198 1047 3243 30.
1065 3212 1115 3243 non
1129 3196 1160 3245 de
1176 3213 1253 3261 opere
1270 3196 1374 3247 faciendo

230 3272 257 3305 se
274 3256 355 3320 aliquo
374 3256 445 3306 modo
463 3258 583 3322 prodesse
606 3262 620 3293 ⁵
640 3260 714 3322 (Quae
730 3260 788 3309 hine
819 3259 923 3323 intelligi
944 3260 1023 3319 dehet,
1046 3262 1089 3309 sed
1109 3261 1140 3309 de
1159 3262 1315 3325 egritudine,
1335 3274 1374 3311 sest

230 3322 694 3385 sequunturusqueedver.47.heusta
705 3334 788 3374 eunte
819 3324 850 3373 de
866 3341 940 3373 censs
954 3341 1055 3374 summe
1070 3325 1230 3388 egritudinis.
1267 3327 1373 3389 Denique

230 3386 282 3437 cod.
294 3402 342 3450 que
353 3386 472 3437 Westerh.
485 3398 522 3437 eet
533 3404 597 3437 usus.
612 3387 659 3449 Z.).
684 3390 713 3439 E.
818 3390 937 3438 Chremes
951 3390 979 3439 in
995 3406 1066 3439 versu
1080 3392 1117 3442 17.
1129 3390 1213 3439 dicens
1222 3390 1301 3453 serre,
1313 3392 1373 3441 ride·

264 3454 302 3501 ³5.
326 3454 379 3504 Hae
396 3456 486 3515 quidem
503 3470 579 3511 eausa,
613 3471 643 3501 uu
660 3456 709 3503 diei
729 3454 786 3518 tihi]
819 3465 859 3503 tur
868 3455 914 3504 hos
922 3454 989 3519 ipsue
998 3466 1090 3506 metros
1100 3456 1246 3520 significare.
1271 3458 1300 3507 Z.

229 3517 312 3574 Quum
321 3516 482 3567 Menedemus
491 3528 585 3567 tentum
594 3472 656 3571 illud
665 3531 786 3582 posuerat,
852 3522 890 3567 38.
908 3522 968 3576 Sim,
981 3518 1092 3583 vacivom]
1104 3521 1153 3569 Me.
1167 3522 1198 3569 R.
1210 3524 1267 3571 Sine
1278 3541 1319 3579 ne.
1330 3538 1372 3570 rer.

230 3583 266 3631 uti
283 3582 383 3641 diceret,
400 3586 463 3632 Scire
480 3587 521 3632 lue
537 3588 590 3633 uir?
614 3582 655 3631 ille
672 3584 788 3633 continuo
820 3583 940 3648 L—heg.
961 3588 1014 3633 Sine
1036 3602 1078 3642 sse,
1099 3588 1206 3644 meuse,
1229 3596 1275 3636 ete.
1308 3588 1373 3636 cem

228 3647 787 3771 tilliilll'ml‘itlttllttttt.
818 3650 1372 3763 m.....1,.1........,.....

229 3794 302 3827 eausa
315 3779 377 3828 scire
389 3778 468 3843 cupio,
481 3794 528 3843 qur
539 3779 598 3837 dixi,
610 3729 786 3831 elementum·
851 3780 890 3827 39.
919 3782 972 3828 Nm
993 3783 1073 3838 siem
1092 3780 1197 3844 imm]
1219 3782 1284 3831 Hee
1302 3778 1372 3844 eupit

229 3842 275 3892 leri
290 3854 315 3895 te
331 3844 429 3921 pqssim,
446 3854 488 3892 aut
504 3844 612 3903 consilio.
624 3854 666 3893 sut
679 3860 706 3893 re
717 3845 786 3907 adju·
818 3853 888 3907 gestu
900 3844 1075 3907 exprimuntur.
1099 3846 1127 3893 C.
1226 3909 1231 3920 1
1297 3912 1302 3921 Ι

230 3908 542 4046 vai‘liporlfliliitsilimtrm]
560 3972 671 4023 Dicimus
687 3982 787 4023 reem
818 3909 1373 4048 sdirireirlidpdid'ergirsoeriiimiupffiffi'me}

230 4052 255 4087 m
263 4037 392 4149 teninguluri
405 4044 524 4153 &regri
541 4038 677 4153 ipdptlpreli.
719 4037 786 4151 dDicti
818 4054 868 4151 nepe
879 4040 963 4152 ιιὲἰωτ.
995 4038 1059 4103 Hei]
1078 4040 1221 4089 Miserentie
1234 4042 1372 4089 exclamatio

229 4118 261 4149 eu
287 4114 399 4151 meuntn
461 4122 474 4152 n
504 4139 511 4162 ,
536 4120 552 4153 u
618 4115 784 4153 rremresnt.
818 4119 846 4153 es
907 4140 913 4153 .

230 4167 364 4229 (ιζ-ΜΝ]
377 4168 407 4215 V.
415 4170 443 4217 C.
455 4178 480 4217 et
493 4122 581 4219 Mill.
595 4172 628 4219 At
639 4173 700 4217 istm.
726 4169 786 4215 1.-
850 4170 890 4217 41.
917 4172 1004 4217 Filium
1025 4187 1066 4232 ego
1085 4173 1275 4221 adolescentulus·
1293 4166 1370 4229 lein]

230 4229 345 4281 Omnium
364 4232 451 4281 Fuerni
462 4244 487 4281 et
498 4246 634 4283 nostrorum
645 4235 714 4283 cedd.
726 4248 784 4281 con·
819 4233 869 4284 Hie
889 4235 996 4288 narratio
1017 4234 1112 4298 incipit,
1128 4252 1172 4285 cur
1191 4252 1217 4285 se
1233 4252 1311 4287 senex
1328 4249 1370 4298 pu·

231 4310 303 4345 sensu
323 4294 368 4359 leg.
389 4299 421 4344 At
442 4302 496 4347 irtus
516 4306 608 4350 rurtrer.
644 4299 739 4349 Deinde
760 4298 785 4348 in
818 4298 877 4349 nint
901 4300 929 4349 E.
