2834 4759
405 183 468 245 DE
494 182 740 245 THEATRO.
1123 184 1147 245 li

79 309 260 389 inuiaque
272 312 421 385 muisdia,
443 316 514 373 item
527 315 614 375 etiam
635 312 779 392 magoedia
796 312 983 393 primurnagi
1002 311 1116 373 solebat
1127 334 1148 375 a

50 389 143 463 Gratis,
160 394 187 451 in
204 394 271 453 vicia
290 408 320 453 et
337 396 429 473 pratis
448 394 594 465 mollibat,
609 394 763 473 adscriptis
782 407 814 453 et
833 392 990 472 propositis
1008 394 1145 472 praemiis,

49 472 128 547 quibua
149 473 183 531 ad
205 474 384 535 scribendum
407 490 559 554 poetarum
585 488 813 555 provocarentur
833 474 966 552 ingenia:
996 477 1145 535 actoribus

48 572 136 628 qnoque
157 574 268 615 munera
290 555 496 626 offerebantur,
519 576 662 635 caperque
686 556 764 615 dono
785 555 920 625 dabatur,
947 565 982 613 ιιι
1006 554 1145 615 libentina

44 631 144 707 jurando
153 636 226 695 racia
239 634 317 696 flexu
326 637 363 696 sd
373 637 557 699 dulcedinum
567 637 825 697 commentationes
834 634 977 715 populum
986 634 1146 697 allicerent.

75 714 218 791 Agebantur
237 718 388 777 comoedior
409 731 439 777 et
460 718 611 797 tragoedioe
624 716 704 797 apud
724 716 936 777 vetustissimos
956 717 986 775 in
1006 716 1146 778 honorem

47 790 121 851 liberi
130 798 218 872 patris.
240 797 273 856 ln
284 797 368 857 ltalia
375 799 501 877 primum
509 812 582 858 actae
590 813 657 858 aunt
667 797 872 876 Compitalitiia
882 796 1011 865 ludicris,
1020 796 1146 858 admisto

46 876 248 949 pronunciationis
276 878 405 947 modulo,
433 900 500 957 quo,
522 878 592 938 dum
619 892 702 943 actua
728 880 990 945 commutabantur,
1017 877 1145 956 populna

47 952 195 1017 deiceretur.
238 958 425 1037 compitalicii
445 974 541 1019 autern
563 958 623 1019 ludi
637 960 719 1029 dicti,
733 960 784 1037 qui
804 978 856 1036 per
876 958 1004 1037 compita
1017 956 1144 1031 hebant3

46 1052 160 1112 maeque
172 1038 291 1099 ductiles
312 1041 341 1099 in
361 1040 478 1117 plostris
491 1041 530 1099 ob
544 1040 574 1099 id
587 1040 715 1116 antiquis
728 1040 914 1119 excogitatae.
955 1036 1062 1097 Postea
1076 1060 1147 1099 vero

45 1113 133 1255 laaptq,
153 1134 183 1177 ut
207 1118 282 1179 ludis
305 1120 440 1199 publicis,
463 1134 494 1180 et
513 1122 543 1181 in
563 1121 677 1181 theatro
703 1136 859 1199 agerentur
884 1140 970 1179 noste
993 1120 1146 1181 comoedire

46 1212 84 1271 spu
132 1219 251 1259 omanoa.

73 1274 145 1337 ludar
156 1284 294 1341 vocabant
308 1280 425 1361 publica
438 1281 612 1360 spectacula,
625 1302 693 1361 quie
708 1294 769 1342 turn
786 1281 816 1341 in
831 1280 954 1359 gratiam
967 1280 1069 1359 populi
1083 1281 1147 1342 lieri

49 1355 138 1417 alerem
156 1382 172 1419 a
190 1376 300 1431 senatu,
322 1376 353 1421 et
373 1383 391 1422 a
410 1364 588 1443 principibus
609 1364 743 1431 instituti,
764 1362 811 1421 vel
831 1362 870 1421 ad
890 1362 1021 1421 favorem
1044 1362 1147 1441 populi

50 1438 214 1501 menardum
228 1443 275 1519 (ot
288 1442 442 1503 nonnullos
452 1442 583 1503 Caeaares
597 1444 700 1503 fecisse
714 1442 860 1521 legimus),
873 1441 919 1501 vel
933 1442 972 1500 ad
985 1442 1148 1503 animorum

52 1516 255 1583 obstinasset
275 1524 509 1585 oblectationem.
553 1524 651 1585 Multo
672 1526 765 1603 magia
782 1523 819 1582 ad
833 1522 1002 1601 religionem
1022 1524 1148 1583 instituti

53 1599 170 1739 ffludi.
210 1604 286 1663 Nam
315 1605 371 1663 diis
398 1618 465 1683 post
493 1604 634 1665 sacrificia
660 1606 748 1664 etiam
774 1604 861 1663 ludos
885 1602 1017 1682 publicos
1043 1624 1147 1666 corrae-¹

123 1695 139 1741 l.

76 1756 127 1818 loli
137 1763 228 1840 igitur,
243 1778 275 1825 et
289 1764 408 1833 ludicro,
422 1786 489 1844 quse
504 1767 592 1827 etiarn
605 1765 760 1825 certamina
774 1777 916 1825 vocarunt
928 1763 1034 1834 Latini,
1049 1764 1148 1829 Gran

49 1854 130 1913 lgm,
142 1845 295 1905 multorum
314 1867 455 1925 generum
470 1848 607 1907 fuerunt:
629 1868 724 1923 neque
738 1866 808 1905 vcro
822 1866 881 1905 uno
901 1858 1014 1905 tantum
1034 1861 1149 1925 specta·

49 1918 92 1975 nlo
116 1924 139 1981 in
168 1927 290 2003 publicis
325 1926 401 1986 ludis
434 1927 617 1987 detinebatur
643 1926 780 2007 populus.
836 1926 930 1985 Erant
955 1942 1052 1986 sutem
1085 1928 1149 1989 ludi

48 2002 134 2073 maai
145 2018 173 2064 ει
189 2007 339 2066 athletici:
362 2007 421 2066 ludi
439 2008 594 2067 circenses:
617 2008 676 2067 tacti
694 2007 886 2087 gladiatorii:
908 2019 938 2065 et
959 2006 1017 2065 ludi
1036 2010 1147 2080 ramici

49 2076 169 2157 dequibus
182 2107 256 2147 nunc
270 2088 439 2165 singulatim
454 2102 500 2147 est
513 2090 612 2166 paucis
626 2088 838 2156 disserendum,
853 2088 958 2165 partim
972 2108 1012 2147 ex
1024 2088 1148 2159 Budseo,

48 2165 239 2305 noemnffliae
259 2169 380 2239 lumine,
401 2171 507 2248 partim
521 2190 561 2229 ex
575 2168 720 2239 Vitruvio,
741 2168 880 2239 Lucieno,
894 2181 925 2227 et
944 2167 1008 2228 aliia
1023 2172 1148 2249 antiquis

48 2256 128 2303 aunon
145 2268 184 2307 ua.

75 2320 178 2401 Ginaia
196 2345 225 2390 et
244 2330 373 2389 athletici
398 2329 460 2389 ludi
481 2332 512 2389 in
532 2329 676 2409 palaestris
699 2330 731 2389 in
757 2329 916 2408 gymnasiis
941 2328 1051 2389 fiebant
1069 2330 1149 2409 apud

49 2396 143 2475 Gfflcfflt
164 2430 226 2487 quae
247 2412 314 2471 loca
337 2412 456 2471 suerunt
477 2411 646 2471 exercendis
671 2424 701 2471 ει
721 2411 853 2489 corporis
871 2422 902 2470 et
926 2411 1014 2471 animi
1038 2412 1150 2471 virihna

49 2490 231 2550 atwttiroodata.
274 2492 351 2551 Nam
375 2493 463 2553 etiam
485 2493 515 2550 in
539 2492 574 2551 iia
596 2491 744 2571 pulaeatria
769 2505 820 2551 aut
846 2492 1005 2570 gymnasiis
1030 2493 1150 2553 exedrae

49 2558 140 2635 imni,
157 2570 184 2629 io
203 2574 311 2650 quibua
337 2572 503 2651 philosophi
523 2571 622 2632 Graeci
642 2572 777 2633 sedentes
797 2572 995 2651 disputabant.
1039 2572 1099 2633 Sed
1119 2584 1150 2634 et

47 2642 158 2713 palestra
169 2652 324 2731 appellatio
344 2673 458 2712 omnem
477 2652 642 2713 athleticam
655 2668 747 2713 artem
761 2666 791 2713 et
810 2652 1048 2713 exercitationem
1070 2674 1150 2714 com·

49 2720 156 2799 Pltttitur,
178 2732 417 2812 decentiamque:
446 2754 504 2810 qua
527 2746 628 2804 status,
650 2746 757 2803 motus,
780 2733 933 2809 flexusque
954 2734 1093 2812 corporis,
1114 2756 1149 2795 aa

49 2818 119 2865 onnes
139 2815 248 2873 omnino
281 2815 399 2873 habitus
426 2828 608 2874 venustatem
633 2814 778 2892 quandam
809 2814 997 2893 leporemque
1030 2834 1092 2894 prat
1118 2836 1151 2877 aa

48 2880 129 2945 sanat:
147 2914 226 2968 qnam
241 2895 291 2973 qni
313 2916 371 2954 non
392 2894 561 2964 didicerant,
577 2895 596 2953 ii
610 2894 762 2973 apaloertri
776 2897 813 2954 ab
833 2894 961 2971 antiquis
981 2896 1051 2955 dicti
1071 2910 1148 2957 aunt.

49 2958 99 3023 lim
117 2990 176 3033 vero
193 2990 286 3035 artem
305 2975 355 3053 qni
377 2977 561 3045 exercebant,
582 2990 633 3035 aut
652 2976 702 3053 qui
723 2976 753 3034 in
772 2974 908 3053 palaeatra
928 2980 1150 3047 exercebantur,

49 3043 79 3101 tel
89 3046 256 3115 decertabant
267 3057 406 3134 praemiis,
417 3056 595 3135 palaestrita
609 3056 656 3115 vel
666 3054 830 3135 palaestrici
843 3055 914 3116 dicti
928 3071 1015 3117 aunt:
1034 3058 1149 3139 gymni-

49 3140 79 3179 ιω
91 3125 170 3191 Greci
188 3136 273 3195 etiarn
294 3150 444 3207 vocarunt,
465 3138 545 3214 quod
566 3136 635 3195 nudi
656 3136 775 3197 athletae
796 3152 1010 3199 exercerentur.
1052 3140 1149 3199 Carte-

49 3210 134 3293 btnin
156 3215 286 3292 palaestra
309 3218 453 3297 gymnasii
474 3218 582 3295 (inquit
605 3216 740 3292 Plautus)
765 3238 862 3287 cursu,
885 3218 1032 3290 luctando,
1057 3220 1149 3291 hasta,

50 3280 112 3356 daco,
127 3296 257 3373 pugilatu,
278 3298 410 3357 saliendo
426 3318 457 3357 ae
471 3300 648 3357 exercebant
664 3298 792 3358 athletae.
833 3297 1014 3379 Hujuamodi
1033 3300 1097 3362 ludi
1119 3301 1151 3361 in

51 3380 123 3445 Qmpo
135 3372 236 3437 hlartio
250 3378 328 3457 apnd
343 3380 491 3438 Romanos
505 3378 568 3438 fieri
583 3378 727 3439 solebant.

77 3446 305 3519 Quicnrrebantiu
314 3458 390 3518 ludis
397 3460 549 3537 gymnicis,
559 3460 614 3519 hoc
623 3472 676 3529 est,
686 3480 773 3520 curan
781 3462 1150 3540 corporaexereebantvel

51 3527 253 3617 ‘tqdecernbana
268 3539 383 3599 Graecia
393 3539 482 3599 dromi
496 3540 687 3619 appellantur,
699 3542 755 3600 hoc
768 3554 823 3611 eat,
837 3562 980 3603 cursores.
1014 3543 1151 3609 Quorum

51 3602 247 3697 sliilttodirdromi
256 3620 436 3689 dicebantur,
446 3622 496 3699 qui
509 3621 635 3680 stadium
649 3625 877 3699 percurrebant:
897 3624 947 3683 alii
957 3624 1150 3696 diaulodrosm,

51 3701 215 3782 “humanu
227 3700 374 3769 curriculi,
389 3702 419 3759 id
433 3715 486 3772 eat,
501 3702 591 3781 duplo
602 3702 757 3772 curriculo,
772 3704 851 3781 qnod
864 3703 978 3763 ἅίιιιιῖοιι
988 3707 1149 3765 vocabant:

52 3780 96 3825 tan
107 3774 121 3829 ii
133 3796 254 3839 cursores
267 3802 358 3859 quum
372 3780 409 3841 ad
423 3796 528 3841 metam
546 3796 750 3862 pervenerant,
765 3782 925 3855 flectentes,
939 3806 974 3843 eo
988 3806 1089 3846 rursus
1102 3807 1150 3845 re·

53 3854 176 3941 omina
196 3862 269 3920 unde
290 3882 407 3921 curcum
428 3863 560 3923 inierant.
603 3863 696 3923 Erant
715 3864 965 3935 etdolichodromi,
984 3866 1034 3943 qui
1054 3866 1149 3926 aexiea

54 3928 144 3993 “iillum
154 3942 290 4002 curriculo
302 3943 439 4002 obibant:
460 3964 527 4003 nam
540 3942 664 4003 dolichos
675 3943 861 4022 longissimus
873 3966 976 4005 curans
989 3945 1150 4007 dicebatur.

81 4006 158 4085 Lucia.
168 4020 274 4081 Gracia
285 4023 362 4102 pale,
372 4023 420 4083 vel
434 4024 462 4081 in
473 4044 567 4095 coeno,
583 4024 629 4083 vel
643 4045 740 4093 arena,
752 4025 799 4084 vel
813 4025 933 4103 pulvere
945 4024 1052 4085 fiebat:
1072 4028 1150 4089 unde

56 4080 173 4174 luctatores
190 4102 216 4160 in
232 4102 309 4163 ludis
327 4103 478 4183 gymnicis,
492 4118 542 4165 aut
554 4105 707 4183 palaestra,
723 4104 837 4164 Graecia
853 4104 990 4182 poloeatoe
1003 4108 1151 4185 appellati.

58 4160 347 4253 1¹luctatori,conianolo,
363 4185 392 4244 id
406 4198 460 4256 est,
469 4185 535 4245 oleo
548 4198 646 4245 cerato
660 4185 931 4263 perfundebantur:
953 4183 1090 4264 undequi
1101 4209 1153 4249 eoa

58 4254 175 4329 maetam,
187 4266 367 4325 ceromatirtoe
380 4265 460 4324 dicti.
495 4265 615 4327 Pulvere
623 4286 742 4343 quoqne
750 4278 819 4343 post
830 4264 993 4321 unctionem
1003 4265 1153 4345 insperge.

58 4322 141 4423 burm,
152 4355 181 4399 ut
191 4359 467 4424 corpora-ceromate
479 4358 510 4406 et
523 4346 630 4407 sudore
644 4346 759 4405 lubrica
771 4355 888 4432 mutuas
901 4340 1073 4433 luctantium
1087 4368 1154 4424 pre-

59 4400 173 4479 limma,
183 4424 378 4491 admitterent:
401 4426 477 4487 unde
491 4440 592 4487 natum
604 4425 808 4506 proverbium,
817 4429 892 4479 astra
900 4420 1027 4497 pulvera
1041 4434 1155 4492 tactura,
