2834 4759
224 167 290 231 alt
657 170 944 238 TERENTII
1199 173 1375 257 [aorosia.

415 466 606 541 ACTUS
640 466 868 550 QUARTI
901 466 1093 541 SCENA
1125 467 1192 539 VI.

532 655 649 704 rums.
688 654 868 703 conanus.
907 644 1080 704 rurnms.¹

270 776 392 841 Cauno
407 778 558 863 equidem
575 777 663 841 illum
673 778 743 863 jam
757 777 946 843 adfuturum
959 802 1046 856 esse,
1060 790 1099 843 ut
1120 778 1206 845 illam
1220 802 1242 843 a
1255 801 1308 844 me
1322 781 1377 843 eri·

234 939 240 949 ,
334 875 417 958 piat:
440 877 508 939 sine
523 876 647 939 veniat!

268 970 375 1057 Atqui
390 974 417 1036 si
431 972 516 1037 illam
530 974 633 1057 digito
647 974 791 1057 attigerit
805 995 882 1051 uno,
897 972 982 1039 oculi
995 972 1078 1039 illico
1093 973 1306 1039 effodientur.

272 1069 387 1155 Usque
397 1071 481 1135 adeo
489 1092 551 1156 ego
561 1070 644 1135 illius
654 1071 739 1135 ferre
748 1093 882 1154 possum
890 1072 1039 1154 ineptias,
1049 1081 1083 1135 et
1091 1073 1265 1157 magnifica
1273 1073 1379 1147 verba,

271 1168 386 1233 Verba
398 1169 475 1232 dum
490 1169 567 1232 sint:
585 1190 696 1232 verum
711 1169 796 1232 enim
808 1170 835 1231 si
849 1168 892 1232 ad
902 1189 970 1232 rem
979 1167 1375 1253 conferentur,vapuhhit

234 1278 260 1325 ·σ
273 1266 336 1331 Cn.
353 1265 469 1345 Thais,
485 1288 547 1351 ego
564 1266 633 1349 jam
649 1266 773 1329 dudum
786 1264 841 1330 hic
855 1266 980 1330 adsum.
1019 1264 1088 1329 Tn.
1106 1266 1139 1329 0
1154 1267 1198 1330 mi
1212 1266 1377 1341 Chremes,

234 1352 239 1413 Ῐ
336 1374 369 1429 te
383 1366 490 1448 ipsum
503 1366 744 1448 exspectabam.

234 1476 238 1487 '
273 1462 358 1527 Scin'
374 1472 421 1539 tu,
437 1462 565 1525 turbam
579 1460 663 1525 hanc
678 1470 814 1546 propter
829 1471 862 1525 te
877 1483 949 1525 esse
964 1460 1105 1526 factumi
1126 1470 1161 1526 et
1182 1460 1268 1526 adeo
1287 1461 1329 1525 ad
1348 1471 1378 1523 tc

334 1560 472 1623 attinere
486 1559 570 1623 hanc

236 1738 237 1743 ἵ
272 1656 410 1720 Omnem
435 1659 525 1721 remi
571 1655 635 1720 Cn.
652 1654 709 1719 Ad
733 1658 808 1720 mei
831 1656 909 1742 quit
934 1657 1027 1740 quasi
1051 1654 1148 1721 istuc.
1195 1656 1267 1721 Tn.
1284 1656 1377 1731 Quia,

335 1754 413 1817 dum
428 1754 487 1817 tibi
503 1774 646 1817 sororem
662 1753 779 1817 studeo

262 1948 283 1994 1.
304 1946 379 1993 Credo
394 1948 497 2007 equidem
513 1948 578 1994 iliam
588 1946 640 2009 jam
655 1943 790 2007 adfuturam
853 1947 877 1994 3.
894 1948 969 2008 Urqaa
979 1949 1036 1994 odeo
1046 1962 1088 2009 ego
1098 1946 1234 2008 iiiiatserre
1246 1964 1335 2009 posnan
1344 1950 1376 1993 in·

228 2026 284 2069 aare,
303 2018 329 2058 ot
346 2012 411 2058 iilam
425 2026 440 2057 o
456 2027 491 2059 me
504 2010 600 2072 eripiat]
619 2009 696 2058 Vides
711 2020 740 2057 ut
757 2024 790 2058 ex
820 2014 903 2071 optior,
913 2018 937 2058 et
950 2012 1072 2073 magnifico
1082 2010 1163 2073 nerto]
1182 2011 1241 2060 Non
1252 2011 1321 2068 dixit,
1333 2010 1375 2057 Us-

228 2074 288 2138 ipsis
299 2083 416 2138 appareat
432 2074 519 2132 verbis,
531 2090 603 2136 quam
617 2073 713 2122 concita
725 2074 788 2133 (coa-
821 2089 868 2135 que
879 2074 941 2122 adeo
951 2074 1021 2121 ilium
1032 2090 1132 2148 possum
1142 2090 1239 2123 amare:
1252 2074 1304 2130 aed,
1311 2088 1377 2136 quam

227 2142 308 2197 citata,
317 2137 371 2187 edd.
380 2138 452 2201 vett.)
463 2149 489 2187 et
498 2153 606 2187 recensa
617 2137 696 2200 litigio
707 2137 791 2187 veniat
822 2137 931 2186 insuavis
950 2140 1002 2199 jam
1021 2138 1065 2186 dau
1081 2138 1122 2196 sit,
1141 2140 1258 2195 ostendit,
1275 2138 1377 2192 dioendo,

228 2202 311 2251 Thais.
346 2203 433 2265 Itaque
443 2217 489 2251 nec
500 2202 611 2250 nominat
622 2201 732 2260 militem,
744 2217 790 2249 nec
815 2200 882 2263 serre
896 2219 993 2263 porram
1034 2202 1069 2249 Et
1083 2202 1132 2250 cito
1150 2204 1267 2261 ostendit,
1284 2217 1336 2269 quta
1350 2201 1378 2248 rit

228 2266 362 2330 virginem:
381 2266 424 2315 scd
439 2266 583 2331 pronomine
595 2275 725 2328 utrumque
738 2266 790 2329 sig·
822 2265 930 2313 amicitia
940 2266 1033 2314 militia
1060 2268 1377 2330 Ineptiaeinqoicetmg-

228 2330 319 2389 nificat,
331 2331 400 2393 quasi
412 2331 437 2378 in
450 2330 531 2379 medio
541 2330 673 2378 constituta
683 2330 789 2392 negotio.
821 2333 890 2390 niteo
906 2334 982 2379 verto
1007 2330 1144 2391 n-njtce
1166 2331 1227 2379 ittud
1246 2349 1308 2395 ego:
1321 2329 1377 2391 qnod

228 2394 369 2457 Adfatorom
380 2394 440 2456 carc]
460 2394 490 2442 id
506 2405 551 2452 est,
567 2393 744 2442 adventurum:
762 2404 790 2442 ut
821 2394 904 2442 versui
922 2396 998 2453 obeat,
1010 2403 1036 2442 et
1051 2409 1067 2442 a
1086 2395 1186 2443 Donato
1200 2396 1272 2445 abeat
1288 2395 1314 2442 in
1329 2393 1376 2442 edd.

228 2458 287 2507 AEn.
304 2474 328 2507 x.
348 2461 401 2507 143.
418 2460 496 2521 Affait
517 2467 540 2507 et
556 2460 694 2506 Mnestheus.
735 2460 790 2506 Sine
821 2467 881 2509 vett.
905 2458 934 2506 Β.

227 2531 254 2571 at
265 2521 354 2585 amiot]
369 2522 446 2577 Quasi
457 2522 529 2579 dicat,
546 2522 625 2570 sine*
639 2521 726 2584 (Forte
742 2522 789 2585 leg.
855 2524 878 2569 4.
899 2524 975 2569 Verbo
989 2524 1042 2569 dam
1059 2522 1119 2585 rint]
1139 2523 1195 2571 Hoc
1212 2534 1260 2580 ost,
1271 2520 1376 2585 querito

227 2590 328 2643 tiranii
338 2595 378 2637 eat.
407 2588 466 2643 Aut,
483 2591 539 2643 sine,
551 2589 614 2633 rideo
629 2590 703 2635 minor
718 2588 790 2633 illiue.
822 2600 872 2634 non
883 2585 1034 2634 admisceant
1044 2601 1134 2635 rerum.
1155 2590 1237 2635 Vm·
1248 2592 1308 2636 ωἰι
1321 2586 1377 2633 aiod

229 2651 288 2708 Aut,
311 2659 339 2699 ut
357 2650 471 2713 Wieling.
494 2650 599 2712 conjicit,
616 2653 685 2698 miait
702 2657 789 2698 terrm
820 2666 868 2697 reta
878 2650 1167 2713 consummoopuhba't]
1184 2651 1212 2699 Si
1223 2648 1377 2700 aisement·

228 2714 310 2777 nouis)
318 2714 403 2768 nullius
416 2724 440 2762 et
449 2713 620 2763 comminantis
631 2722 684 2761 est:
695 2723 731 2769 ut,
739 2717 789 2762 atne
821 2713 910 2770 verbis,
922 2724 948 2762 et
955 2729 1007 2763 rem
1015 2714 1123 2777 experiri
1216 2716 1242 2774 't,
1253 2712 1375 2779 vapulabit

228 2782 298 2827 modo.
333 2780 473 2827 D.-Credo
491 2777 606 2841 equidem]
631 2778 693 2827 Haec
716 2792 790 2825 scena
822 2777 857 2826 Et
874 2780 939 2826 bona
956 2777 1061 2826 locutios
1077 2780 1144 2828 utri
1180 2779 1236 2837 'aas
1256 2780 1335 2827 Verba
1349 2776 1376 2823 ad

228 2842 319 2906 repetit
332 2842 421 2906 puellae
432 2842 617 2900 accusationem,
627 2842 691 2904 quod
702 2841 788 2890 nolue·
821 2857 874 2890 rem
884 2842 996 2901 contulit,
1007 2842 1053 2890 hoc
1064 2854 1110 2900 eat,
1118 2858 1198 2905 agere,
1205 2844 1272 2906 quod
1282 2842 1375 2895 dicebat·

228 2906 263 2955 rit
273 2906 388 2955 meretrix
400 2916 471 2969 pacta
481 2921 586 2955 servare.
617 2906 708 2955 Verum
720 2914 789 2953 ante·
821 2918 1003 2968 aggressusest.
1027 2907 1318 2971 D.—lllud,ertn,quod
1327 2919 1376 2951 ver-

228 2971 328 3035 ponitur
340 2970 488 3029 adolescens,
500 2970 540 3033 qui
554 2971 671 3019 adversus
686 2969 790 3018 militem
822 2985 876 3018 sum
896 2981 990 3032 gravat,
1005 2980 1072 3019 recte
1089 2972 1159 3021 abeat
1177 2987 1193 3019 a
1208 2972 1301 3020 Donati
1316 2970 1377 3018 histo

228 3035 306 3098 possit
317 3036 441 3093 obsistere,
453 3050 484 3083 ne
491 3036 634 3083 conturbata
643 3034 725 3097 (forte,
736 3051 789 3082 coa·
822 3043 848 3083 at
857 3034 884 3082 in
896 3033 951 3082 edo,
962 3044 1021 3083 vett.
1046 3035 1075 3084 B.

229 3102 335 3147 turbator
349 3098 397 3161 Ζ.),
410 3113 466 3147 cum
483 3114 551 3147 auam
568 3098 674 3162 pucilam
690 3098 791 3146 duxerit
855 3100 878 3145 ὃ.
892 3098 1250 3161 Tetpaamerapectatan1hia
1259 3100 1289 3148 R.
1303 3101 1333 3147 Tr
1343 3100 1376 3157 tp-

230 3162 792 3225 (comgeffepemrtcso.miles:videNostrum
824 3170 980 3223 meaputo.
998 3160 1374 3213 L-lnomnibtunostrisoodd·

230 3224 268 3275 sc.
279 3242 328 3288 seq.
341 3228 362 3274 l.
388 3226 430 3287 Z.)
448 3226 526 3284 cedat,
541 3227 585 3275 scd
601 3227 664 3275 hanc
677 3226 792 3275 audacter
825 3235 870 3284 eat,
881 3234 999 3287 περιείη
1016 3241 1121 3289 proquo
1132 3228 1374 3292 legendomputoea·

228 3304 298 3340 tuam
309 3289 562 3339 aororemessedioat.
587 3290 723 3347 E.-Dele,
736 3306 791 3348 erae,
820 3297 882 3351 peto.
900 3291 965 3339 Nam
981 3290 1116 3355 alihiaaepe
1132 3287 1375 3341 iliaduoverhaali·

229 3368 285 3401 cum
306 3361 364 3401 vett.
377 3353 431 3404 edd.
466 3353 531 3402 Nam
548 3352 590 3411 ita,
607 3357 678 3411 titum,
694 3353 721 3401 in
733 3354 792 3402 Arsi
824 3353 911 3403 brariis
922 3364 980 3402 sunt
991 3365 1134 3417 permutata.
1159 3355 1374 3414 DeinThoinquoe

228 3416 344 3472 habehim
361 3416 469 3478 alioquin
480 3417 506 3464 iu
518 3416 600 3465 Theai
624 3418 653 3465 B.
823 3430 881 3465 ante
892 3427 918 3466 et
930 3419 1024 3481 postia
1035 3418 1195 3468 Tetrametais
1206 3420 1286 3483 plenia
1295 3418 1374 3466 debac-

262 3482 285 3529 2.
307 3484 421 3542 Atque&
437 3483 501 3529 illam
516 3483 590 3542 digito
606 3484 717 3543 adtigerit
732 3480 790 3544 aar]
822 3481 917 3539 chatur,
934 3482 960 3529 in
976 3482 1023 3530 hoc
1037 3498 1117 3540 verra,
1129 3483 1183 3531 riso
1194 3484 1328 3538 Chremen,
1338 3477 1374 3526 ubi

229 3544 309 3595 Moris
330 3542 531 3593 comminantium
553 3554 598 3602 est,
620 3544 652 3592 ad
674 3544 792 3608 exiguum
822 3546 932 3595 defervet
954 3546 1052 3609 paulum
1070 3546 1115 3605 ira,
1133 3547 1281 3596 Catalectioo
1297 3546 1372 3594 utitur.

228 3624 344 3659 revocare
356 3606 491 3667 commissa,
508 3624 562 3671 quar
574 3623 600 3656 se
616 3608 711 3657 ulturos
744 3624 790 3657 re·
824 3610 938 3672 Denique
946 3624 1032 3659 reama
1040 3610 1093 3674 ipse
1102 3610 1371 3674 postulacapcattue-

229 3672 318 3722 dicent.
354 3676 421 3721 Oculi
436 3675 497 3721 illico
507 3672 655 3735 effodiantur]
673 3673 708 3721 Et
727 3673 788 3722 emi·
822 3673 895 3721 modo
911 3674 977 3721 enim
993 3683 1115 3735 aructat,
1127 3675 1169 3737 qui
1185 3675 1239 3738 ipse
1255 3670 1372 3737 quantitati

228 3753 282 3789 ncae
300 3736 374 3787 minae
389 3746 454 3794 sunt,
471 3746 496 3785 et
513 3736 539 3785 in
556 3736 698 3787 libidinosos
716 3752 789 3799 quam
822 3736 857 3784 Et
870 3738 990 3800 quomodo
1001 3738 1076 3785 Thais
1087 3738 1210 3787 Chremen
1226 3738 1267 3787 hic
1282 3748 1372 3799 exspet-

229 3800 348 3851 maxime:
366 3816 422 3849 nam
435 3800 500 3849 hunc
511 3800 648 3875 suspicatur
656 3811 790 3850 amatorem
822 3802 897 3857 tabat,
908 3816 980 3863 quem
991 3801 1058 3864 apud
1073 3802 1226 3851 Thrasonem
1237 3802 1292 3866 ipsa
1303 3800 1371 3849 disat·

229 3864 402 3929 essevirginia
435 3864 477 3915 Sic
493 3864 594 3921 etahbi,
611 3868 694 3928 Utego
705 3868 790 3927 angat·
823 3864 884 3912 dens
893 3864 1042 3927 reliquerat?
1066 3866 1096 3913 B.

230 3928 727 3991 hmsacikiidinocaiosiaaoiemoanrflco.
755 3928 788 3977 In
853 3927 875 3975 6.
895 3931 996 3977 Τισὸωι
1005 3928 1077 3992 hauc]
1094 3929 1277 3979 Turbatimem.
1297 3929 1323 3977 1².

228 3994 311 4043 oculos
322 4002 403 4042 autem
420 3992 526 4043 maxime
542 3992 628 4041 saevire
640 3992 753 4049 feminas,
764 4001 789 4040 et
853 3990 877 4045 7.
888 3996 929 4042 Ad
938 3997 993 4041 ne?
1008 3997 1069 4056 qai?
1084 3997 1153 4057 quoti
1162 3993 1235 4057 tatae]
1257 3994 1291 4042 Bt
1305 3987 1369 4040 noti·

228 4056 353 4120 tragoediae
363 4058 413 4105 fare
425 4071 517 4113 omnes,
526 4068 550 4105 et
561 4056 788 4119 oomoedioeprotes·
820 4071 872 4115 cas,
883 4066 909 4103 et
924 4056 1033 4113 timidus,
1044 4067 1070 4105 et
1085 4058 1182 4122 pudens
1194 4066 1324 4106 commotus
1337 4059 1370 4099 ut

227 4130 318 4169 tantur.
346 4121 488 4183 D.-Lege,
503 4118 585 4183 'Atqui
599 4138 616 4169 a.
630 4123 678 4168 td.
690 4137 713 4169 o.
729 4123 790 4168 ocati
820 4120 982 4169 meretriculae
1002 4119 1076 4170 dicto.
1102 4122 1225 4180 n-Pro,
1241 4124 1298 4185 qai?
1313 4116 1368 4181 qimi

229 4186 266 4231 tut
282 4186 344 4231 tilica
359 4186 501 4245 tffodieator.
536 4184 607 4242 Nam,
623 4200 674 4241 aaa,
690 4193 791 4232 nonest
821 4188 889 4241 ictuc,
905 4184 959 4233 cod.
976 4185 1039 4249 neg.
1064 4186 1221 4243 Chartaceua
1240 4186 1271 4233 de
1288 4181 1367 4247 optimo

228 4260 298 4308 opus,
309 4254 341 4303 et,
352 4250 396 4304 tut,
409 4249 549 4311 absorptum
561 4258 614 4296 crat
623 4264 639 4296 a
649 4247 738 4296 vicinis
748 4247 790 4295 lit-
821 4248 926 4311 quodam
943 4250 1112 4313 trmscriptus,
1124 4260 1151 4298 et
1161 4265 1176 4297 a
1186 4264 1261 4298 manu
1275 4242 1368 4297 emund*

229 4308 338 4416 teriadedt
366 4318 433 4357 ostea
447 4310 587 4418 agvemum
604 4311 790 4361 sustentandum
822 4312 985 4422 academicus
994 4324 1062 4361 recte
1075 4314 1291 4376 habetqm'qmo
1300 4308 1366 4358 aaut

228 4385 298 4419 aava
332 4384 339 4415 ι
357 4381 436 4417 erunt.
482 4406 488 4419 .
755 4392 758 4398 ·
