2834 4759
317 126 437 213 Neque
453 125 649 193 servolorum
664 127 846 211 quisquam,
862 127 918 212 qui
932 127 1106 194 advorsum
1120 128 1243 195 ierant?

317 224 472 292 Profecto
486 223 549 291 hoc
564 247 639 291 vere
655 225 779 303 dicunt,
794 226 823 290 si
835 225 924 291 absis
938 225 1076 310 uspiam,

317 324 389 390 Aut
403 324 458 389 ubi
475 323 501 387 si
516 344 637 400 cesses,
651 324 781 390 evenire
795 325 950 389 cesetius
964 335 1017 389 est

291 437 305 484 5
319 424 404 499 Quae
419 423 453 487 in
464 433 497 487 te
512 444 597 487 uxor
612 423 701 501 dicit,
716 433 751 489 et
764 446 839 508 quae
852 424 886 487 in
899 423 1006 487 animo
1020 422 1142 509 cogitat

316 522 414 599 Irata,
431 542 528 606 quam
542 518 607 598 illa,
620 542 695 605 quoe
709 532 862 605 parentes
877 520 1020 605 propitii.

315 620 422 697 Uxor,
439 619 467 683 si
481 640 601 697 cesses,
616 630 673 684 aut
687 630 720 683 te
735 641 844 684 amare
858 619 991 703 cogitat,

315 716 387 783 Aut
400 727 466 782 tete
480 717 590 795 amari,
607 728 664 782 aut
678 728 803 802 potare,
819 728 877 783 aut
890 718 996 783 animo
1010 718 1168 803 obsequi:

228 890 293 941 rium
304 891 474 955 diversumque
485 892 621 957 protulerit,
633 890 681 941 nisi
694 907 739 968 per
750 890 790 939 ds·
824 891 884 941 tios:
902 895 1011 950 ss'sessss,
1023 891 1054 940 ad
1065 907 1166 941 uxorem
1175 889 1262 941 iratam
1273 889 1370 943 reiertiu

229 955 341 1020 cippario
352 972 440 1005 nomen
452 955 596 1021 imposuerit
603 956 753 1018 joculanter,
764 965 792 1005 ut
824 957 971 1005 desertorem
984 956 1071 1019 (Forte
1080 970 1223 1021 expressum
1236 956 1281 1005 fuit
1293 971 1370 1004 nonen

230 1024 400 1086 lsssorgyrldss
416 1022 443 1069 in
455 1022 542 1071 Plauto
555 1020 645 1070 dicitur
659 1020 790 1086 trapezita:
824 1022 913 1071 veteris
919 1021 1099 1083 Grammatici).
1114 1017 1370 1083 D.-stsostssspts·]

230 1096 255 1135 et
267 1086 317 1135 lere
333 1087 379 1135 hoc
391 1087 463 1136 modo
479 1086 544 1151 apud
554 1086 615 1135 alios
626 1102 642 1133 a
654 1086 734 1151 poetis
745 1102 789 1134 no-
826 1086 856 1135 Id
872 1096 916 1145 est,
930 1086 1020 1135 alicubi
1036 1086 1128 1135 otiosus
1144 1085 1221 1145 rivas,
1236 1086 1320 1135 melius
1334 1094 1370 1143 est,

229 1150 297 1199 mine
308 1164 487 1217 componuntur
498 1150 657 1200 describenda
667 1166 713 1227 per
724 1148 789 1218 arri-
823 1150 868 1200 tibi
877 1151 982 1209 evenne,
992 1151 1057 1215 quod
1065 1151 1097 1199 de
1105 1161 1129 1199 te
1137 1151 1230 1213 cogitat
1236 1166 1299 1200 uxor
1305 1150 1370 1199 irata:

230 1224 324 1278 φρασιν,
334 1217 398 1279 quod
406 1216 519 1279 designat
527 1220 615 1265 Storas.
635 1216 790 1281 Prrmaepar·
823 1231 878 1279 quse
899 1216 984 1278 utique
1003 1216 1085 1265 animo
1105 1216 1228 1279 conjugali
1248 1216 1279 1265 de
1296 1213 1372 1264 manto

229 1288 275 1338 tes,
288 1280 352 1329 sicut
367 1280 393 1329 in
410 1280 511 1345 prologo
527 1281 580 1345 ipse
595 1280 715 1345 promisit,
726 1296 742 1329 a
751 1296 790 1329 se·
824 1280 968 1346 suspicatur,
980 1283 1045 1344 quod
1055 1280 1156 1330 alteram
1167 1291 1242 1340 amet,
1254 1297 1283 1330 ac
1292 1279 1325 1328 illi
1335 1277 1371 1328 seli

229 1344 302 1394 nibus
317 1354 438 1409 aguntur:
465 1362 567 1409 quorum
584 1344 741 1394 contentione
761 1344 793 1394 sd
824 1345 858 1395 sit
869 1347 939 1394 bene.
962 1346 992 1393 E.

229 1419 400 1473 argumentum
411 1410 495 1468 relata,
506 1410 557 1458 vite
568 1424 654 1475 aspera
664 1425 721 1459 cum
732 1408 791 1468 leni,
856 1412 879 1459 4.
892 1410 947 1459 Etsi
959 1409 1047 1459 Faerni
1058 1409 1115 1459 libri
1129 1426 1215 1460 omnes
1230 1410 1326 1467 babent,
1339 1414 1373 1455 sat

230 1486 256 1523 et
266 1484 336 1539 pater
344 1476 421 1523 comis
432 1491 488 1524 cum
500 1474 653 1525 severissimo
664 1490 789 1539 compara·
824 1478 858 1523 ibs’
864 1495 874 1530 ,0
890 1484 994 1539 quatuor
1002 1484 1083 1523 tamen
1091 1491 1106 1523 e
1114 1474 1206 1525 nosuis
1213 1487 1288 1534 reete,
1296 1480 1334 1523 ast
1341 1475 1374 1520 sii

230 1550 277 1587 tur.
301 1538 398 1603 Storas]
414 1540 538 1589 Storaosm
554 1539 656 1597 vocavit,
672 1555 721 1589 uon
734 1540 791 1587 AEs·
823 1543 852 1597 ss',
863 1540 889 1587 lr.
902 1555 923 1588 e.
936 1542 1011 1589 ss'cabi
1024 1557 1103 1589 seusa
1131 1540 1165 1589 Et
1175 1540 1212 1591 sic
1223 1540 1306 1590 laudat
1315 1540 1372 1587 sm.

229 1602 343 1652 chinum:
372 1620 420 1667 quo
442 1613 546 1661 tacente,
587 1616 679 1662 uerum,
702 1604 728 1652 id
747 1614 791 1662 est,
824 1604 856 1653 ad
867 1604 924 1653 AEn.
936 1604 972 1653 iii
983 1607 1039 1652 48⁰.
1061 1605 1090 1652 B.

230 1667 376 1716 AEschinum
388 1670 513 1717 absentem
525 1620 614 1717 credit:
632 1669 689 1732 quia
700 1668 791 1718 servuli
855 1671 878 1717 t.
900 1669 975 1734 Uror]
987 1668 1185 1719 subaudiendum
1201 1670 1375 1727 estdies'ts'ssts

229 1732 423 1782 adolescentibus
439 1734 623 1797 praestolantur:
646 1733 717 1783 utin
737 1734 790 1782 An·
823 1750 880 1782 asor
888 1734 1085 1790 (Subsadissdsss
1094 1742 1129 1783 est
1136 1733 1206 1783 dicit.
1225 1735 1374 1793 Isaram

229 1796 290 1854 dria,
305 1800 456 1847 Observabam
469 1801 633 1847 mamiliorum
642 1801 742 1848 mroslos
752 1816 790 1847 os·
822 1801 918 1848 seilicet.
947 1799 995 1847 Ms.
1014 1799 1107 1847 Boend.
1123 1808 1150 1847 et
1165 1800 1220 1847 edd.
1230 1799 1310 1862 vett).
1327 1801 1374 1849 0¹0

230 1866 324 1921 aientes,
336 1872 377 1912 ast
387 1866 501 1912 amantes.
528 1863 576 1911 Sed
588 1864 644 1925 quie
655 1864 709 1912 fleri
720 1872 790 1927 pote-
823 1867 849 1911 s'ss
859 1862 947 1927 ammo]
958 1864 1040 1913 Omne
1050 1862 1115 1927 quod
1126 1864 1255 1924 sentimus,
1267 1874 1309 1913 aut
1317 1860 1373 1925 cugi-

229 1936 276 1985 rat,
295 1936 323 1976 ut
341 1928 440 1978 domino
459 1930 558 1977 absente
578 1928 674 1977 adesset
689 1929 790 1985 Storax;
824 1937 911 1987 mmus,
920 1940 962 1977 aut
970 1928 1088 1977 dicimus:
1106 1938 1131 1977 et
1138 1938 1271 1993 utrumque
1278 1941 1374 1994 procn-

228 1992 424 2042 commodissime
443 1993 537 2055 adjecit,
557 1994 637 2056 qussa
653 1996 793 2042 soculorum
824 1993 892 2041 tione
903 2002 947 2043 est.
974 1993 1023 2042 Sed
1034 1992 1078 2042 illa
1091 1994 1280 2054 reomaensis
1292 1991 1374 2055 quein

229 2060 349 2121 quisquam
360 2062 400 2121 qui
409 2062 527 2107 adversm
536 2061 618 2106 ierom.
636 2060 737 2108 Storna!
748 2076 793 2107 sors
822 2058 970 2121 cogitatione
981 2068 1031 2107 est:
1049 2058 1101 2107 brec
1110 2058 1255 2122 apsospcsbs
1262 2057 1335 2118 mos
1342 2055 1374 2105 di·

229 2124 301 2170 rediit
318 2126 361 2171 bac
378 2121 454 2186 secte]
477 2123 533 2172 Hoc
551 2122 592 2171 alii
609 2122 791 2186 interrogative,
823 2123 895 2181 citur,
905 2138 960 2186 quse
970 2121 997 2171 in
1008 2123 1289 2173 verbisesteonstituts.
1315 2122 1374 2182 virg·

229 2186 272 2235 alii
291 2188 476 2251 pronuncietive
496 2188 635 2251 proferunt:
654 2187 697 2236 sed
713 2188 792 2251 magis
822 2187 881 2237 AEn.
892 2187 918 2236 ii.
932 2189 985 2236 124,
1002 2188 1333 2250 Esnutjmutstmdsts
1341 2202 1375 2235 ss·

230 2252 560 2315 pronunciativediceudum.
574 2253 740 2301 D.—Storosl
747 2270 792 2301 sos
822 2255 906 2301 sebast
917 2256 1022 2313 Arts'fies's
1030 2256 1112 2310 seslss,
1123 2260 1146 2301 et
1156 2255 1227 2302 tscs‘ts‘
1239 2262 1333 2303 santra
1345 2252 1375 2298 si-

230 2316 314 2379 reds's't]
327 2316 432 2366 Videmr
440 2318 480 2367 hie
489 2328 579 2381 quanta
587 2332 645 2366 cure
657 2317 690 2365 sit
699 2318 731 2366 de
739 2317 792 2366 filio
822 2320 914 2366 debut.
940 2318 975 2366 Et
985 2317 1038 2382 ipse
1049 2316 1115 2374 alibi,
1127 2320 1198 2366 Nssc
1208 2321 1231 2367 sl
1241 2322 1294 2382 qss's
1301 2316 1377 2377 sstssi

230 2380 351 2444 cogitares
369 2398 397 2430 ac
411 2382 491 2447 primo
501 2381 647 2445 conquisitio
659 2391 703 2440 est,
715 2391 741 2431 et
751 2381 791 2431 iu·
822 2385 863 2431 hoe
873 2384 945 2440 ds'oct,
957 2390 999 2432 ast
1008 2386 1043 2431 sic
1053 2386 1143 2446 cogitet.
1168 2382 1201 2431 D.

231 2446 362 2509 terrogatio
378 2446 525 2511 precedens,
538 2462 592 2510 quta
607 2446 698 2511 duplici
716 2462 793 2496 sensu
856 2446 1377 2511 6.Qsossillspsapsrestes]1irudite,nott

230 2509 335 2575 intelligi
351 2521 439 2576 potest.
469 2512 534 2560 Nam
549 2526 639 2560 nomen
654 2512 720 2561 servi
735 2527 792 2560 cum
823 2511 919 2560 addidit
932 2512 959 2561 in
975 2526 1047 2575 quem
1064 2511 1137 2570 dicat,
1150 2512 1211 2575 quia
1225 2512 1276 2563 scit
1288 2508 1378 2561 nonin!

230 2574 339 2634 dixisset,
355 2591 484 2640 possumus
503 2576 640 2640 intelligere
659 2576 724 2640 quod
742 2592 792 2625 non
823 2576 908 2625 moris
917 2586 942 2625 et
952 2586 1081 2641 parentum
1094 2579 1143 2625 reis
1154 2576 1214 2639 spis
1228 2576 1255 2626 si
1270 2591 1328 2626 ene.
1348 2573 1376 2621 D.

230 2640 397 2704 responderit:
418 2650 486 2691 etex
496 2642 543 2691 hoc
553 2640 653 2705 ceperit,
666 2641 731 2705 quod
741 2657 792 2691 non
823 2644 969 2691 —Poreates
979 2640 1090 2704 propitii]
1106 2640 1192 2700 idest,
1204 2642 1285 2691 uncti
1294 2636 1378 2689 etreli-

230 2720 343 2755 reversus
362 2705 396 2754 sit
411 2705 483 2762 lilius,
499 2716 528 2755 ut
543 2706 734 2770 pronunciemus
748 2722 794 2770 per
824 2706 887 2770 giesi
903 2707 999 2765 timent,
1015 2721 1048 2755 ne
1063 2706 1206 2756 absentibus
1221 2706 1281 2756 liliis
1296 2700 1378 2766 aliquid

230 2770 447 2820 confirmationem.
464 2770 793 2819 E.-Tolleuotssinterro·
825 2770 998 2820 malisvenist.
1026 2770 1271 2835 Delrincagenersli
1285 2770 1316 2819 etl

230 2834 350 2898 gationis:
370 2836 459 2885 storax
475 2836 541 2885 enim
560 2851 615 2884 cum
627 2846 728 2885 vocatus
742 2851 794 2885 nou
825 2835 887 2884 ciale
897 2836 992 2885 mansit.
1017 2838 1070 2899 Ego
1114 2840 1323 2895 'smsditsts-

229 2901 390 3013 pmpopgeatr
402 2901 460 3013 indp
471 2901 518 2950 scit
526 2900 606 3013 (plicis
617 2900 740 3014 neuripaem
749 2902 792 2949 ad·
859 2901 881 2951 7.
898 2904 999 3014 {lami
1009 2917 1081 2950 sesses
1104 2902 1187 3013 (guare
1202 2898 1378 3015 mmm

230 2980 509 3143 ,ippiii'nbikig
531 2980 592 3111 125¹
608 2980 679 3014 '⁰²¹¹‘
711 2976 794 3144 Ἴ
825 2979 969 3143 effi&
987 2980 1377 3157 2¹:3⁸3?qu

281 3128 287 3141 .
325 3112 337 3142 s
395 3112 458 3144 serso
508 3113 530 3143 m
556 3112 592 3144 uss
636 3113 658 3143 m
936 3112 1013 3143 sarm
1291 3108 1341 3143 ec

232 3110 395 3220 (Praeterqiies.
409 3160 442 3207 Η.
460 3169 485 3208 et
500 3114 555 3209 eddq.
570 3112 642 3223 vptps)
660 3094 793 3217 ignaru,
826 3160 959 3224 ἐξεργασίᾳ,
982 3094 1175 3209 Ammeumissa
1196 3164 1292 3223 cogitat.
1322 3152 1376 3215 Ass]

231 3236 303 3286 quem
320 3224 405 3272 abesse
422 3240 471 3272 nou
487 3224 657 3289 respondendo
670 3224 794 3273 intellexi·
827 3224 914 3273 Minus
929 3224 1024 3289 peccati
1040 3236 1078 3273 est
1093 3224 1171 3274 amori
1180 3224 1284 3301 proprio
1293 3223 1377 3275 cetlms

231 3302 293 3335 mua.
319 3291 365 3340 Qui
374 3288 507 3351 mensum]
525 3288 627 3353 Proprie
636 3289 733 3338 locutus
748 3298 794 3338 est.
825 3303 898 3352 quam
912 3289 993 3337 alieno
1003 3289 1081 3338 amori
1091 3290 1200 3352 obsequi,
1214 3289 1283 3339 nulla
1296 3302 1324 3337 rs
1336 3284 1377 3333 in·

232 3352 298 3400 Nam
310 3356 461 3402 adurcium
471 3354 593 3403 dicuntur.
622 3353 717 3417 lerant]
732 3354 794 3402 Pro·
825 3353 1003 3417 pellente,ane
1013 3369 1089 3403 uxore
1097 3365 1190 3418 potare,
1202 3348 1377 3403 sutmlledtlr

232 3416 305 3465 ducte
323 3416 332 3465 i
350 3418 547 3482 pronunciando:
564 3419 629 3481 quod
647 3434 692 3467 nos
703 3418 793 3476 addita,
826 3417 883 3467 cias.
901 3419 968 3483 Ergo
979 3420 1075 3479 αὔξησις
1084 3431 1135 3468 est:
1153 3414 1376 3478 nisiiorterqiiisr

230 3497 255 3539 v,
266 3485 356 3531 s'oerm
368 3483 478 3532 dicimus.
496 3483 556 3532 Tale
568 3492 606 3532 est
616 3483 676 3532 illud
687 3483 793 3548 Virgilii,
825 3484 903 3545 τισμᾷ
910 3484 957 3532 boc
966 3492 1083 3548 putamus
1092 3483 1193 3532 dictum.
1216 3487 1269 3533 Ast
1278 3491 1301 3532 ts
1310 3492 1376 3553 uest

231 3547 290 3595 AEu.
301 3546 326 3595 ii.
344 3550 383 3596 25.
401 3551 451 3597 Nos
461 3551 545 3598 abs‘s'sse
555 3552 610 3607 rati,
622 3557 646 3597 et
656 3556 722 3597 sesto
732 3552 793 3610 psti-
825 3552 919 3611 cogitat,
928 3556 973 3597 tete
981 3547 1069 3611 mari]
1078 3550 1160 3604 Quum
1168 3548 1219 3598 duo
1227 3550 1376 3625 properum&

231 3616 277 3661 s'sse
290 3614 406 3677 Mycenas.
430 3614 577 3677 D.-quue
586 3616 722 3663 semolorusa
730 3617 794 3677 qub-
826 3612 930 3661 alterum
939 3613 1033 3661 nimus.
1052 3614 1117 3663 Nam
1126 3628 1202 3677 quum
1211 3614 1318 3669 dixi-et,
1328 3608 1376 3661 Qu

231 3676 287 3741 pse]
305 3678 399 3727 Rursus
408 3678 578 3743 pronunciatio
589 3677 727 3726 alteraesse
737 3688 794 3741 pot·
826 3681 852 3725 iss
863 3687 885 3726 te
897 3694 953 3726 asor
967 3681 1033 3733 dicit,
1047 3686 1072 3727 st
1086 3695 1138 3741 qsae
1152 3681 1178 3727 s's
1193 3682 1271 3728 arsisse
1284 3678 1375 3739 etsist-¹

232 3752 276 3799 est,
288 3752 403 3807 tanquam
420 3758 504 3792 servus
516 3754 615 3793 vocatus
632 3742 793 3807 responderit,
825 3741 917 3802 intulit,
928 3751 970 3791 ast
981 3750 1003 3791 ts
1014 3760 1092 3792 snare
1101 3746 1197 3806 cogitat.
1220 3744 1251 3792 D.

232 3818 257 3855 et
268 3807 349 3871 ipsum
359 3808 499 3872 interroget
522 3808 552 3856 E.
860 3810 882 3856 8.
898 3811 982 3857 Aatte
993 3824 1071 3857 amase
1084 3811 1179 3870 rogitat,
1190 3796 1374 3876 mauu-ii

265 3874 287 3919 3.
305 3871 411 3936 Profecto
426 3877 467 3921 boc
482 3890 534 3921 sere
549 3872 641 3935 dicant]
659 3872 793 3921 Absolutes
827 3872 893 3927 Quia
915 3875 948 3921 Te
967 3889 1046 3921 amors
1065 3872 1206 3934 ἀμφιβόλω
1220 3871 1320 3925 dimi,
1334 3874 1374 3914 ⁰i⁰

232 3951 282 3984 nou
301 3937 394 3986 addidit
405 3942 451 4001 qa'a
480 3941 506 3985 st·
517 3940 580 3986 obsis
591 3936 693 4001 mum]
708 3938 794 3985 Abuu·
827 3936 912 3986 intulit
926 3937 1101 4000 quadratum
1116 3946 1162 3995 est,
1178 3940 1231 3986 Ast
1246 3942 1291 3985 uss
1304 3930 1373 3981 Μ’·

233 4000 275 4048 dat
289 4006 384 4063 uspiam
398 4013 442 4051 aut
456 4002 526 4051 deest
538 4000 661 4065 prosectu,
677 4011 720 4049 aut
735 4001 795 4063 quid
828 4002 862 4051 Et
876 4001 933 4066 quia
947 4001 1010 4050 illud
1026 4010 1049 4050 te
1064 4002 1168 4060 dixerat,
1183 4002 1233 4051 boe
1247 3998 1372 4065 gentium

232 4064 288 4121 tale,
304 4076 347 4114 aut
359 4070 399 4115 sbs'
417 4067 462 4130 (s'bs'
478 4066 555 4116 edidit
572 4066 681 4116 Faernus
698 4064 739 4125 Ζ.)
755 4082 794 4114 ss·
828 4076 853 4116 et
863 4075 909 4116 tete
920 4066 991 4125 dixit,
1002 4077 1119 4129 tanqum
1128 4064 1311 4130 significandam
1333 4061 1373 4127 Alf

253 4131 258 4143 .
306 4147 311 4159 ⁴
348 4130 353 4141 .
391 4132 396 4141 .
505 4133 510 4143 .
582 4131 606 4143 ..
711 4135 717 4146 .
862 4135 867 4147 .
1008 4133 1014 4146 .
1047 4133 1055 4156 ‚
1268 4154 1301 4165 .-

229 4132 797 4258 conresuscitaturus
827 4129 1229 4256 multum.
1237 4127 1373 4258 uu

232 4262 393 4311 abiss'eesses.
420 4264 446 4309 Ss'
458 4264 527 4319 obsis,
540 4262 696 4325 adparentes
709 4261 794 4326 propi·
827 4265 925 4324 obsequi.
950 4261 979 4310 B.
