2834 4759
121 21 257 98 Omnes,
272 20 391 105 quibus
410 42 462 84 ree
485 30 560 84 sunt
583 20 687 84 minus
711 19 875 96 secundae,
896 18 997 103 magle
1023 29 1098 83 aunt
1119 20 1228 85 nescio

187 142 251 203 quo
265 119 363 183 modo

74 232 107 277 15
121 217 319 303 Suspiciosi:
343 218 386 282 ad
400 216 624 282 contumeliam
639 217 746 281 omnia
759 216 922 300 accipiunt
936 216 1055 301 magis:

118 316 263 400 Propter
278 337 369 380 suam
383 316 604 400 impotentiam
620 337 655 379 se
671 337 799 400 semper
814 315 952 379 eredunt
969 312 1099 398 negligi.

120 415 337 499 Quapropter
351 426 384 478 te
398 416 504 499 ipsum
520 436 662 499 purgare
676 414 739 498 ipsi
753 435 861 478 coram
876 412 1066 503 placabilius
1082 424 1142 478 est.

117 512 184 577 Mt.
202 514 248 577 Et
262 524 362 590 recte,
378 524 412 577 et
424 536 535 578 verum
548 513 639 577 dieis.
678 512 747 577 He.
770 513 917 596 Sequere
934 535 985 577 me
1007 534 1086 597 ergo
1108 512 1169 577 hac
1184 512 1231 576 in-

185 623 246 677 tro.
277 612 343 676 Mt.
360 612 528 677 Maxume.

248 877 440 952 ACTUS
486 876 713 961 QUARTI
759 877 952 951 SCENA
990 874 1062 949 lv.

557 1050 749 1099 AESCHINUS.

118 1174 334 1239 Dtscrucron
349 1176 461 1239 animi:
484 1175 600 1239 hocine
616 1175 658 1239 de
673 1176 846 1259 improviso
860 1174 934 1238 mali
947 1174 1025 1238 mihi
1040 1175 1137 1260 objici

109 1354 373 1417 lautiniacum]
395 1355 484 1404 Dicere
496 1356 530 1404 ic
542 1356 635 1411 maluit.
671 1356 815 1404 AEschinum
838 1372 949 1421 purgare.
980 1360 1068 1415 Coram,
1093 1361 1231 1421 placabilius

71 1438 107 1471 ne
119 1426 208 1470 mirere
219 1422 318 1469 diceret.
341 1423 425 1469 Nescio
436 1438 479 1484 quo
489 1419 565 1484 modo]
581 1422 637 1469 Hoc
668 1419 716 1483 ert]
735 1425 823 1479 Coram,
842 1422 867 1469 id
884 1433 928 1479 eet,
944 1433 1097 1486 praesentem,
1110 1432 1135 1471 et
1148 1440 1231 1473 coram

72 1498 120 1544 est,
134 1486 295 1543 vehementia,
308 1486 373 1533 nulla
385 1486 464 1550 palam
481 1487 582 1534 ratione.
604 1487 635 1534 D.
668 1486 841 1550 praesentibus:
862 1498 887 1534 et
895 1504 969 1535 coram
981 1488 1076 1551 indiget
1082 1490 1229 1551 adjectione:

70 1554 193 1600 —Omner
204 1555 285 1614 quitur
293 1549 342 1614 rer]
357 1551 505 1599 Menander:
518 1552 637 1599 Ellrtcrm
666 1554 744 1613 polam
756 1566 805 1599 non
822 1551 923 1615 indiget.
952 1553 985 1601 Et
995 1569 1077 1611 eorem,
1090 1554 1120 1601 ad
1131 1566 1231 1603 caeterae

71 1616 174 1677 ἀτυχῶν
181 1615 248 1664 ἐστὶν
259 1615 377 1679 ἄνθρωπος
388 1613 466 1675 φύσει.
488 1616 516 1663 1..
670 1616 757 1677 (certae
770 1616 817 1664 Ma
827 1616 854 1664 B.
864 1626 889 1664 et
898 1617 951 1664 edd.
960 1627 1018 1665 vett
1027 1628 1084 1665 ante
1092 1619 1122 1665 R.
1132 1619 1230 1683 Steplr.)

109 1684 280 1743 15.Acclpiunt
291 1680 377 1743 magia]
392 1681 457 1729 Mire
469 1679 577 1729 additum
587 1698 635 1728 mc·
669 1696 786 1745 personae
797 1682 913 1729 refertur:
929 1686 1015 1743 palma
1030 1683 1178 1745 generaliter
1191 1684 1229 1733 di-

67 1751 127 1809 gie:
146 1762 220 1809 quum
233 1746 310 1809 poerit
324 1760 411 1793 censue
427 1746 637 1794 eteinehoeesse
669 1747 740 1794 citur.
761 1745 860 1793 D.—ln
883 1746 1001 1794 Bembino
1021 1758 1059 1795 est
1080 1764 1155 1796 corma
1176 1752 1230 1810 ipri,

70 1814 178 1873 integer.
204 1810 236 1859 D.
670 1812 692 1859 lt.
705 1827 726 1859 e.
739 1810 817 1859 matri
842 1810 890 1858 Sed
907 1811 1123 1860 omneealiicodd.
1136 1823 1161 1860 et
1175 1814 1230 1862 edd.

109 1878 148 1924 16.
160 1879 259 1938 Propter
269 1892 332 1923 ruam
343 1873 509 1939 impotentiam]
528 1875 636 1923 infirmi·
670 1886 728 1923 vett.
751 1876 842 1925 rectius
864 1876 954 1923 habent
981 1894 1056 1924 cerem
1073 1881 1136 1938 ipsit,
1160 1878 1185 1925 h.
1208 1894 1230 1926 e.

71 1950 158 1990 tatem.
184 1941 215 1988 Et
232 1956 316 1989 rursus
332 1940 583 1989 noluithumilitatem
596 1950 638 1988 aut
669 1952 747 1989 matre
765 1949 791 1988 et
808 1940 910 2003 virgine.
936 1940 1001 1988 Nam
1016 1942 1137 2004 virginem
1151 1942 1232 2007 ipram

72 2006 199 2055 miseriam
210 2006 297 2053 dicere.
311 2008 414 2069 Negligi.
428 2004 529 2067 Legitur
541 2007 636 2053 etclca·
670 2020 720 2053 non
738 2004 835 2067 alloqui,
854 2020 903 2052 non
922 2005 994 2053 modo
1016 2021 1065 2053 non
1088 2007 1231 2071 placabilius

71 2075 129 2119 ciere
147 2084 172 2119 et
188 2074 324 2119 claudicare.
349 2069 480 2118 D.—lllud
491 2073 577 2132 negligi
591 2070 637 2117 Fa·
670 2070 764 2126 fuisset,
782 2070 826 2118 aed
843 2080 869 2117 et
887 2070 1093 2131 contumeliosius,
1117 2087 1189 2134 quam
1208 2072 1231 2121 ri

72 2136 227 2185 emorieum
239 2146 277 2183 eet
289 2134 471 2192 nimirlere,et
486 2136 516 2183 ab
528 2134 638 2183 hocloco
671 2151 716 2183 nec
728 2144 830 2183 matrem
842 2134 948 2183 adiisset
974 2136 1002 2184 B.

72 2202 192 2249 alienum.
216 2200 296 2263 Igitur
314 2216 370 2248 cum
388 2200 414 2247 in
433 2199 551 2248 Bembino
568 2199 637 2247 inve·
705 2202 743 2248 18.
756 2203 790 2248 Et
803 2208 908 2258 recteet
922 2218 1000 2248 cerum
1016 2200 1088 2264 dicit]
1107 2203 1183 2260 Recte,
1198 2200 1231 2250 ad

72 2266 141 2315 uerit
168 2268 278 2323 claudier,
302 2264 415 2329 opinatur
442 2274 486 2321 eet,
514 2274 637 2313 auctorem
671 2264 855 2314 verberetulitt
872 2282 955 2322 certam
971 2264 1002 2313 ad
1018 2277 1157 2329 temetque
1174 2282 1231 2315 eeu-

72 2330 212 2396 ecripaieee,
234 2334 327 2387 eolricr,
346 2323 370 2377 h.
383 2345 404 2377 e.
428 2329 515 2393 decipi.
545 2330 638 2379 Verum
671 2330 780 2378 tentiam.
798 2330 1162 2379 Poteetenimrecteetfalsum
1173 2332 1230 2391 dici,

70 2396 119 2445 hoc
131 2399 194 2444 calci
205 2394 275 2443 nobis
284 2411 333 2443 non
344 2395 431 2459 placet.
453 2394 562 2442 Primum
573 2394 638 2457 quod
669 2394 801 2443 dummodo
809 2394 877 2442 nullo
886 2394 946 2443 vitio
953 2397 1082 2444 verborum
1091 2396 1231 2445 nominum-

71 2460 309 2526 plerumqueaetive
321 2460 451 2524 significat,
462 2458 635 2521 ,nuthet-ide-
670 2474 718 2523 que
732 2460 840 2515 dicatum
858 2475 996 2522 quanquam
1009 2470 1034 2508 et
1050 2460 1131 2524 iprum
1147 2461 1231 2511 fallere

71 2531 157 2589 cipere.
173 2525 272 2574 Deinde
283 2526 347 2588 quod
358 2540 414 2573 cum
426 2524 522 2588 praeire
531 2524 637 2572 occurrit
668 2524 695 2573 in
707 2536 823 2589 tempore,
836 2523 934 2587 quidam
947 2525 978 2573 de
989 2524 1075 2573 officiis
1088 2526 1230 2586 renitenter,

70 2607 118 2655 pro
130 2594 216 2653 decipi,
222 2600 273 2639 tum
284 2589 429 2654 simpliciter
435 2589 560 2653 accipitur,
569 2588 637 2637 nulla
668 2598 754 2638 rectem
767 2599 861 2653 putent.
885 2590 916 2637 D.

71 2654 635 2718 additaccrrtttmcliaerignifioatione,quemTe·
705 2656 724 2703 l.
743 2656 877 2703 Discrucior
887 2653 971 2718 animi]
990 2655 1046 2702 Hoc
1063 2653 1118 2703 loco
1138 2673 1231 2719 χαρακ-

70 2721 148 2770 rentii
159 2720 229 2769 locus
240 2720 353 2783 portulat.
386 2718 634 2783 igiturricoleicril-
667 2718 844 2782 ripaementie
854 2718 949 2767 modice
968 2721 1107 2781 (inmodice)
1123 2721 1230 2782 jurenie,

69 2786 115 2835 lud
125 2785 260 2849 sequimur,
272 2800 358 2833 renem
368 2784 415 2833 loci
427 2794 464 2833 eet
475 2784 522 2841 hic,
538 2786 567 2832 Se
577 2800 635 2832 tem·
668 2794 694 2831 et
710 2784 777 2832 eenie
792 2783 851 2832 facit
865 2783 1023 2847 indulgentie,
1041 2800 1069 2832 ac
1087 2784 1232 2849 lepidissimi

68 2868 113 2913 per
134 2852 233 2899 credent
252 2866 337 2907 errore,
353 2848 412 2911 solii
434 2852 544 2911 opinione,
561 2851 637 2910 decipi
667 2849 752 2913 patria
777 2851 910 2897 Diemucior
920 2849 1005 2912 animi]
1021 2848 1231 2901 ’Anmdioctrd-

70 2932 157 2965 «ποτε.
177 2915 250 2969 Quod
267 2924 291 2963 et
307 2914 394 2963 falsum
406 2924 451 2971 eet,
463 2924 489 2961 et
499 2929 514 2961 a
525 2912 636 2962 Terentii
668 2928 743 2977 gura:
761 2924 796 2971 ut,
807 2914 866 2961 AEn.
877 2913 967 2962 xiiia.
987 2916 1007 2962 0
1022 2923 1136 2975 praetant
1151 2920 1231 2965 aetat

70 2980 125 3029 loco
134 2994 237 3045 proreur
245 2979 359 3028 alienum.
379 2978 466 3041 Itaque
473 2977 586 3041 equidem
596 2994 636 3025 re-
668 2980 758 3027 Hociee
768 2981 796 3026 de
806 2982 926 3041 imprevko
936 2977 1004 3042 maii]
1024 2980 1085 3027 Hac
1102 2981 1176 3030 verba
1191 2996 1231 3030 re·

70 3045 217 3110 ponendum
229 3059 282 3092 enee
292 3059 380 3092 censeo
391 3044 508 3101 lodicula
521 3058 541 3091 e.
554 3042 635 3091 ludifi·
668 3044 772 3107 peutiuo
787 3043 878 3091 nuncio
911 3044 1033 3094 erculeum
1049 3044 1159 3094 indicant
1172 3046 1231 3096 Εε-

71 3112 130 3169 cari,
144 3121 171 3159 et
187 3108 254 3158 tusis
268 3108 394 3185 promireir
404 3108 492 3171 decipi
521 3108 587 3155 Nam
602 3107 637 3156 ita
669 3108 770 3157 chinum
780 3119 881 3173 propter
891 3059 1023 3158 dvordum
1034 3118 1112 3158 itere:
1129 3120 1155 3159 et
1170 3112 1233 3161 iram

71 3176 196 3239 quadrant
212 3189 300 3231 omnia,
317 3184 342 3221 et
358 3176 497 3223 emtumclie
513 3172 639 3221 notionem
671 3173 737 3221 circa
747 3189 774 3222 ee
786 3175 908 3231 Sostrate,
921 3184 947 3222 et
957 3177 1010 3236 ejus
1020 3174 1078 3223 ffliae
1091 3175 1122 3224 ob
1133 3188 1232 3241 raptum

71 3256 156 3289 recum
166 3250 263 3303 gerunt
293 3240 375 3301 Atque
386 3254 442 3286 eum
451 3238 478 3286 iu
490 3247 548 3286 vett.
562 3252 637 3286 mern-
671 3238 814 3289 meretricie.
840 3236 929 3303 objici]
950 3239 1067 3303 Proprie;
1085 3240 1231 3307 quiainopi·

70 3305 156 3354 brania
167 3306 276 3352 claudere
287 3303 337 3351 lere
346 3304 467 3352 scribatur
478 3306 576 3359 cludere,
585 3302 638 3366 opi·
671 3302 749 3351 nanti
778 3304 844 3352 Nem
864 3304 933 3365 objici
948 3304 1039 3353 dicitur
1056 3303 1082 3353 in
1105 3316 1232 3369 utramque

70 3386 117 3419 nor
128 3371 156 3419 in
168 3369 289 3417 Bembino
304 3368 378 3417 fnisse
394 3371 498 3416 cludierr
515 3368 580 3431 quod
597 3382 637 3415 or·
670 3379 779 3431 partem:
798 3378 832 3424 ut,
844 3369 866 3417 ei
875 3383 935 3432 quoe
942 3378 999 3417 ante
1010 3369 1064 3431 quir
1075 3369 1149 3426 ridet,
1158 3387 1232 3433 quam

70 3446 125 3484 tum
143 3446 184 3483 eet
206 3448 238 3482 ex
258 3444 341 3482 noetro
360 3436 442 3482 ludier.
472 3434 638 3481 B.-0redmtt
670 3433 862 3498 exspectaverit:
881 3449 929 3496 quo
943 3434 1018 3482 verbo
1034 3434 1232 3497 magnitudodo·

69 3503 160 3563 negligi
199 3498 240 3547 Sic
262 3498 311 3548 lere
330 3513 415 3547 omner
435 3499 497 3547 Mar.
517 3497 586 3546 codd
611 3497 637 3545 iu
669 3497 729 3546 lorir
740 3498 877 3547 ostenditur
888 3514 919 3546 ex
929 3498 1231 3561 improvieoincommodo.

69 3580 140 3613 noun
178 3564 199 3612 ie
211 3574 292 3611 tamen
304 3566 407 3611 claudier
415 3572 458 3611 eet.
486 3561 636 3626 Videripos·
670 3562 1231 3625 D.—Deliberantem,quidiaciatrdolercene,

69 3641 117 3687 eet,
129 3628 258 3694 ecripeirre
273 3628 425 3685 Terentium,
441 3644 466 3677 ee
481 3631 577 3676 credunt
587 3629 636 3675 cal·
669 3627 786 3677 convenit
796 3643 857 3675 enus
873 3628 961 3692 puellte
976 3630 1028 3690 eJ'ue
1043 3644 1115 3691 quem
1129 3628 1232 3679 vitiavit.

70 3698 135 3743 m'er:
148 3705 177 3745 nt
188 3694 214 3742 in
226 3693 270 3741 xii.
279 3693 355 3741 Tabb.
380 3696 406 3741 Si
415 3696 521 3750 calvitur,
529 3695 636 3755 pedemve
669 3693 709 3741 Ab
721 3708 750 3741 ea
764 3692 890 3756 comperit,
902 3691 967 3755 quod
981 3693 1124 3755 cognoverit
1135 3693 1231 3743 AEechi-

69 3764 150 3807 etruit.
177 3758 360 3821 Sedrulgatam
372 3758 501 3807 lectionem
517 3758 636 3806 veriorem
669 3772 729 3806 num
738 3757 891 3806 meretricem
903 3756 1021 3820 rapuisse,
1031 3772 1086 3805 cum
1095 3758 1180 3821 utique
1191 3776 1233 3809 ra·

70 3835 141 3888 puto.
171 3822 323 3872 Menander:
342 3820 512 3885 nptstrma
528 3821 636 3871 lemlrl
668 3822 752 3887 puerit
760 3822 843 3871 fratri:
862 3820 946 3886 opinio
957 3832 1002 3880 est,
1012 3822 1077 3884 quod
1088 3822 1134 3870 sibi
1149 3823 1232 3887 potine

70 3886 147 3948 rime
164 3888 218 3937 tert
234 3884 371 3949 πράγματα·
393 3886 439 3935 liai
454 3885 546 3937 ederae
562 3888 636 3935 αὑτοῦ
667 3886 783 3951 rapuerit.
814 3886 941 3935 Deliberat
951 3901 1009 3949 ergo
1021 3887 1078 3949 quid
1091 3899 1155 3951 aget,
1167 3892 1233 3953 quod

72 3954 233 4017 καταφρονεῖν
242 3949 423 4012 ὑπολαμβάνει·
436 3953 465 4000 L.
668 3962 737 4001 tanta
746 3951 854 4015 euspicio
865 3952 896 4000 de
915 3966 942 3999 ee
958 3951 1080 4009 inciderit,
1092 3954 1156 4016 quod
1173 3956 1232 4006 Soe-

109 4020 146 4069 17.
159 4022 303 4079 Quapropter
309 4027 332 4065 te
339 4020 411 4078 ipram
420 4016 533 4081 purgare]
547 4016 637 4064 Utrum
670 4026 733 4065 trata
749 4016 839 4092 puelle
854 4027 932 4064 mater
949 4017 1040 4075 credat,
1059 4018 1106 4068 eibi
1121 4020 1233 4083 rapuirre

74 4090 97 4131 te
105 4086 188 4145 ἐμω,
200 4096 315 4146 unaperr
324 4080 441 4130 orationis
450 4083 499 4131 eitl
517 4097 549 4129 en
558 4080 637 4129 divite
670 4081 817 4130 AEechtnum
833 4080 994 4139 meretricem,
1006 4083 1052 4131 hoe
1063 4083 1128 4146 quod
1139 4086 1234 4135 audivit

74 4146 261 4213 accipiendum?
282 4156 311 4197 ut
321 4146 361 4205 eit,
372 4154 394 4196 te
407 4146 549 4205 Micionem,
563 4149 638 4208 iperet
669 4161 701 4195 ex
721 4162 770 4195 anu
792 4146 903 4209 quadam.
936 4146 1098 4198 E.-Primus
1123 4148 1233 4201 Faernue
