2834 4759
625 174 918 245 ,ΤΕΒΕΝΤΙΙ
1021 265 1025 271 ¹
1189 174 1311 259 [nctus
1326 193 1363 236 v.

402 394 596 470 ACTUS
630 392 849 477 QUINTI
884 390 1076 465 SCENA
1103 389 1155 465 ΙΙ.

514 582 682 631 CHAEREA·
720 579 838 628 Tnnls.
876 578 1041 632 Pratitas·

286 706 389 771 Aeuo
405 704 629 789 Antiphonem
642 714 793 787 uterque,
806 712 910 767 mater
924 712 958 766 et
972 713 1079 786 pater,

288 806 395 881 Quasi
410 805 522 869 dedita
536 826 646 889 opera,
662 803 750 868 domi
764 811 869 877 erant,
884 811 922 865 ut
935 800 1024 866 nulio
1038 802 1136 865 modo

288 902 428 967 Introire
443 924 585 988 possem,
601 902 679 986 quin
695 900 843 964 viderent
856 921 927 963 me:
951 899 1079 963 interim

290 1000 381 1064 Dum
396 1010 471 1065 ante
487 1001 604 1063 ostium
619 1010 682 1076 sto,
697 1006 795 1062 notus
809 994 888 1060 mihi
902 996 1035 1079 quidam
1049 997 1177 1061 obviam

264 1110 279 1155 t
291 1096 411 1162 Venit:
436 1099 492 1162 ubi
506 1096 584 1173 vidi,
599 1107 729 1181 egomet
743 1097 777 1159 in
792 1094 906 1177 pedes,
922 1104 1080 1177 quantum
1093 1116 1191 1179 queo,

290 1191 331 1256 In
346 1192 553 1275 angiportum
567 1190 733 1273 quoddam
747 1191 931 1265 desertum:
955 1192 1031 1256 iude
1044 1193 1123 1257 item

290 1288 330 1353 In
345 1288 445 1366 aliud,
460 1288 536 1353 iude
553 1288 586 1352 in
601 1285 706 1352 aliud:
730 1288 776 1352 ita
789 1288 987 1353 miserrimus

290 1387 355 1452 Fui
367 1386 551 1471 fugitando,
567 1406 608 1449 ne
624 1386 696 1469 quis
712 1407 763 1450 me
779 1396 1001 1470 cognosceret.

293 1483 361 1548 Sed
376 1494 469 1548 estne
484 1481 555 1547 haee
571 1479 688 1559 Thais,
704 1505 802 1566 quam
816 1485 933 1549 video?
956 1484 1087 1569 ipsa’st:
1110 1483 1231 1560 haereo,

250 1595 280 1640 lo
292 1582 384 1655 Quid
398 1580 535 1645 faciam?
558 1580 638 1664 quid
653 1586 725 1644 mea
740 1586 869 1647 autem?
892 1582 972 1666 quid
987 1581 1085 1647 faciet
1098 1580 1197 1646 mihit

290 1678 360 1744 Tu.
376 1676 562 1743 Adeamus:
586 1678 672 1744 bone
687 1679 735 1743 vir
750 1678 854 1757 Dore,
871 1679 974 1757 salve,
997 1680 1051 1744 dic
1064 1679 1154 1757 mihi,

240 1834 261 1879 1.
279 1834 350 1893 Apud
366 1832 517 1892 Antiphonem
533 1828 641 1893 uterque]
660 1829 769 1878 Rediens
801 1831 883 1879 vicum
895 1844 945 1878 non
955 1829 1076 1894 pervium,
1087 1829 1152 1877 viam
1166 1827 1290 1892 publicam
1303 1827 1375 1890 (Au-

206 1897 232 1945 in
245 1896 358 1944 viciniam
369 1910 447 1952 suam,
459 1908 556 1942 mittam
567 1894 649 1944 reddit
660 1894 769 1952 cuma,
799 1898 906 1959 giportee
911 1911 966 1957 ergo
976 1897 1055 1942 estote
1061 1896 1164 1956 publiea,
1173 1892 1227 1940 edd.
1235 1892 1300 1941 Veu.
1309 1910 1376 1943 etim

205 1958 563 2009 curnonmutuveritreetem.
596 1958 769 2023 Oportuiteu-
802 1960 852 2009 Ma
869 1959 902 2007 Η.
933 1959 982 2006 Sed
997 1958 1068 2015 t'orte,
1086 1961 1239 2021 Angiportunt
1258 1960 1376 2006 dioehnt

207 2035 265 2083 tem,
288 2034 314 2073 et
335 2024 366 2071 de
388 2022 533 2072 necessitate
555 2022 692 2085 argumenti
715 2021 769 2082 tait,
801 2027 875 2072 noun
887 2027 999 2085 perunna
1010 2025 1047 2071 oet
1055 2026 1116 2070 man
1128 2038 1173 2070 non
1180 2023 1318 2084 mittem).
1339 2024 1377 2069 1·

207 2089 332 2163 Chaeream
351 2102 400 2164 non
416 2096 523 2136 muusse
539 2096 647 2161 restem}
668 2096 696 2135 ut
713 2102 769 2135 eum
802 2092 947 2162 angiportum
962 2090 1075 2150 quondan
1085 2084 1212 2149 tamtan]
1230 2086 1317 2143 Deest,
1329 2086 1375 2134 tu-

205 2151 770 2279 tiiietttiittttittttttziz
800 2149 1377 2278 mitissimum&

207 2290 257 2329 mm
268 2281 412 2337 intueretur,
420 2294 476 2328 eum
486 2294 555 2328 reum
564 2279 656 2328 vitiatae
667 2279 770 2343 virginis
803 2296 857 2329 eum
877 2283 892 2313 ⁵
905 2280 950 2340 (In
970 2288 1058 2328 neutro
1078 2280 1146 2328 Meto
1167 2279 1262 2328 lacuna.
1293 2279 1378 2327 Forte

206 2354 311 2410 putaret.
345 2347 417 2405 Apud
431 2346 583 2405 Antiphonem
592 2343 663 2400 dixit,
698 2359 726 2391 ro
742 2344 769 2390 in
801 2344 946 2393 exciderunt
968 2345 1055 2400 verbu
1091 2348 1160 2407 peasa·
1185 2345 1377 2407 mgutpornn).

207 2409 279 2458 domo
290 2411 349 2471 ejus.
382 2410 489 2471 Uterque,
498 2416 602 2456 memet
609 2358 769 2470 pateriNon,
803 2408 868 2457 Nam
879 2408 966 2472 unguis
977 2407 1049 2456 modo
1060 2408 1173 2457 flectitur.
1194 2408 1224 2456 R

207 2484 309 2536 uterque
321 2482 398 2536 pater,
410 2482 436 2521 et
447 2480 549 2534 utraque
558 2480 643 2530 mater,
653 2473 696 2520 sed
705 2480 770 2520 uter·
835 2471 858 2523 7.
875 2474 916 2521 Ita
926 2476 1066 2521 ninnium
1070 2471 1112 2533 sut
1116 2471 1257 2535 fugitando]
1279 2472 1311 2520 ld
1323 2484 1377 2531 eet,

207 2554 250 2600 pua
268 2553 371 2600 paream
398 2536 454 2599 quit
475 2535 526 2597 (qut
540 2544 574 2584 eet
595 2535 637 2595 Ζ.)
657 2544 728 2599 pater
745 2545 772 2584 et
802 2536 925 2611 fatigatus,
943 2536 1029 2593 lassus,
1041 2545 1067 2585 et
1083 2536 1214 2599 languidus
1232 2550 1297 2593 rum,
1309 2536 1378 2586 dum

208 2611 292 2650 meter.
313 2598 772 2662 D.-ApodAotiptonen]Hteosoent
803 2602 878 2664 fugio.
907 2601 941 2650 Et
956 2600 1060 2649 bonate
1074 2601 1166 2649 locutio
1177 2610 1227 2649 eet:
1246 2609 1282 2659 ut,
1298 2605 1378 2650 nim

207 2664 351 2727 injuriarum
374 2664 495 2713 actionem
516 2673 597 2719 tenete
623 2679 692 2712 reum
713 2664 772 2713 tacit
803 2668 1115 2722 modomeitereemndn
1139 2666 1171 2714 D.

208 2730 335 2778 Choeream
358 2729 475 2777 meretrix
496 2727 607 2789 injurie,
633 2739 660 2776 at
681 2728 723 2777 ille
744 2744 771 2777 ee
837 2732 859 2777 8.
872 2727 1179 2792 Nequisoteeognoeeeret]
1197 2728 1376 2794 Notaimpro-

208 2794 299 2842 veniali
315 2802 381 2841 statu
415 2802 487 2854 urget
497 2792 589 2851 diceus,
606 2808 640 2850 se,
653 2793 718 2855 quod
735 2794 770 2840 fe-
803 2791 969 2858 priediorum,
981 2808 1027 2857 pro
1036 2802 1176 2856 agaunensi-
1200 2793 1232 2841 D.

208 2857 276 2915 uerit,
294 2872 377 2906 amore
396 2808 490 2904 daciae.
524 2857 559 2904 At
577 2856 657 2920 primo
673 2857 772 2919 quidem
837 2860 860 2907 9.
878 2860 924 2906 Sed
938 2865 1000 2906 ettae
1017 2860 1066 2906 taea
1085 2860 1164 2917 state,
1181 2875 1250 2921 mane
1269 2860 1376 2923 uident]

209 2922 444 2985 mantuanorum
461 2929 554 2969 mutata
564 2929 632 2969 veste
650 2935 716 2969 nuno
728 2936 771 2969 ve·
804 2921 957 2986 iampridem
973 2922 1027 2986 ipae
1044 2922 1119 2980 visua
1135 2938 1201 2971 nunc
1211 2922 1321 2987 primum
1333 2924 1377 2971 vi·

208 2986 280 3035 uerit.
304 2985 334 3035 E.
522 3014 530 3021 -
805 2987 854 3035 det.
877 2986 974 3049 Haereo]
989 2987 1103 3035 lnoertue
1113 3002 1228 3035 remaneo
1238 2988 1377 3049 etqnede·

242 3054 264 3100 2.
284 3053 357 3103 Qaaat
367 3052 447 3099 dedita
460 3052 599 3125 operationi
615 3048 694 3113 narrt]
714 3050 773 3097 Non
805 3050 874 3114 figor.
898 3050 996 3099 Primus
1017 3061 1097 3100 metus
1119 3051 1206 3099 adimit
1223 3051 1376 3100 eonsilium:

210 3124 260 3163 tam
271 3115 368 3173 mirum,
380 3114 402 3163 si
413 3114 479 3163 domi
490 3124 575 3165 eraut:
594 3113 709 3163 redillud
720 3129 771 3161 ma·
804 3115 847 3163 aed
864 3114 1000 3177 recognitio
1018 3114 1177 3178 (recogitatio)
1193 3115 1275 3164 reddit
1292 3116 1379 3165 aonu-

209 3178 248 3241 gis
272 3178 369 3236 mirum,
392 3177 457 3240 quod
483 3177 509 3225 in
531 3193 561 3226 ea
583 3178 669 3226 domus
693 3187 772 3242 parte,
804 3179 920 3227 dentiam.
946 3179 978 3228 Ι).

210 3258 258 3305 qua
267 3242 293 3290 in
305 3243 370 3291 uides
384 3241 558 3291 introeundum
569 3253 622 3290 erat
632 3242 773 3291 adolescen·
840 3246 877 3291 to.
891 3243 955 3297 Quia
963 3243 1128 3307 manunt]
1140 3243 1240 3307 cattigit
1248 3259 1378 3295 πωπω

210 3306 269 3356 tulo.
294 3307 325 3354 D.
805 3308 837 3357 ad
847 3308 1025 3372 impudentiam
1037 3309 1146 3357 Chaerea.
1163 3309 1198 3356 Et
1208 3308 1271 3365 vide,
1283 3308 1308 3357 si
1321 3324 1377 3358 non

243 3372 265 3418 8.
288 3373 320 3418 Ut
330 3372 392 3418 nullo
402 3372 466 3418 nodo
476 3372 572 3418 introire
581 3369 681 3433 metm]
693 3370 772 3434 Supe-
805 3372 890 3421 edem
901 3372 1047 3422 ostendatis
1057 3373 1084 3421 in
1095 3374 1266 3435 cumque
1276 3372 1305 3421 in
1317 3388 1377 3423 stre.

209 3435 262 3483 rius
272 3450 346 3483 musa
356 3434 504 3489 continetur,
516 3448 560 3481 cut·
576 3448 626 3481 non
642 3435 774 3482 mutaverit
804 3436 919 3500 aipiendo
939 3436 1046 3485 uanam
1064 3437 1118 3485 fuit.
1147 3437 1182 3485 Et
1203 3438 1375 3496 ἐλλειπωῦς,

210 3508 319 3547 vestem:
337 3498 440 3546 inferius
451 3510 541 3555 autem,
552 3512 597 3545 our
607 3498 655 3546 huo
665 3498 772 3547 redierit.
805 3504 863 3564 qnid
871 3517 922 3548 noa
932 3505 1027 3550 natm?
1046 3500 1110 3554 Quia
1118 3499 1195 3563 saciet
1204 3500 1294 3565 nott]
1317 3504 1379 3566 Op·

213 3566 275 3615 Qto'n
292 3566 394 3613 riderent
413 3560 461 3624 me]
485 3564 545 3615 otta
564 3562 644 3621 modo,
663 3578 774 3627 proquo
806 3565 1121 3628 portuueeeeouflrmarit,
1136 3566 1226 3626 quiesi
1240 3566 1376 3615 extimuis-

212 3627 300 3677 minut.
325 3628 356 3676 D.
807 3639 846 3678 set
856 3638 883 3677 et
897 3629 1006 3692 fugisset,
1018 3629 1081 3678 nihil
1090 3630 1185 3695 nuptia
1194 3644 1376 3695 promoveren-

244 3695 266 3741 t.
279 3694 342 3741 Dum
353 3690 775 3756 anteoett'mottoJAntiphonissci-
807 3704 854 3742 tur.
879 3694 911 3741 D.

210 3756 276 3806 lieet.
321 3758 397 3808 Notus
413 3758 470 3803 ntor
486 3758 580 3817 quidam
595 3759 682 3805 ὠνήσω
698 3756 774 3819 uenit]
843 3759 879 3805 ll.
892 3760 955 3807 Bou
965 3758 1092 3822 ainbore]
1112 3758 1169 3807 Hoo
1180 3758 1377 3822 mtunflgarau

211 3823 252 3871 An
269 3829 349 3879 notus,
361 3820 403 3884 qui
420 3835 460 3868 me
476 3829 559 3883 posset
574 3823 725 3883 agnosceret
743 3836 775 3869 tu
808 3820 878 3879 dixit,
887 3831 917 3871 ut
926 3822 1051 3879 meretrix,
1064 3834 1090 3871 et
1097 3822 1316 3873 anonumum
1327 3826 1378 3873 ecit

211 3886 253 3949 qui
264 3901 304 3935 me
316 3885 420 3941 noverit,
431 3884 457 3934 id
469 3893 514 3939 est,
525 3883 637 3932 amicust
662 3886 693 3933 D.
807 3886 934 3935 charam
951 3902 1005 3935 eree
1021 3901 1095 3949 quem
1109 3886 1312 3949 adequitantem
1329 3904 1389 3937 eu·-

245 3953 267 3999 6.
282 3947 476 4015 Quantumque]
494 3949 571 3997 Deest
582 3946 625 4011 (Id
635 3958 671 3997 eat
682 3947 725 4010 Z.)
735 3965 774 3997 oe·
807 3951 922 3999 nucitum.
941 3952 975 3999 Et
984 3951 1025 3999 hic
1036 3965 1125 4015 magne
1135 3951 1231 4000 oootsio
1238 3952 1314 4000 datter
1321 3969 1375 4002 me·

213 4017 297 4064 ioer'ter.
317 4015 477 4063 D.—0mnet
488 4012 544 4061 libri
553 4020 609 4061 vett.
617 4012 713 4071 vitiose,
722 4030 774 4077 ego·
807 4014 890 4063 rotrici
901 4015 1006 4064 adeundi
1022 4015 1191 4072 adolescentie,
1202 4016 1246 4078 qui
1259 4016 1376 4067 haoimra

212 4076 776 4205 ”atittaztttuiiiwt'iit‘
807 4079 1376 4208 mtt'tittittffltttt

763 4168 774 4181 “
1091 4178 1098 4202 o
1172 4178 1179 4201 r

213 4216 252 4254 tus
281 4205 453 4255 iceetnullus.
477 4205 506 4254 B.
807 4207 944 4270 objurgatio
960 4218 1062 4272 esaper
1076 4207 1375 4259 heneditsimulttionem

247 4269 269 4317 θ.
287 4271 316 4317 1n
326 4268 483 4331 mrgiportum]
501 4269 566 4317 Vide
583 4268 652 4317 illum
671 4286 720 4319 non
736 4270 773 4319 vi·
807 4272 1034 4321 Thaidiettdvertus
1045 4271 1375 4335 emmunitatem

214 4342 277 4382 teste
296 4333 342 4380 sub
358 4348 408 4380 unt
422 4332 530 4382 clausula
547 4332 585 4382 bie
603 4336 628 4381 in
644 4333 733 4392 dicere,
750 4337 775 4382 t'n
806 4335 841 4393 id,
855 4337 921 4397 quod
931 4346 1003 4394 esta
1020 4336 1101 4400 pellet.
1125 4337 1256 4387 D.-Bou
1267 4341 1375 4396 vinno·

211 4399 485 4458 pedee,t'nangiportun.
503 4398 775 4459 Angiportundicebant
807 4398 845 4463 ra]
865 4399 981 4464 fingite
1016 4416 1046 4451 tte
1065 4400 1182 4453 meretrix
1201 4400 1272 4451 illum
1293 4418 1374 4453 eunu-
