2834 4759
280 218 338 283 DE
356 216 592 283 memmi
613 218 668 282 ET
689 220 912 284 confflem.
1113 226 1168 285 air

37 350 151 413 luitis:
175 360 377 432 putemus,
399 354 439 411 sb
457 350 603 431 digrritste'
625 367 826 432 prouentum,
850 365 883 413 et
902 351 1007 413 launa
1029 352 1169 415 hismriss

35 434 178 505 Arusianus,
193 448 211 493 s
225 433 345 493 eimute
357 430 538 513 campanies,
549 434 599 493 nbi
613 434 742 493 actitatae
752 433 964 513 morplurius
976 456 984 493 ε
1004 434 1169 514 libyntoni·

37 534 85 585 ns,
101 517 136 575 sir
153 516 263 575 sotoris
280 514 414 575 nomme:
440 514 628 583 tsbemsriss,
642 516 680 573 sis
693 515 857 574 humilitate
870 517 1034 595 argumenti
1047 530 1078 575 et
1090 514 1169 575 suli:

36 597 133 665 nisos,
150 598 188 655 sb
211 596 350 655 diuturna
370 596 531 656 imitatione
551 594 652 655 vilium
672 611 771 655 rerum
789 608 820 654 et
836 596 946 657 levium
965 616 1166 675 personarum.

36 676 104 736 inter
121 677 297 757 rrrgoedisrn
315 689 411 737 sotem
429 688 461 736 et
474 676 646 735 comediam
661 693 728 736 cum
742 676 843 745 mults,
858 690 920 737 turn
940 679 970 737 io
988 678 1091 756 primis
1110 676 1168 737 hoo

35 758 126 817 deut:
150 758 231 835 qnod
245 758 276 817 in
290 758 435 817 comedis
445 756 608 817 mediocres
621 758 748 817 rorem
766 758 924 828 bominum,
939 760 1022 837 perri
1039 759 1167 838 impetus

33 838 212 917 pecuniaque,
234 838 358 917 laetiqus
379 850 447 899 snut
467 838 564 898 exitus
583 839 740 898 actionum.
782 838 873 898 Atio
894 839 1048 919 tragoedis,
1070 840 1168 899 omnis

35 920 169 989 eontnns,
181 919 317 998 iungentes
325 938 468 997 personne,
479 919 577 997 magni
589 920 718 988 timores,
729 918 826 979 exitus
836 920 942 979 lisnesti
953 921 1105 979 habentur.
1128 920 1169 979 Et

35 998 261 1059 dlictsrbulents
310 998 663 1079 'ms,tranuillauitims.
699 999 734 1058 ln
748 1001 893 1077 tragoedis
906 1002 1054 1061 contrario
1067 1002 1170 1061 ordine

35 1098 72 1139 res
90 1092 222 1159 aguntur.
298 1100 346 1139 um
367 1081 448 1159 quod
467 1082 499 1141 io
520 1080 671 1158 trrgoedis,
692 1080 832 1159 iirgiends
851 1082 932 1151 vites
963 1082 993 1141 in
1013 1082 1169 1151 comoedis,

36 1162 193 1239 openends
206 1162 398 1241 exprimitur.
433 1162 594 1231 Postremo,
610 1162 689 1239 quod
703 1162 797 1223 omnis
811 1160 956 1221 oomoedis
972 1161 1010 1221 de
1028 1162 1105 1221 lictis
1122 1175 1169 1222 est

35 1242 210 1319 ugunentist
234 1242 382 1321 uegoedm
396 1259 475 1321 sepe
489 1244 527 1301 ab
540 1242 679 1301 hismrios
692 1242 751 1301 tide
765 1243 885 1321 petitor.
924 1244 1039 1303 Lerina
1059 1242 1168 1303 tabule

36 1324 113 1399 prino
123 1342 140 1383 ι
152 1323 240 1382 Livio
256 1323 428 1383 Andronico
441 1323 560 1401 scriptae
573 1336 651 1392 sunt,
667 1322 742 1381 adeo
759 1336 793 1381 ut
811 1324 848 1382 sd
866 1325 918 1382 hss
935 1340 983 1382 res
1000 1325 1088 1383 etiem
1106 1338 1169 1383 tum

38 1418 144 1463 ruentes
156 1405 238 1463 idern
253 1418 287 1464 et
300 1418 389 1482 poeta
401 1418 432 1462 et
441 1416 526 1463 sotor
539 1403 702 1471 tubulorum
722 1422 841 1462 suerum
855 1405 970 1464 inisset.
1005 1402 1169 1464 Comoedioe

43 1498 115 1543 snum
131 1486 271 1545 motoriae
294 1498 372 1555 sunt,
386 1498 438 1543 aut
450 1486 587 1554 statarius,
603 1499 653 1544 aut
665 1485 772 1545 mistae.
807 1484 956 1555 Motoriae,
971 1485 1169 1545 turbulente:

46 1567 149 1637 muria,
163 1565 352 1645 quietiores:
372 1566 478 1633 mistae,
491 1586 529 1624 es
544 1572 668 1645 utroque
686 1580 755 1625 ecto
773 1566 976 1625 consistentes.
1017 1565 1172 1627 Comoedia

45 1662 85 1721 ptr
102 1661 219 1724 quatuor
242 1662 346 1725 partes
367 1645 517 1715 dividitur,
537 1646 701 1725 prologum,
716 1647 855 1725 protasio,
873 1646 1006 1725 epitasin,
1027 1659 1168 1707 catastro-

43 1724 117 1801 plern
139 1728 293 1807 Prologus
307 1738 352 1786 est
364 1728 447 1787 velut
460 1728 594 1823 praefatio
608 1727 744 1805 quaedem
758 1726 882 1787 inbuite:
897 1728 927 1786 in
941 1748 1001 1807 quo
1014 1726 1079 1787 solo
1090 1728 1170 1797 licet,

41 1821 124 1881 preto
141 1820 356 1885 argumentum
377 1808 416 1867 eli
438 1806 487 1867 tud
507 1806 544 1866 ad
563 1806 714 1887 populum,
729 1806 777 1885 uel
794 1826 832 1866 ex
846 1821 951 1887 poetae,
966 1808 1012 1867 rel
1026 1826 1066 1867 ex
1079 1808 1172 1887 ipsius

40 1886 131 1959 isbnlm
144 1888 192 1948 vel
213 1890 389 1973 exactoris
408 1828 572 1958 cknmodo,
592 1886 682 1969 loqui.
725 1886 856 1947 Protesis
877 1889 989 1967 primus
1010 1904 1056 1949 est
1076 1903 1170 1961 actus,

40 1966 187 2048 initiumque
201 1970 360 2029 dramatis.
402 1968 531 2049 Epitaeis
547 1970 756 2028 incrementum
771 1990 984 2048 processusque
998 1970 1170 2030 turbarum:

40 2066 64 2105 es
74 2051 162 2119 totins,
176 2064 212 2109 ut
227 2051 273 2109 ita
287 2050 422 2119 dixerim,
436 2062 533 2109 motus
547 2050 665 2109 erroris.
697 2050 892 2128 Cstastrophe
906 2050 1059 2111 conversio
1073 2072 1171 2111 rerum

40 2144 72 2185 est
82 2132 113 2188 sd
120 2130 275 2209 jucundos
288 2131 396 2201 exitus,
411 2132 557 2209 patefacte
571 2130 681 2189 cunctis
695 2131 864 2208 cognitione
877 2144 1036 2209 gestorum.

67 2210 217 2271 'Gmdiu
232 2226 283 2271 est
296 2211 397 2270 fabula
411 2212 528 2271 diversa
547 2212 679 2269 instituta
693 2212 854 2279 continens,
869 2211 1085 2290 effectuumque
1100 2212 1172 2271 civi·

38 2288 92 2348 llnm
105 2314 135 2351 sc
147 2294 356 2371 privatorum:
378 2294 484 2369 quibus
499 2291 620 2351 discitur
634 2292 705 2369 qnid
718 2292 757 2350 sit
770 2292 800 2350 in
815 2292 875 2351 vitu
888 2292 969 2363 utile,
984 2292 1056 2372 quid
1070 2305 1174 2353 contre

37 2372 192 2433 enitendum.
228 2374 240 2405 ¹
252 2370 342 2433 Hane
356 2370 455 2433 Graeci
476 2374 517 2432 sic
531 2370 678 2442 definiere,
695 2376 899 2451 concluderis
914 2378 1053 2443 tomeun,
1068 2379 1109 2432 roi
1122 2400 1172 2433 so·

37 2456 120 2511 mous
130 2460 295 2531 πραγμάτων
312 2458 442 2515 tisiudvuor
462 2456 580 2529 περιοχὴ.
615 2452 801 2513 Comoediam
815 2474 879 2513 esse
893 2452 998 2513 Cioero
1012 2455 1061 2523 nit,
1077 2455 1172 2513 imila-

39 2532 118 2591 tuam
129 2536 208 2605 nites,
224 2532 371 2613 speculum
384 2534 598 2602 consuetudinis,
613 2532 764 2613 inraglnem
777 2532 914 2593 ueritatis.
942 2532 1105 2594 Comoediae
1119 2556 1172 2594 uu·

38 2618 83 2671 lem
101 2634 117 2673 ι
135 2636 217 2675 more
241 2616 364 2693 antiquo
388 2614 495 2675 dictae:
517 2616 586 2693 quie
606 2614 635 2672 in
657 2614 729 2674 vicis
751 2614 920 2693 hujusmodi
939 2615 1067 2673 earmina
1090 2614 1174 2676 initio

38 2696 187 2769 agebantur,
206 2694 293 2774 apud
314 2694 454 2755 Grrecos:
476 2710 509 2754 ut
529 2692 664 2753 initalia
684 2694 881 2773 compitaliciis
901 2694 1030 2766 ludicris,
1046 2694 1173 2755 admisto

38 2777 274 2851 pronunciationis
288 2772 416 2846 moduid,
431 2796 499 2855 quo,
514 2775 584 2835 dum
599 2791 680 2835 actus
695 2788 921 2844 commutentur,
934 2774 1078 2855 'populus
1099 2774 1174 2835 deti·

39 2847 168 2917 nebitur(
187 2858 258 2916 Aut
277 2860 328 2916 dri
347 2864 399 2916 τῶν
418 2866 516 2931 κωμῶν,
536 2858 592 2916 hoc
613 2870 667 2926 eet,
688 2857 725 2915 ab
740 2869 808 2916 uctu
822 2857 892 2916 vitre
905 2856 1065 2928 hominum,
1080 2858 1131 2937 qui
1144 2858 1175 2919 iu

39 2936 95 2993 vicis
106 2936 292 3006 habitabant,
307 2936 346 2996 ob
358 2936 589 2997 mediocritatem
603 2936 804 2996 fortunarum:
821 2958 879 2996 non
894 2938 925 2997 in
939 2935 1014 2997 eulis
1027 2938 1124 3017 regiis,
1140 2952 1174 2999 ut

39 3030 92 3077 sunt
102 3038 237 3097 personae
255 3016 385 3095 tragicae.
406 3016 559 3077 Comoedia
570 3038 650 3087 vero,
662 3018 731 3095 quia
743 3038 850 3096 poema
861 3020 916 3077 sub
929 3018 1089 3079 imitatione
1103 3020 1175 3079 vitre

41 3112 111 3173 etque
122 3121 239 3159 monim
256 3098 446 3158 similitudine
460 3100 652 3177 compositum
668 3113 722 3168 eet,
736 3098 766 3156 in
779 3113 865 3177 gestu
884 3112 915 3158 et
935 3100 1175 3177 pronunciatione

40 3180 160 3239 tumutit.
190 3175 380 3240 Comoediam
394 3180 473 3261 apud
484 3180 607 3239 Graecos
620 3179 742 3239 dubium
756 3181 877 3258 estquis
892 3181 1034 3239 invenerit
1046 3182 1175 3260 primus:

41 3258 905 3420 diffunditur,diffinierit?
913 3274 1176 3421 ,ttitlt‘itt

42 3421 179 3557 Zeuxim:
200 3444 259 3481 nec
276 3421 392 3500 injuria.
435 3413 511 3481 Nam
532 3436 567 3481 ut
586 3422 689 3481 intenti
710 3421 830 3500 speculo
851 3422 982 3480 veritatis
1002 3421 1177 3485 lineamenta

79 3500 111 3559 de
132 3522 183 3581 per
210 3503 354 3581 imagines
378 3502 561 3582 colligimus:
589 3503 630 3561 ite
653 3501 778 3562 lectione
802 3501 956 3562 comoediae
982 3504 1176 3564 imitationem

45 3580 99 3640 rirae
111 3582 389 3662 consuetudinisque
407 3603 466 3643 non
484 3582 636 3662 {egerrime
657 3583 923 3643 animadvertimus.
959 3582 1058 3664 liujus
1078 3598 1177 3645 sutem

45 3662 144 3739 originis
157 3666 234 3724 ratio
248 3666 286 3725 ab
301 3665 410 3723 exteris
426 3664 593 3723 civitatibus
607 3664 797 3741 moribusque
810 3664 953 3743 pervenit.
983 3663 1177 3727 Athenienses

45 3758 148 3823 nemque
161 3746 294 3805 Atticam
314 3744 512 3805 custodientes
533 3744 715 3823 elegantium,
735 3766 801 3803 cum
822 3744 931 3804 vellent
951 3745 1026 3804 mule
1045 3746 1176 3806 virentes
1234 3811 1239 3827 Ι

46 3836 136 3893 notare,
152 3828 181 3885 in
199 3828 282 3886 vicos
303 3840 334 3885 et
355 3826 481 3905 compita
500 3846 539 3884 ex
559 3826 695 3885 omnibus
715 3825 787 3885 locis
808 3825 869 3885 laeti
889 3825 1058 3904 alacresque
1078 3826 1175 3885 venie·

46 3900 118 3975 lent:
142 3906 243 3986 ibique
270 3928 338 3966 cum
360 3907 526 3966 nominibus
549 3906 731 3985 singulorum
756 3907 846 3966 vitam
869 3906 1076 3987 publicabunt:
1099 3908 1177 3967 unde

48 4000 133 4045 nonen
145 3988 349 4067 compositum,
363 4001 398 4047 ut
415 3987 564 4047 comoedis
577 3988 741 4047 vocaretur.
783 3984 860 4047 Haec
880 4000 978 4047 autem
999 3988 1128 4048 carmina
1147 3990 1177 4049 in

74 4150 195 4205 ¹cmuo
211 4166 245 4207 est
254 4154 354 4221 sobrio]
372 4156 403 4205 in
421 4156 482 4207 Mus.
500 4156 534 4207 sic
552 4166 589 4206 est
658 4156 669 4189 ¹
685 4158 755 4206 Hune
777 4159 853 4206 Graecs'
868 4161 902 4206 sic
924 4156 1042 4221 definiere]
1066 4156 1178 4208 Diomed.

51 4214 78 4261 Bt
93 4226 197 4270 mmo.
233 4224 348 4271 concedis
366 4232 402 4271 est
414 4221 452 4297 s...
472 4222 549 4298 Adeo·
561 4230 590 4271 ut
620 4222 703 4270 Grsm.
716 4219 756 4271 tiu
770 4222 858 4271 iiiubi
870 4223 1179 4299 eudemdclinituhsbetur,

50 4292 313 4401 ffitlgnsstiiistririi
330 4286 588 4402 gertqqltsquqtqqquq,
621 4287 946 4417 καὲῗοὶυπὶᾜιῖιξῧιΐῗ]
960 4288 1008 4405 tii
1016 4354 1179 4417 missotti·

52 4404 331 4533 mmm
352 4416 486 4531 ἕπωμαι
502 4418 590 4467 Donmi
621 4418 726 4477 mutor,
738 4426 767 4466 ut
777 4427 803 4466 st
813 4416 855 4467 ini
878 4418 906 4467 L.

121 4494 197 4531 :utu
294 4496 329 4531 cr.
377 4516 383 4531 .
