2834 4759
230 209 271 274 12
665 199 944 275 TERENTH
1227 199 1361 285 [serus
1378 219 1402 262 ι.

294 340 477 426 Propterea
491 339 581 424 quod
596 339 760 410 serviebas
774 334 962 403 liberaliter.

295 439 396 520 Quod
411 438 512 503 hebui
526 459 683 502 summum
696 437 849 521 pretium,
864 433 1006 521 persolvi
1020 435 1091 500 tibi.
1123 503 1127 510 ,
1144 495 1147 502 .

294 537 352 604 So.
369 535 409 601 In
423 535 577 602 memoris
587 535 704 602 habeo.
726 533 775 599 Su.
788 533 891 599 Haud
902 544 993 599 muto
1004 533 1136 598 iactum.
1157 530 1216 597 So.
1229 530 1400 607 Gaudeo,

294 634 331 699 Si
346 635 405 699 tibi
418 635 497 719 quid
513 632 586 711 feci,
602 644 659 698 sut
673 631 769 709 facio,
784 632 874 717 quod
888 631 1008 718 placet,
1024 631 1133 696 Simo:

246 743 276 792 rt
293 731 342 798 Et
356 732 391 797 id
404 742 534 818 gratum
547 730 648 798 tuisse
664 730 839 798 advorsum
852 741 898 808 te,
913 730 1022 796 habea
1034 729 1183 814 gretiam.

265 901 302 949 ll.
319 897 473 962 Liberaliter]
490 899 572 948 Bene:
590 897 648 960 qtrie
663 899 790 946 omnebo-
823 898 941 947 Vetusto:
958 912 1009 946 non
1020 911 1060 945 me
1070 895 1182 961 poenitet.
1211 893 1281 943 Nem
1298 891 1402 956 siquid

229 979 290 1013 num
312 963 389 1014 libero
413 973 498 1029 aptum
526 972 571 1021 est,
599 963 689 1011 malum
712 978 791 1011 servo.
823 962 962 1028 peniteret,
981 960 1089 1024 insectere
1108 963 1166 1009 velte
1186 959 1317 1008 dicebant.
1359 959 1402 1031 11η

233 1029 303 1077 Idem
313 1027 381 1088 alibi,
391 1031 488 1076 Factam
498 1045 514 1076 a
530 1030 592 1076 nabis
602 1030 700 1086 duriter,
716 1031 791 1075 mesi-
824 1027 959 1077 secundum
967 1028 1016 1088 jus,
1027 1025 1093 1090 quod
1103 1025 1221 1074 adrem
1235 1023 1349 1072 libertos
1359 1037 1400 1069 rn-

230 1096 434 1156 sericorditerque:
450 1099 519 1155 etque
535 1095 640 1140 etiamsi
657 1099 698 1150 est,
716 1100 793 1154 pater.
824 1101 907 1156 gratos
918 1102 963 1149 est,
974 1099 1003 1139 ut
1020 1090 1047 1138 in
1063 1089 1207 1139 terribilem
1223 1088 1401 1137 revocentur?

230 1160 351 1206 dbrrrdum
372 1160 446 1220 magis
467 1165 553 1219 aperta
575 1159 729 1205 illiberaliter.
759 1156 794 1204 Et
824 1154 1205 1206 sedhoenonconvenitsenem
1216 1153 1314 1202 dicere.
1351 1152 1401 1198 Le-

230 1223 294 1271 bene
311 1221 445 1280 admonuit,
464 1235 509 1269 cur
527 1219 622 1269 dederit
639 1219 793 1280 beneficiam,
825 1220 892 1285 gitur
910 1222 1033 1269 steriliter
1055 1219 1103 1267 hoc
1120 1228 1165 1277 est,
1186 1219 1288 1274 damno,
1309 1231 1399 1280 repre-

231 1286 317 1335 esdem
330 1296 355 1334 et
365 1301 430 1334 nuno
445 1285 524 1334 officis
538 1283 691 1347 quesituros.
720 1285 794 1334 Nune
825 1285 920 1342 hendo;
935 1283 1088 1396 &ofidelem
1098 1283 1134 1332 sic
1143 1282 1340 1346 intelligeremur,
1349 1296 1401 1328 non

232 1351 297 1399 enim
310 1349 370 1398 dicit
380 1349 520 1408 artificiose,
531 1349 589 1412 quis
602 1365 677 1413 supra
691 1349 734 1407 sit,
746 1351 793 1397 Ni·
826 1349 917 1398 nollem
1001 1365 1034 1397 m.
1063 1348 1144 1397 Nemo
1158 1347 1226 1396 enim
1242 1355 1333 1410 potest
1347 1345 1400 1392 ine·

232 1417 267 1463 til
281 1418 355 1464 bilae
372 1431 426 1476 epm
441 1423 476 1463 ert
489 1422 547 1462 orte.
574 1413 706 1476 Serviebes]
726 1414 795 1462 Bene
827 1413 1009 1462 tuminiectum
1019 1413 1129 1462 reddere.
1152 1411 1203 1460 Sed
1213 1409 1400 1459 admirabiliter

231 1479 375 1543 imperfecto
392 1487 509 1544 tempore,
529 1493 580 1526 non
600 1478 716 1552 perfecto,
735 1493 795 1526 usus
827 1478 1003 1540 (adverbialiter
1021 1492 1054 1526 ex
1074 1477 1123 1526 Ms.
1144 1485 1170 1525 et
1189 1476 1312 1539 Excerpt.
1334 1474 1400 1535 Reg.

232 1553 283 1592 est:
301 1552 330 1593 ut
339 1542 459 1601 ostendat,
471 1557 527 1590 eum
538 1551 647 1606 potmsse
661 1541 795 1591 sibietium
826 1541 888 1591 citat
915 1541 1049 1590 Lindenbr.
1082 1540 1142 1598 Alii,
1165 1542 1351 1596 adnimlibter,
1372 1547 1401 1584 nt

232 1617 305 1670 atque
317 1607 391 1658 etism
401 1606 508 1657 servire:
526 1606 598 1669 quale
609 1615 646 1656 est
654 1605 716 1654 illud
724 1606 794 1669 virg.
827 1605 1011 1671 saepeloquitur
1022 1607 1142 1654 Donatus.
1170 1605 1283 1668 Utraque
1297 1619 1350 1652 vox
1362 1602 1398 1649 si·

233 1671 292 1722 AEn.
304 1671 336 1720 vi.
352 1673 405 1719 113.
427 1671 501 1734 Atque
519 1687 592 1721 emm
605 1687 635 1732 pe
679 1673 728 1719 'ue
748 1675 793 1719 rti-
825 1671 898 1720 detur
908 1669 1033 1735 corrupte)
1045 1669 1123 1720 dixit:
1141 1679 1170 1718 ut
1180 1668 1297 1726 dicimus,
1314 1669 1399 1716 selle·

231 1737 379 1798 ameoeliqae
389 1734 484 1797 suebat
498 1737 658 1786 tramita-
684 1744 793 1784 tasten-
818 1735 919 1799 factum,
930 1734 1097 1784 nollemhunc
1114 1735 1216 1783 exitum.
1245 1734 1320 1796 Ergo
1335 1734 1400 1778 laed

232 1799 275 1849 det
286 1815 350 1859 eum,
362 1799 473 1862 quamvis
487 1798 609 1851 invalidus
623 1809 694 1856 esset,
712 1809 795 1848 temen
826 1798 990 1862 antefactum,
1002 1814 1052 1847 non
1063 1797 1167 1862 poenitet
1179 1813 1217 1846 me
1232 1797 1302 1846 iacti.
1328 1797 1397 1844 D.-

232 1864 311 1915 adhuo
351 1863 442 1913 otuisse
467 1863 575 1914 laborem
603 1863 795 1927 exercitiumque
827 1863 1069 1926 temeratam]
1082 1863 1160 1912 Recte
1174 1873 1396 1912 serratumsser·

233 1929 303 1978 ierre.
333 1880 414 1978 il—
427 1931 493 1980 Quod
514 1930 628 1978 serviebas
652 1927 793 1992 liberaliter]
827 1945 865 1986 ro,
877 1929 942 1978 utin
953 1928 1071 1977 memoris
1081 1928 1171 1977 habere
1184 1927 1294 1982 diceretr
1314 1939 1398 1986 neque

233 1993 338 2046 Pulchre
353 1993 400 2067 hbe
416 1991 513 2042 videtur
526 1992 675 2067 adjunctum,
695 2002 725 2067 ut
744 2008 795 2068 non
826 1993 893 2042 enirn
908 1992 1008 2042 domino
1021 1993 1113 2067 referre
1129 1991 1221 2068 gratiss
1235 2001 1330 2066 potest,
1347 1987 1396 2036 nisi

233 2056 796 2185 littif‘iztit‘tltittpiitt.tz
826 2058 1397 2192 tittiti‘lttlttittittttt‘t

232 2185 259 2235 in
270 2185 396 2235 servitutis
407 2184 546 2234 conditione
557 2185 716 2244 voluntatem,
732 2186 794 2234 libe·
826 2187 947 2237 rationem
969 2186 1097 2250 respicere.
1130 2187 1246 2249 lngrnttu
1267 2186 1341 2234 enim
1364 2183 1393 2229 lr-

232 2250 318 2304 taliter
328 2250 417 2309 omnis,
430 2265 484 2313 quse
490 2252 560 2312 jussa
570 2249 673 2308 luerent,
683 2250 794 2314 implere.
827 2253 911 2301 bertus
922 2267 938 2300 a
955 2262 1060 2315 petrono
1074 2251 1184 2300 revocari
1200 2249 1227 2298 in
1245 2250 1395 2299 servitutem

233 2315 416 2364 ueterrimas
433 2313 573 2378 liberaliter]
591 2314 621 2363 V.
640 2316 668 2364 C.
686 2319 794 2364 servibas.
827 2325 914 2380 potest.
946 2319 1046 2375 Gastdeo,
1060 2319 1082 2364 si
1100 2318 1145 2364 titi
1159 2313 1288 2390 qaidfece']
1309 2313 1394 2362 Vehe-

233 2379 381 2429 L-Scribe
391 2381 500 2438 seraitae,
512 2389 540 2427 ut
550 2389 629 2428 metro
645 2379 794 2429 consuletur.
827 2390 923 2430 menter
934 2396 1019 2430 servus
1029 2396 1056 2429 se
1066 2379 1173 2442 paudere
1183 2378 1253 2436 dixit,
1262 2395 1284 2427 ss
1297 2395 1332 2428 ex
1343 2378 1392 2424 snc-

233 2445 287 2492 Nec
305 2460 321 2493 u
344 2454 453 2493 veterum
475 2443 597 2510 scriptura
618 2453 643 2493 et
663 2444 795 2508 pronunci·
828 2445 861 2494 tis
872 2445 924 2495 suis
934 2443 1028 2494 domini
1038 2443 1173 2494 reddiderit
1182 2444 1355 2497 voluntstem3
1368 2451 1394 2489 et

232 2508 315 2559 stione
328 2509 449 2557 abhorret.
473 2508 501 2558 B.
828 2509 962 2560 simulduo
976 2519 1024 2558 tem
1058 2509 1274 2572 reconjunxitut
1288 2521 1392 2557 nonso

267 2573 305 2625 12
322 2575 437 2624 Summum
452 2572 565 2636 pretium]
588 2573 737 2623 Libertatem
757 2572 795 2622 di·
828 2574 880 2623 lum
890 2574 984 2633 iecisse,
1060 2583 1086 2622 et
1102 2574 1224 2623 iacturum
1239 2589 1295 2622 esse
1310 2571 1394 2628 declu-⁴

232 2637 273 2687 cit.
313 2639 417 2686 Persolvi
445 2637 502 2702 titt]
529 2638 594 2693 Quia
617 2643 719 2700 pretium
741 2637 795 2686 dix·
828 2648 901 2688 reret
920 2639 1048 2688 E.-Cum
1060 2637 1391 2701 Pulmeriosicdistingueu·

232 2709 292 2760 erat,
301 2705 400 2764 persolvi
414 2699 478 2750 dixit
488 2717 533 2767 pro
551 2701 595 2752 rie.
628 2705 732 2752 Persolvi
742 2705 793 2751 tibi.
826 2702 885 2753 dum
899 2719 953 2752 esse
964 2719 1065 2752 censeo:
1084 2706 1158 2752 Haud
1173 2711 1241 2752 usb-
1261 2703 1298 2764 (b.
1311 2718 1335 2750 e.
1352 2715 1392 2748 me

233 2765 347 2815 Modesto
373 2765 480 2830 pretium
505 2783 518 2816 r
550 2766 629 2816 ditum
650 2767 722 2824 dixit,
744 2782 794 2815 non
826 2784 876 2817 non
887 2767 1012 2832 poenitet.)
1040 2768 1081 2816 So
1093 2771 1189 2816 Facto·
1198 2770 1297 2829 gaudeo.
1322 2767 1353 2814 B.

232 2831 379 2880 beneficium
396 2841 529 2895 erogatum.
556 2830 672 2893 (Lindeu.
691 2831 793 2890 invenit,
861 2834 898 2880 14.
915 2836 943 2882 Si
958 2835 1003 2881 titi
1018 2836 1075 2896 quid
1083 2831 1141 2895 secl,
1153 2841 1196 2880 aut
1204 2830 1284 2894 sacia]
1304 2831 1340 2880 Et
1354 2829 1389 2877 ie-

231 2897 353 2955 Beaefleiis
368 2903 522 2958 prorogatum.
555 2896 604 2944 Ms.
625 2896 707 2945 Hulst.
727 2899 793 2945 leae-
826 2897 889 2946 eisse
899 2913 934 2956 se,
946 2907 971 2946 et
987 2897 1065 2945 adhuc
1081 2896 1162 2946 facere
1177 2896 1294 2954 ostendit,
1305 2909 1390 2959 quem-

226 2962 306 3020 ficiam
320 2967 474 3024 perrogatur.
502 2959 549 3008 Ed.
560 2961 738 3010 Venets1490.
755 2963 793 3008 le·
826 2961 937 3012 viseum
953 2961 1142 3010 manumisisset.
1170 2960 1264 3025 (Legat
1288 2962 1390 3024 mois

232 3027 334 3084 tusleium
350 3023 525 3087 praerogatum)
544 3024 725 3074 D.-Suraraara
738 3043 793 3086 pre·
820 3025 1115 3089 jaameatrrarmat.)
1141 3025 1390 3086 Gudeasilibiqet'd

232 3091 289 3136 tium
298 3091 397 3150 persolvi
412 3088 469 3151 titt]
486 3091 599 3138 Summam
613 3092 715 3151 pretium
731 3089 796 3138 dixit
820 3089 879 3153 feei,
890 3090 1008 3154 utslsacio,
1018 3090 1189 3153 quodpiaoeet]
1199 3089 1337 3138 Felicitatis
1347 3095 1390 3142 esi,

231 3150 377 3201 libertatem.
403 3153 437 3200 Et
448 3152 482 3202 ita
493 3152 626 3202 debitorem
635 3155 687 3214 jum
696 3169 796 3203 servum
827 3165 855 3203 ut
871 3171 901 3204 ea
916 3170 970 3218 quse
985 3155 1056 3214 imis,
1074 3164 1100 3204 et
1114 3155 1227 3204 iacienda
1241 3164 1308 3214 sunt,
1322 3161 1389 3216 pratu

232 3215 265 3264 sd
282 3214 375 3264 domini
396 3217 476 3265 officia
498 3216 563 3276 iecit,
584 3217 648 3267 siout
672 3217 698 3266 in
720 3233 793 3266 servo
824 3220 881 3271 sint.
913 3223 1030 3284 Quidpro
1041 3219 1140 3283 aliquid.
1158 3219 1191 3268 D.
1251 3230 1256 3236 ·

232 3279 347 3330 dominus
370 3281 435 3342 quod
456 3281 561 3330 habebat
586 3282 697 3332 exsolvit.
729 3282 794 3331 R-
860 3277 897 3332 15.
914 3287 1043 3333 Adversum
1054 3285 1089 3348 te]
1102 3285 1177 3348 Apud
1188 3294 1221 3343 te,
1232 3293 1259 3333 et
1268 3297 1347 3348 penes
1357 3289 1390 3329 te.

232 3347 347 3394 Summum
354 3345 468 3409 pretium]
481 3345 530 3394 Dio
542 3347 656 3396 Prusaeus
669 3347 723 3409 περὶ
739 3350 793 3396 δου-
826 3349 1015 3398 Adansurssine
1026 3349 1101 3398 dubio
1111 3348 1309 3413 prepositioest.
1338 3349 1387 3394 Ad·

232 3407 307 3458 λείας.
324 3408 384 3470 paul
400 3409 446 3468 τὴν
461 3409 597 3473 ἐλευθερίαν
612 3407 731 3472 μέγιστον
746 3414 796 3460 τᾶν
826 3430 904 3462 aereus
912 3413 1069 3478 perticipium
1079 3424 1159 3488 potest
1170 3429 1231 3471 esse,
1241 3414 1272 3462 eb
1283 3429 1314 3462 eo
1325 3409 1388 3475 quod

232 3472 334 3534 ἀγαθῶν.
363 3473 460 3523 Arriam
478 3473 559 3538 Epist.
576 3475 618 3524 lib
636 3476 671 3524 iii.
687 3492 739 3541 esp.
753 3477 792 3524 26.
826 3487 864 3526 est
874 3481 974 3536 adserta,
983 3479 1048 3527 sicut
1058 3478 1124 3527 alibi.
1153 3479 1220 3541 Ergo
1230 3481 1351 3527 adrerum
1365 3482 1387 3521 lt

232 3537 611 3612 dyoddroprdotteiiditeudepia
625 3539 654 3588 rb
667 3538 792 3601 μέγιστον.
825 3542 1071 3606 dixit,prottpudte.
1095 3543 1291 3592 1).-Adcman
1303 3541 1339 3604 te]
1351 3541 1385 3587 Α·

232 3601 386 3666 Ulpiumlrb.
399 3602 414 3651 i.
431 3603 455 3652 Ε
474 3603 573 3653 debon
589 3605 668 3654 libert
700 3607 793 3654 Grande
825 3606 876 3670 pud
897 3617 924 3655 te
947 3606 1141 3670 intelligendum.
1180 3607 1287 3663 Quidam
1315 3604 1386 3659 enim,

232 3669 367 3727 beneficium,
380 3670 440 3729 quad
452 3671 477 3716 ia
493 3671 586 3718 libertas
603 3669 725 3733 eonj'ertar,
743 3687 794 3718 curs
825 3671 941 3734 quonism
951 3687 1026 3737 supra
1041 3671 1138 3720 dixerat
1153 3675 1214 3734 qaod
1227 3674 1343 3720 servicia
1357 3671 1385 3715 li·

230 3749 259 3780 er
269 3735 378 3780 servitute
389 3735 422 3779 ad
437 3735 553 3782 ciuitatem
566 3737 691 3784 Romanam
705 3738 792 3796 perdu-
826 3739 942 3795 bernw,
955 3736 1000 3784 hoc
1011 3735 1195 3800 intedigrmtut
1205 3735 1282 3784 libere
1293 3747 1384 3799 quoque

230 3804 320 3845 cuatar.
348 3795 479 3845 iustiniau.
501 3797 562 3861 imp.
584 3798 667 3847 instit
695 3798 745 3853 Qui
767 3808 794 3847 et
825 3799 918 3848 diceret
939 3816 993 3863 qun
1014 3801 1141 3851 sentiebat
1182 3801 1236 3849 Hes
1258 3809 1386 3864 propterea

230 3861 363 3924 quibusex
376 3876 441 3910 cens.
460 3863 632 3914 inestimabilis
645 3866 747 3912 libertas.
763 3863 792 3912 1.
825 3881 897 3914 voces
908 3881 939 3913 ex
953 3865 1065 3914 libertate
1099 3864 1234 3923 rolutss,in
1250 3863 1385 3914 eonvicium

232 3927 286 3974 106.
298 3925 323 3974 ff.
339 3925 370 3974 de
386 3939 435 3990 reg.
448 3927 497 3988 jur.
525 3929 634 3977 Libertas
645 3931 745 3989 pecunia
759 3930 793 3976 lui
825 3939 868 3978 aut
878 3927 992 3991 injurium
1003 3882 1138 3980 seeundum
1149 3929 1269 3980 rationem
1278 3924 1384 3978 vertutis

230 3999 364 4052 respueret,
375 4007 416 4040 nee
435 3995 541 4054 reparari
554 4001 637 4054 potest.
654 3992 695 4041 lib.
715 3992 749 4042 ix.
768 3995 792 4042 2
824 3993 951 4058 proferret.
985 3994 1093 4049 Quodsi
1111 3995 1147 4043 its
1162 4004 1206 4051 est,
1219 3993 1284 4043 dicta
1300 4002 1384 4042 sunts

230 4053 287 4114 §.ti
317 4055 356 4103 De
367 4055 512 4105 statuliber.
536 4057 565 4104 L.
824 4073 896 4108 servo
914 4068 1000 4108 contre
1018 4059 1157 4108 dominum:
1183 4059 1275 4108 idcirco
1296 4054 1384 4107 intelli-

265 4120 314 4192 13.1
325 4121 355 4166 Ia
373 4123 481 4169 matoria
498 4121 582 4184 labeo]
602 4121 658 4170 Hoc
678 4129 723 4181 est,
742 4137 792 4172 non
824 4132 886 4186 gunt
896 4126 1016 4172 deatum
1032 4132 1061 4183 tr,
1073 4134 1159 4172 contra
1175 4133 1206 4173 te.
1236 4123 1286 4172 Sed
1302 4121 1383 4170 melior

230 4197 285 4257 sum
307 4191 424 4246 ingratus
453 4187 483 4234 Ia
501 4189 606 4234 mmnria
625 4189 703 4234 lateo.
732 4186 792 4237 Plus
825 4197 863 4235 est
876 4187 1046 4252 interpretatio
1061 4189 1180 4254 superior.
1209 4189 1324 4237 Estvero
1339 4187 1382 4233 huc

229 4247 301 4305 duxlt,
313 4250 337 4294 in
348 4252 454 4297 memoria
463 4253 540 4308 balea,
556 4265 628 4313 quam
643 4250 664 4298 si
682 4251 792 4310 dixisset,
825 4267 902 4314 usque
913 4253 992 4316 figure
1005 4256 1182 4316 συναθροισμὸς,
1194 4253 1260 4316 quod
1275 4262 1314 4300 est
1328 4265 1381 4300 cou-

229 4314 289 4384 saia.
313 4310 377 4359 Nam
398 4329 452 4375 quae
469 4315 566 4373 scimus,
585 4330 714 4380 possumus
727 4315 789 4365 obli·
824 4317 935 4382 gregatio
955 4317 1087 4367 criminum
1104 4318 1144 4367 rel
1162 4316 1336 4367 beneficiorum
1353 4312 1381 4360 ud

228 4369 301 4424 tien:
320 4391 373 4438 quae
384 4393 443 4452 sero
452 4379 575 4428 memorius
585 4379 791 4438 commendemus,
824 4384 1012 4432 commovendos
1024 4383 1125 4432 animos.
1149 4383 1339 4430 lie-Adrum
1348 4375 1381 4438 tr}

229 4455 354 4506 nunquam
366 4451 506 4494 stmtttmus.
535 4447 608 4496 Haud
620 4443 796 4510 malefactum]
825 4445 942 4498 Priscian.
954 4447 1057 4498 libxiv.
1087 4448 1152 4498 Non.
1165 4447 1276 4498 Marcell.
1299 4447 1327 4496 l..
