2834 4759
249 176 311 240 130
673 170 973 238 PROLOGUS

291 308 432 385 Dehinc,
449 330 490 372 ne
505 307 681 372 frustretur
694 308 766 393 ipse
782 330 829 385 se,
845 318 902 372 aut
917 310 962 373 sic
978 309 1117 392 cogitet;

248 420 277 466 1⁵
291 405 478 471 Defunctus
488 407 557 490 jam
571 428 654 481 sum,
670 404 750 470 nihil
764 416 815 469 est
830 407 919 490 quod
935 406 1022 470 dicat
1036 406 1124 469 mihi.

289 503 323 567 Is
339 526 380 568 ne
396 512 494 580 erret,
511 524 637 579 moneo,
653 512 687 565 et
701 502 831 567 desinat
845 502 1016 567 lacessere.

289 600 410 665 Habeo
424 600 486 665 alia
499 599 611 677 multa,
627 622 701 684 quae
716 622 802 664 nunc
817 601 1059 665 condonabitur·
1067 626 1074 678 ;

290 699 377 773 Quae
391 698 599 785 proferentur
613 707 699 783 post,
717 698 745 761 si
762 710 877 783 perget
891 697 1011 763 laedere

289 796 352 875 Itu,
365 808 402 861 ut
417 796 524 861 facere
539 797 688 860 instituit.
729 796 838 869 Quam
852 818 938 861 nune
955 798 1057 861 acturi
1074 819 1183 860 sumus

247 940 301 1002 περὶ
320 937 476 1002 Ἀλεξάνδρου
496 935 634 993 ἀναβάσεως
651 938 693 985 lib.
712 937 744 985 vi.
780 938 811 987 In
845 953 911 986 nunc
922 938 983 986 certi
995 947 1067 1002 atque
1080 938 1198 1001 explorati
1205 937 1321 999 J'urisert
1345 935 1392 983 Vid.

248 1004 314 1053 itlius
336 1012 495 1053 monumento
522 1002 623 1051 inventa
650 1003 756 1061 luerunt,
784 1012 812 1051 ut
845 1002 941 1051 Norell
958 1004 1031 1051 Leon.
1043 1002 1068 1050 li.
1094 1004 1123 1051 L.

280 1067 465 1133 ucaeplurimia
474 1066 630 1124 reserantem
638 1066 762 1129 στρεπτοὶ,
772 1068 812 1115 nal
879 1068 916 1114 14.
934 1066 1035 1129 Dehinc]
1047 1066 1074 1114 si
1089 1066 1207 1129 loquatur.
1238 1064 1395 1128 Nefrnrtrrtrr

248 1084 363 1188 Σενέκα
376 1131 415 1181 nal
433 1131 524 1189 ἐνώτια,
541 1132 634 1193 χρυσοῦ
648 1149 677 1179 τε
688 1130 727 1179 καὶ
739 1130 812 1179 λίθων
844 1134 893 1191 ipre
903 1129 939 1193 re]
950 1131 1018 1193 Παρὰ
1027 1130 1283 1193 rpoobonlardicitur:
1300 1130 1340 1177 red
1347 1141 1394 1192 port

248 1194 367 1255 κολλητά,
395 1196 462 1250 Quin
474 1196 548 1244 etiam
557 1194 637 1252 ex'iia,
649 1210 704 1256 quie
715 1195 810 1257 Hyrca·
843 1194 918 1253 addit,
931 1195 1132 1259 Antriccngitet]
1148 1196 1174 1243 Si
1189 1205 1275 1243 taceat.
1304 1195 1394 1241 D.-h'r

247 1272 379 1323 nutatque
392 1260 695 1308 Herodeaemonumento
707 1258 812 1307 Davidio
836 1257 968 1319 snutretnr
984 1259 1045 1322 ipre]
1064 1260 1111 1308 Mn.
1131 1260 1162 1308 R.
1179 1262 1293 1315 Frrntret,
1309 1257 1334 1306 in
1348 1256 1394 1304 nliir

248 1325 408 1382 abstulerunt,
420 1324 516 1373 abunde
527 1333 636 1397 apparet,
646 1323 744 1385 quantit
755 1340 811 1372 cum
837 1322 944 1386 frondet.
971 1324 997 1371 1..

247 1387 586 1453 diritiiairrepultuafuent.
614 1387 812 1451 Joaephusenim
880 1390 915 1435 15.
934 1387 1120 1451 Drj'nncrnrjarn
1130 1384 1394 1450 rnmhxripntnrolas,

247 1453 370 1517 Antiquit.
387 1454 429 1502 lib.
446 1452 495 1501 xri.
508 1467 560 1516 cap.
574 1454 596 1499 2.
609 1461 750 1499 enumerat:
769 1450 809 1514 dp-
842 1452 958 1509 tonora,
971 1452 996 1500 id
1009 1462 1053 1511 est,
1065 1448 1394 1503 omnilaborelibeiatussun,

248 1516 331 1579 γυρίου
340 1515 466 1580 τρισχιλίο
477 1514 593 1573 τάλαντα,
611 1514 702 1575 κόσμον
713 1514 739 1564 δὲ
749 1534 808 1577 χρυ·
842 1517 987 1565 auctoritate
1000 1519 1053 1577 jara
1064 1518 1207 1565 confirmata
1225 1528 1251 1565 et
1266 1512 1393 1563 inviolabili

247 1582 343 1630 σοῦκοὶ
359 1580 488 1641 κειμηλίων
503 1578 587 1629 πολύν.
621 1579 740 1628 Romania
753 1595 810 1628 vero
842 1580 1029 1642 Defimctnrjanr
1037 1580 1099 1644 ram]
1114 1578 1394 1643 Idest,jamegifabular

246 1644 341 1708 legibus
353 1645 509 1694 interdictum
520 1653 565 1701 eat,
577 1659 609 1691 ne
668 1643 809 1708 uniasepe-
842 1658 924 1692 meaa:
943 1655 985 1693 aut
995 1647 1046 1705 jam
1058 1644 1141 1693 destiti
1152 1644 1286 1708 periclitari
1297 1644 1321 1690 in
1332 1642 1394 1689 eden·

246 1708 326 1757 lictur.
344 1709 385 1757 lib.
402 1709 434 1756 ir.
452 1710 472 1769 t.
487 1709 510 1756 6.
526 1708 552 1756 ff.
568 1709 599 1756 ad
638 1708 712 1756 .Jul.
747 1708 809 1757 ecul.
842 1708 880 1757 dis
896 1708 1038 1757 comoediis:
1061 1718 1104 1757 aut
1114 1720 1187 1767 certe,
1195 1712 1249 1771 jam
1261 1708 1324 1755 edidi
1334 1720 1394 1769 quant

248 1774 319 1823 Neve
336 1774 410 1821 etiarn
427 1788 514 1821 aurum
532 1772 570 1820 vel
591 1782 809 1821 ornamentorum
842 1781 870 1820 tu
889 1773 1048 1836 reprehendis
1069 1773 1182 1821 rabulam.
1217 1772 1340 1835 Defunctnr
1351 1771 1395 1831 jra

246 1837 389 1901 corporibus
400 1836 542 1885 condantur.
559 1836 600 1885 lib.
613 1836 662 1884 xiv.
675 1838 694 1895 t.
708 1838 730 1884 5.
743 1836 766 1883 [ἰ
779 1838 810 1885 de
841 1852 907 1884 turn.-
940 1839 1000 1885 atttt
1014 1845 1049 1885 ert
1065 1840 1125 1901 qnod
1138 1840 1201 1885 dicat
1216 1836 1285 1899 nihi]
1301 1836 1352 1883 Non
1362 1834 1394 1889 rit,

246 1901 352 1965 religios.
396 1901 431 1948 Et
452 1900 479 1948 in
502 1900 644 1963 fragmentis
665 1900 708 1948 xii.
732 1900 808 1950 Tabb.
842 1900 929 1962 inquit,
941 1900 973 1949 de
988 1900 1038 1949 suia
1054 1901 1120 1949 vitiis
1135 1916 1237 1950 recurur
1256 1909 1351 1965 propter
1360 1912 1393 1943 re·

246 1966 319 2021 Quod
331 1977 412 2014 tamen
424 1981 438 2013 a
449 1964 494 2012 sim
513 1964 637 2013 lictoribus
648 1964 709 2022 fieri,
723 1964 809 2028 Ulpia·
843 1975 965 2023 tuttatem,
980 1965 1140 2014 nihilomiuus
1156 1965 1223 2013 enim
1240 1982 1255 2014 a
1271 1980 1309 2013 me
1324 1976 1393 2026 repre·

246 2045 293 2078 nur
311 2030 367 2079 dl
390 2037 466 2077 notat.
495 1980 569 2076 ilinc
589 2044 602 2076 a
621 2028 654 2076 ud
677 2028 810 2077 Scaevolam
842 2027 969 2078 hendetur.
995 2030 1026 2077 D.

246 2094 417 2143 JurisconnuIt.
435 2094 460 2141 in
477 2092 518 2141 lib.
531 2094 573 2141 fin.
632 2093 663 2142 de
679 2108 747 2152 auro,
759 2108 809 2157 arg.
878 2093 914 2139 16.
932 2095 957 2140 Is
968 2110 996 2141 ne
1007 2102 1075 2151 erret,
1084 2093 1172 2157 muno]
1182 2094 1280 2155 Σχῆμα,
1290 2090 1392 2140 trrrlrrn.

248 2161 276 2207 In
288 2167 421 2207 testamento
431 2166 539 2206 matrona
547 2158 665 2219 enjusdam
677 2161 712 2205 r'ta
719 2166 810 2206 cnutum
844 2157 1009 2205 D.-De.n'nat
1022 2157 1144 2221 ἱοοοεεενο]
1163 2158 1211 2206 Ma.
1231 2158 1262 2206 rt
1280 2160 1349 2207 Cesset
1363 2157 1392 2201 a·

240 2223 339 2287 fnnat:
356 2226 471 2271 Funerort
484 2238 518 2270 me
529 2224 627 2269 nrbr'trt'o
642 2224 688 2268 nr'rt'
699 2226 744 2269 mei
754 2226 808 2279 nolo,
842 2238 935 2270 terrere.
961 2222 990 2270 [ι.

247 2296 272 2336 et
288 2285 369 2349 inferri
386 2290 442 2335 mitt
459 2302 597 2349 quacunque
613 2288 737 2346 sepultura
756 2302 810 2333 rnen
885 2287 921 2336 17.
953 2289 1009 2339 Qua
1030 2304 1089 2335 nnnc
1114 2285 1290 2349 condonabitur]
1318 2282 1393 2331 stein

247 2368 317 2401 cnara
326 2350 411 2413 seram,
428 2368 456 2398 ea
472 2353 609 2398 ornamentis
624 2352 697 2398 linear
713 2353 810 2425 duorlea
843 2349 998 2407 Phormione,
1015 2354 1143 2413 Argentum
1159 2354 1219 2413 qnod
1236 2354 1310 2405 haben
1323 2350 1392 2419 conde

247 2414 812 2541 tttttzttttttut'tttt,..ltt
841 2424 978 2541 tutu.
991 2415 1393 2527 ,itt?‘.t”t..·t¹.'tt.⁰tt

247 2544 306 2592 olim
318 2543 371 2600 fuit,
384 2544 512 2591 thesaurus
522 2542 638 2590 inventus
649 2544 719 2603 cujus
730 2545 810 2591 esset?
845 2542 902 2590 tiro.
916 2542 1148 2607 D.--Egregiecod.
1159 2544 1186 2592 C.
1200 2544 1229 2592 C.
1242 2542 1338 2592 collocat
1347 2554 1394 2587 nnn

249 2608 324 2673 Apud
335 2608 511 2656 Philostratum
519 2606 561 2654 lib
573 2606 600 2654 ii.
619 2606 743 2669 Apollonii
755 2622 811 2655 sen·
844 2623 901 2669 qne.
926 2607 955 2654 B.

248 2672 326 2721 tentia
336 2670 448 2729 obtinuit,
460 2680 488 2719 ut
499 2669 671 2718 totuacederet
681 2670 811 2729 inventori,
880 2672 918 2719 19.
934 2673 1003 2719 Nunc
1019 2688 1087 2735 qnam
1103 2675 1179 2720 arturi
1195 2670 1286 2733 narnus]
1303 2669 1393 2729 Obliqur

249 2734 381 2799 ἐκράτησεν
398 2734 414 2793 ἡ
431 2736 476 2783 τοῦ
485 2732 650 2783 Ἀπολλωνίου
661 2734 752 2794 γνώμη,
772 2734 811 2783 nal
844 2734 952 2784 ornatio
964 2735 1022 2783 lacti
1033 2746 1076 2793 ert,
1089 2735 1225 2785 secundum
1240 2750 1319 2784 casum
1333 2748 1391 2781 accu-

249 2800 356 2858 ἀπῆλθεν
366 2799 500 2875 dxpnorbr,
510 2799 663 2860 brrnpdrn‘rr
671 2800 813 2848 θεῶντοῦτο
844 2798 957 2847 nativum.
975 2801 1088 2857 D.-Ito,
1096 2798 1324 2861 ursacerer'nrtr'tnr't]
1331 2795 1394 2845 Omni

249 2864 326 2927 ἔχωνς
344 2880 414 2927 quast
427 2863 475 2911 Dei
486 2878 583 2918 munus,
593 2874 621 2911 ut
629 2862 738 2925 loquitur
748 2863 810 2927 Try·
844 2863 910 2911 enim
921 2878 1011 2926 genere
1021 2864 1131 2912 laborare
1148 2864 1273 2921 debemus,
1285 2874 1312 2911 ut
1322 2864 1393 2909 adrer-

248 2929 387 2993 phonianun
401 2928 443 2976 lib.
460 2926 520 2975 lxiii.
533 2929 552 2986 t.
567 2930 588 2975 l.
600 2927 624 2975 u.
642 2927 672 2974 de
683 2926 774 2989 acquir.
787 2936 812 2976 ct
844 2926 921 2975 rarior
932 2938 975 2976 aut
986 2928 1011 2975 in
1021 2928 1111 2986 odium,
1121 2937 1164 2977 aut
1175 2929 1201 2976 in
1210 2927 1393 2979 contemtionem,

248 2993 316 3042 omit.
328 3009 392 3058 poss.
404 2992 445 3040 lib.
458 2992 483 3039 ii.
496 2992 524 3039 C.
541 2991 633 3039 Theod.
646 2991 677 3039 de
693 2991 811 3040 Theaaur.
844 3002 886 3039 aut
908 2992 934 3039 in
952 2991 1070 3040 invidiam
1086 2993 1210 3041 ducamus.
1247 2994 1286 3041 lta
1300 2988 1394 3040 enimin

250 3058 336 3107 Liban.
354 3057 469 3122 sophista
484 3056 584 3104 declam.
600 3055 633 3104 xi.
652 3070 676 3118 p.
690 3056 745 3106 379.
770 3060 810 3114 θη-
844 3054 926 3104 odium
934 3055 1044 3113 adduxit,
1054 3057 1227 3119 quoddixit,n‘
1233 3064 1311 3121 perget
1319 3058 1394 3109 tantm,

249 3120 328 3185 οούρφ
338 3140 375 3171 τις
390 3117 560 3183 περιπέπτωκε,
576 3122 631 3168 θεοῦ
641 3119 670 3168 rb
687 3121 760 3183 δῶρον
771 3120 812 3169 dr-
845 3122 880 3168 r'to
893 3128 919 3168 ut
928 3120 1010 3185 facere
1026 3124 1145 3176 instituttr
1167 3122 1194 3169 in
1210 3120 1393 3170 contemtionem,

248 3184 336 3247 rrrpdr.
378 3186 414 3233 At
429 3187 485 3248 jure
504 3184 572 3233 cirili
587 3184 659 3232 aliter
676 3184 810 3233 sancitum:
844 3184 909 3245 quod
920 3185 989 3242 dixit,
1002 3202 1049 3233 erre
1062 3188 1105 3233 tntr'
1119 3189 1216 3248 ingenio,
1229 3195 1256 3234 nt
1271 3184 1395 3249 ignoraverit

251 3250 360 3298 lnrtitut
372 3249 421 3297 Tit.
434 3247 545 3297 declivia
558 3264 605 3297 rer.
617 3248 658 3297 lib.
670 3247 732 3295 lxiii.
744 3248 767 3297 lt
781 3249 811 3298 de
844 3252 885 3310 qnt'
893 3254 958 3310 prior
969 3252 1031 3313 toqui
1041 3253 1066 3297 r'n
1077 3254 1165 3299 actione
1175 3254 1275 3299 deberet.
1302 3248 1393 3308 Subjnn·

249 3314 340 3376 acquir.
363 3324 388 3361 et
405 3314 473 3362 omit.
495 3328 599 3376 postera
633 3314 741 3375 Eratque
760 3313 812 3363 sire
844 3312 881 3375 git
892 3313 981 3362 deinde
994 3314 1096 3363 alteram
1108 3314 1314 3363 controversiam:
1333 3314 1393 3362 Quot*

250 3378 304 3441 lege
314 3376 367 3426 rire
383 3376 559 3426 conauetudine
572 3387 705 3440 receptum,
718 3388 746 3425 ut
757 3378 811 3440 qui-
844 3394 903 3425 nnnc
923 3382 999 3425 actnrr'
1020 3396 1096 3427 samm
1117 3381 1244 3427 Menandri
1266 3378 1394 3429 Eunuchum,

248 3440 812 3568 thttthn⁸”t't.t¹²t,tt·trttt⁰t.tt
842 3439 1394 3555 ttttttt‘ttttttltlitlutl‘

249 3581 329 3627 ceren
354 3542 381 3619 ul
397 3569 420 3618 ri
440 3586 508 3618 emus
524 3569 589 3633 apud
606 3571 679 3618 Corn.
697 3570 811 3619 Taciturn
845 3521 912 3632 argi
922 3523 974 3618 little
986 3580 1036 3619 tota
1047 3523 1154 3620 riui-ratio
1167 3586 1245 3634 usque
1256 3572 1286 3621 ad
1296 3565 1394 3634 proposi·

248 3635 336 3685 ultimo
348 3634 436 3683 Annal.
454 3634 495 3683 ubi
512 3633 637 3683 Caerelliua
655 3635 746 3683 Bassus
759 3635 811 3684 Ne·
844 3633 937 3682 tionem
945 3635 1055 3684 criminis
1067 3645 1092 3683 et
1102 3636 1252 3698 questionis,
1259 3650 1312 3699 qure
1320 3629 1395 3693 incipit

248 3700 304 3749 roni
315 3698 444 3763 expromit,
456 3707 579 3763 repertum
592 3697 744 3761 inegroruo
755 3714 811 3763 ape-
844 3712 875 3747 ex
891 3699 936 3747 hoc
953 3715 1038 3755 versu:
1062 3699 1335 3761 Exclamat,saren,non
1348 3712 1393 3756 pnr-

248 3781 305 3814 eum
321 3764 451 3813 altitudine
466 3763 592 3819 immensa,
605 3778 653 3825 quo
669 3778 758 3825 magna
776 3764 812 3812 vir
844 3760 1012 3823 tarnsnbnlam
1022 3767 1119 3822 dedisse,
1130 3772 1154 3811 et
1165 3768 1224 3812 nr‘hr‘t
1234 3761 1394 3813 dedicaverit·

248 3830 302 3879 auri
313 3830 487 3877 contineretur.
522 3828 556 3876 Et
572 3826 711 3875 Philostrat
722 3827 749 3875 in
762 3826 812 3876 rita
843 3825 908 3890 rum]
921 3827 1025 3876 Pulchre
1036 3829 1115 3891 primo
1124 3827 1273 3893 generaliter
1281 3822 1395 3903 proposuit

249 3894 334 3953 Attici,
346 3896 415 3957 cujus
431 3892 524 3941 baeced
541 3892 650 3941 Nervam
663 3892 812 3956 Impverba
843 3890 910 3939 illam
931 3907 962 3939 cx
982 3892 1114 3941 adversarii
1135 3908 1255 3969 persone:
1284 3903 1317 3939 rra
1337 3887 1393 3937 enim

246 3959 400 4008 referuntur:
420 3955 579 4020 Θησαυρὸν,ὂ
596 3957 705 4013 βασιλεῦ,
719 3955 812 4013 ὀπὶτῆς
844 3964 946 4018 oportet,
964 3966 992 4005 ut
1014 3957 1108 4021 species
1127 3972 1163 4005 arc
1186 3956 1333 4019 ruinciatur,
1348 3964 1393 4013 qua

249 4025 351 4082 ἐμονοοῦ
370 4022 444 4072 otrlnr
462 4022 555 4083 εὕρηκα.
575 4021 599 4067 rl
617 4018 659 4068 οὖν
674 4020 727 4082 περὶ
739 4021 812 4068 αὐτοῦ
844 4020 967 4083 qualitatis
978 4030 1022 4079 est,
1032 4031 1060 4070 ut
1070 4021 1177 4070 diximus
1186 4037 1267 4085 supra,
1276 4021 1305 4069 dc
1318 4016 1394 4067 Latino

248 4085 369 4143 κολούσας
387 4086 551 4149 quemlocum
564 4083 709 4133 Zonararin
728 4084 812 4133 Nerva
844 4083 869 4131 in
887 4084 1003 4133 Latinum
1020 4084 1146 4134 transferri
1162 4101 1211 4134 non
1228 4085 1308 4135 licere.
1341 4081 1393 4129 Haec

246 4150 408 4215 tranmiprit,
420 4160 444 4198 et
457 4149 559 4198 Photiur
575 4148 601 4197 in
618 4148 728 4196 biblioth
762 4148 811 4197 Sed
843 4148 987 4210 quoestiosic
998 4150 1156 4214 proponitur:
1177 4154 1278 4199 canan
1289 4165 1334 4197 erre
1344 4148 1392 4193 Na-

247 4212 273 4261 id
285 4224 370 4277 postea
384 4214 499 4263 mandatu
514 4214 543 4261 D.
559 4211 679 4261 Hadriani
694 4213 809 4261 immuta·
843 4216 875 4260 ar'r'
883 4220 906 4260 et
916 4215 995 4261 Plantr'
1003 4213 1226 4276 ueterensabalon:
1240 4216 1337 4277 parasiti
1345 4224 1391 4271 pet·

247 4288 307 4326 tum.
328 4278 481 4341 Spartian.in
488 4277 606 4327 Hadrian.
616 4276 728 4324 etlnstit.
736 4277 758 4325 d.
766 4277 810 4325 loc.
844 4293 920 4325 ronam
943 4280 996 4326 tude
1011 4280 1113 4327 attotam
1128 4287 1152 4327 et
1168 4278 1261 4342 mitius]
1283 4280 1392 4326 Personam

246 4342 365 4397 Quamvis
382 4341 535 4391 Callistratus
552 4342 592 4390 lib.
610 4341 644 4388 iii.
657 4343 676 4399 ξ.
691 4340 808 4390 luftde
841 4351 922 4388 autern
944 4342 984 4389 hic
1007 4342 1118 4405 intelligo
1139 4358 1188 4391 non
1212 4343 1315 4399 nomina,
1336 4334 1391 4400 quod

243 4410 292 4470 jur.
305 4406 355 4455 flac.
373 4405 436 4454 divis
452 4407 566 4456 fratribus
579 4406 624 4453 hoc
638 4406 735 4462 tribuat,
748 4421 807 4467 quo·
840 4416 925 4469 postca
947 4406 1080 4455 declarabo.
1116 4408 1303 4471 subjungitur
1334 4401 1390 4449 urio·

246 4486 302 4521 rum
323 4470 545 4529 constitutionibus,
565 4470 630 4533 quod
651 4481 708 4519 tunc
732 4470 807 4530 dubii,
842 4484 904 4527 nent,
917 4468 997 4533 primo
1014 4472 1081 4534 quasi
1099 4473 1203 4535 quodam
1219 4481 1283 4522 stetu
1315 4466 1389 4520 nitiva
