2834 4759
245 200 319 261 no
632 193 745 259 nou.
766 194 997 259 uctasma
1099 150 1105 160 ’

249 328 334 409 anjua
348 338 445 389 umen
458 346 559 389 verna
570 326 675 387 melina
687 326 726 388 de
738 326 1038 407 Plautojodicabtnt,
1051 346 1140 407 quam
1152 326 1205 407 qui
1216 344 1301 387 nnnc
1315 323 1399 387 fami·

249 409 319 471 liant
331 410 362 469 in
374 409 481 469 littorio
495 409 571 469 tueri
582 409 637 469 hac
650 421 738 469 atate
750 409 928 471 ereduntur:
944 410 998 488 qui
1008 428 1066 470 uec
1076 408 1178 478 recoli,
1191 428 1253 487 quo
1267 408 1358 479 vixit,
1371 420 1400 467 ct

251 510 321 570 quo.
343 510 410 551 cum
429 490 536 569 poetic,
557 501 617 549 tam
638 486 743 549 latina
761 489 869 569 lingua,
890 489 929 550 ad
948 510 1117 570 eupremum
1134 490 1251 549 culmen
1265 509 1306 548 ac
1319 489 1400 582 farti:

250 570 1400 731 etl‘lsslt0l¹¹;‚:t¹ztttf’⁰ll‘ttl‡'”12’ql¹3ttz¹tzt.‘¹3:lffi

251 734 333 804 bant,
354 733 454 793 intime
474 732 622 793 familiaria
642 752 676 791 ac
696 732 817 791 amicae.
856 733 992 811 Anqruto
1012 746 1119 802 autem,
1133 733 1246 811 optimo
1267 732 1398 810 ingenio·

251 834 318 875 rum
333 813 426 893 judici
447 826 507 873 tant
525 826 627 891 gratur
645 825 736 890 atquc
755 828 901 891 acceptor,
922 826 957 873 ut
975 833 1034 873 non
1053 834 1120 873 raro
1133 812 1337 892 lepidiaairnua
1350 812 1400 870 ho·

251 894 369 955 nuncio
391 897 428 954 ab
451 913 488 954 co
509 893 666 963 diceretur,
688 906 720 953 et
740 913 838 971 quern,
858 893 884 954 ai
907 895 1074 972 antiquitati
1093 894 1228 954 habenda
1247 893 1301 952 hic
1319 892 1398 960 fidet,

252 977 340 1035 etiam
363 976 470 1035 habere
491 976 528 1035 ab
550 974 680 1053 epistolia
703 975 827 1053 optavit.
868 974 1021 1041 Quicum
1044 988 1148 1035 eontm
1171 974 1247 1035 tanti
1269 973 1399 1033 Terentii

252 1056 356 1117 tenerit
368 1054 498 1124 fabellae,
513 1068 547 1115 ut
559 1068 588 1149 et
602 1056 729 1134 integrae
741 1076 780 1114 ex
795 1056 831 1115 iia
849 1058 938 1131 ῥήσεις
952 1056 1148 1135 deacripaerit.
1169 1070 1200 1116 ct
1219 1056 1336 1133 ubique
1354 1073 1399 1112 ac·

253 1135 751 1286 illaillsstsslll‘llltttfft
770 1137 1399 1296 ‘sletlf‘tllmtpt‘lltffl

253 1298 429 1359 noscendam
443 1297 584 1357 crederet.
625 1298 728 1365 Quare
742 1297 891 1357 videamus
904 1298 1016 1367 altem,
1030 1298 1102 1377 qnid
1121 1298 1220 1357 afferri
1238 1319 1299 1377 pro
1322 1310 1397 1355 utro·

254 1398 312 1459 que
326 1380 427 1458 poadt.
466 1378 511 1438 Ne
526 1379 572 1439 vel
588 1377 682 1439 Flacci
691 1378 838 1456 judicium
851 1379 882 1437 in
893 1392 1053 1457 poeterum,
1063 1378 1211 1447 ntaolent,
1222 1393 1279 1438 aut
1292 1377 1399 1437 Teren·

254 1461 328 1521 tiam
349 1480 450 1519 aecura
469 1460 590 1519 nimium
610 1459 748 1518 damnare
760 1458 879 1535 quidam
898 1471 1023 1539 pergant
1043 1460 1074 1518 in
1094 1460 1252 1520 comoedia.
1297 1457 1399 1517 Omnia

254 1554 353 1601 autem
366 1562 422 1620 pm
435 1539 552 1601 Horatii
561 1538 684 1619 judicio,
699 1540 751 1617 qui
765 1538 901 1599 Plautum
915 1540 957 1600 ric
971 1560 1111 1610 amamur,
1125 1554 1160 1600 ut
1172 1561 1190 1599 e
1203 1539 1343 1599 manibus
1354 1558 1397 1596 ra·

253 1622 368 1683 tiaaimc
387 1636 524 1700 putemne
544 1620 759 1699 deponendum,
777 1620 910 1679 dicentur
930 1622 1027 1699 potina
1041 1641 1128 1699 qnam
1147 1635 1263 1680 noatro.
1306 1620 1354 1679 Ac
1365 1616 1398 1675 dc

254 1704 383 1763 numeria
397 1700 514 1779 quidem
530 1701 668 1763 nonnulla
688 1701 844 1761 Donatuat
864 1719 924 1780 qua
935 1701 1024 1760 etiam
1044 1703 1074 1761 in
1093 1714 1177 1781 parte
1196 1701 1280 1761 ltaud
1296 1718 1397 1779 parum

252 1784 403 1845 veteribus
422 1781 567 1843 nonnullis
587 1781 698 1861 placuit
717 1780 884 1841 Terentina.
932 1781 1040 1842 Rufino
1060 1782 1179 1861 quidem
1199 1780 1397 1861 grammatico,

255 1884 323 1927 tum
336 1864 365 1923 in
386 1864 447 1923 uit:

366 1884 386 1943 q
462 1940 585 2011 Agnovit
594 1948 721 2005 uacuum,
860 1939 1141 1997 eTerentiuaartarn:

463 2009 535 2069 Nam
545 2011 674 2081 prologos
684 2011 808 2067 trimetro
846 2011 913 2067 dicit
922 2029 1085 2083 componete
1095 2028 1186 2077 ιοιιιι,

463 2080 661 2153 Sccnarutnque
672 2091 749 2137 actua
761 2082 862 2153 primae
873 2080 941 2155 pede
953 2082 1054 2139 claudit
1065 2082 1168 2139 codem.

254 2170 440 2249 Quamquam
461 2183 539 2231 certa
560 2169 677 2240 Fabius,
691 2191 750 2230 non
768 2171 885 2231 atetiaae
905 2172 982 2231 intra
1001 2172 1147 2231 trimetron
1167 2170 1315 2249 deplorat.
1355 2164 1395 2224 Ile

254 2272 313 2331 quo
335 2252 410 2312 forto
435 2250 505 2311 aliae
529 2250 635 2312 dicturi
661 2270 772 2311 sumna.
824 2252 874 2310 Ad
897 2251 1021 2312 alterum
1043 2252 1214 2331 priusquam
1239 2250 1394 2315 veniamus,

254 2332 389 2412 qnondam
410 2332 615 2412 premittenda
638 2346 748 2402 erunt⁸¹
777 2330 852 2391 Cum
876 2332 989 2393 eaedem
1010 2333 1164 2393 comoediae
1187 2328 1394 2413 propemodum

254 2427 323 2476 tunt
342 2427 440 2493 partea
461 2432 495 2473 ac
516 2413 678 2492 tragoediae,
700 2412 767 2473 finio
787 2433 904 2491 quoque
924 2434 964 2473 ex
984 2427 1066 2493 parte
1087 2414 1174 2481 idem,
1195 2434 1235 2473 ex
1257 2426 1341 2491 parte
1355 2408 1394 2467 di·

254 2514 367 2565 verene,
380 2493 472 2555 multa
485 2514 549 2553 eene
564 2495 680 2572 utrique
693 2495 857 2553 communia
878 2514 996 2555 neceaee
1009 2507 1064 2555 eat.
1106 2495 1265 2555 Delectare
1278 2492 1354 2551 enirn
1365 2506 1394 2547 at

253 2574 360 2639 docere
373 2588 419 2635 eet
432 2574 603 2637 contoedioe:
626 2594 720 2652 neque
733 2575 829 2635 minua
842 2575 946 2635 comici
959 2580 1112 2636 διδάσκαλοι
1122 2589 1153 2635 et
1161 2577 1393 2659 nummula

254 2676 342 2734 quam
363 2656 474 2734 tragici,
488 2676 505 2715 a
519 2654 633 2715 Graecia
646 2655 793 2715 dicuntur.
836 2655 900 2715 Nec
920 2677 1038 2716 movere
1052 2658 1144 2715 ritum
1163 2677 1234 2715 eane
1249 2652 1393 2715 constitut

255 2736 507 2879 οοιιιοεὲἱιιιιιῶἵῇἀ
525 2735 620 2874 ρίοείιίι
634 2736 1043 2893 auc‘upitppdp‘ap'epopolpit'aue.
1085 2737 1163 2797 Nam
1182 2734 1394 2873 ridiculam:

255 2832 335 2879 recte
378 2836 722 2886 mecaenatem
870 2860 878 2887 ‚
1013 2838 1030 2877 e
1099 2838 1135 2887 ις

255 2897 364 2959 lamiae
375 2897 499 2977 aliquam
511 2898 664 2976 corrumpit
678 2898 782 2977 alteque
795 2897 899 2957 morbo.
940 2838 1116 2958 Sicutldenda
1127 2837 1292 2958 etqdiioid
1304 2892 1393 2956 sacia

256 2979 282 3039 ti
294 2977 373 3039 nullo
384 2999 450 3041 cum
461 2977 561 3040 dolore
572 2978 629 3037 hoc
643 2977 703 3048 fiat,
717 2978 809 3039 ritum
822 2990 930 3039 mouet.
967 2977 1053 3041 Unde
1064 2979 1161 3057 ipaum
1171 2998 1292 3057 quoque
1302 2976 1392 3039 risum·

257 3076 357 3130 omnen
382 3059 444 3119 fere
472 3059 664 3136 antiquissimi
691 3057 858 3138 philoacphi
883 3058 1033 3138 indiguum
1060 3061 1191 3139 rapiente
1221 3058 1391 3138 judicarunt

257 3139 343 3213 Adeo
358 3152 391 3201 ut
404 3138 497 3209 Plato,
513 3152 651 3216 tanquam
664 3139 847 3219 sacrilegum.
862 3140 1013 3202 traducere
1027 3160 1085 3201 non
1097 3141 1213 3201 dubitet
1226 3140 1392 3201 Homerum,

256 3221 309 3299 qui
334 3221 460 3280 ridentes
484 3220 649 3279 introduxit
671 3218 761 3279 deon:
792 3220 873 3297 quod
893 3219 923 3279 in
945 3221 1062 3283 homine
1082 3242 1142 3282 non
1163 3228 1209 3295 ιῆι
1227 3224 1293 3289 eard
1310 3220 1390 3289 >dm

257 3320 360 3361 verum
373 3308 418 3374 τῆς
430 3302 483 3360 κατ’
497 3302 628 3375 αἴσθησιν,
644 3300 890 3378 quemadmodum
903 3300 1070 3380 philoaophi
1082 3301 1252 3380 loquuntur,
1263 3300 1391 3361 dead-'tw

259 3382 297 3441 sit
311 3382 444 3460 signum
466 3402 484 3439 a
498 3402 555 3459 qua
575 3381 661 3459 longe
676 3383 761 3441 abeat
780 3380 874 3441 deun:
894 3386 986 3456 οὔιὴὴ
1006 3388 1084 3443 οὐσία
1101 3388 1194 3461 λόγου,
1215 3388 1257 3443 καὶ
1269 3382 1390 3439 aalma

259 3462 347 3522 Unde
361 3461 502 3541 Thespia:

455 3544 535 3619 Ὀρᾷς
547 3545 588 3602 ὅτι
600 3546 662 3604 Zeila
673 3547 740 3621 τῷδε
750 3544 875 3620 πρωτεύει
887 3546 961 3615 θεῶν,

459 3628 497 3682 οιἰ
509 3628 616 3699 ψεῦδος,
630 3628 689 3683 οὐδὲ
702 3628 811 3699 κόμποι,
824 3628 857 3683 οὔ
867 3630 953 3700 pupdc
965 3628 1053 3701 γε’λον

458 3707 568 3776 ’Accedam
582 3710 612 3763 τὸ
625 3708 648 3763 d'
660 3708 707 3777 ἡδὺ
719 3712 813 3779 μοῦνος
825 3709 873 3763 οὐκ
884 3710 1029 3765 ἐπίσταται.

259 3800 360 3869 Quate
374 3799 514 3860 divinitus
528 3803 564 3860 ab
581 3799 739 3860 Arietotele
753 3800 864 3861 dictum
877 3814 931 3871 eat,
952 3814 1065 3881 partem
1079 3800 1270 3881 turpitudinis
1282 3784 1388 3861 aroald

259 3882 339 3961 quod
352 3895 398 3942 est
410 3880 573 3941 ridiculum.
616 3881 735 3941 Diaerte
748 3881 826 3940 enim
840 3882 890 3950 ait,
904 3884 945 3942 dra
957 3888 987 3942 τὸ
999 3890 1111 3959 γελοῖον,
1128 3890 1219 3959 μόρων
1229 3888 1277 3941 τοῦ
1290 3873 1388 3949 ιιὶιιχρθὕ

259 3968 340 4023 ἐστιν.
383 3961 428 4022 lta
442 3983 509 4041 quae
529 3962 577 4021 vel
598 3962 627 4021 in
647 3962 744 4022 verbia
757 3974 909 4021 auctorum
925 3963 973 4022 vel
993 3964 1136 4035 centibua,
1151 3963 1199 4023 vel
1218 3963 1249 4023 in
1268 3965 1387 4044 utrinque

258 4044 409 4103 hominum
429 4055 459 4102 et
479 4042 573 4112 iactis,
593 4055 645 4101 aut
665 4042 782 4102 detorta
800 4056 870 4102 eunt
886 4056 937 4101 tut
956 4044 1124 4124 depravata,
1138 4045 1250 4103 animoa
1270 4039 1385 4120 plebeo·

258 4124 444 4184 vehementer
457 4136 585 4193 movent,
599 4136 630 4182 et
642 4123 697 4182 hoc
711 4123 777 4200 ipao
790 4124 881 4183 riuum
894 4136 927 4185 ut
940 4123 1098 4204 plurimum
1111 4126 1274 4185 excutiunt.
1312 4114 1386 4175 1⁶0⁰·

260 4224 317 4283 que
338 4204 477 4265 inusitata
496 4204 575 4265 dicta
592 4216 623 4264 ct
636 4206 784 4274 obaooena,
802 4206 979 4282 optimorum
997 4205 1204 4275 cavillationea,
1220 4196 1384 4281 cingulorum

259 4285 456 4355 contumeliae,
478 4284 635 4345 sententiaa
655 4305 819 4363 pervemat,
841 4285 965 4363 ideoque
991 4284 1217 4365 inexspectata,
1237 4284 1343 4357 allutlue
1360 4264 1385 4327 ’ἀ

258 4384 351 4446 genua
364 4364 472 4445 (qualia
485 4366 608 4427 imitatio
621 4366 768 4425 dictorum
777 4365 825 4425 vel
838 4366 991 4437 factorum,
1001 4380 1033 4427 et
1045 4368 1175 4447 inprimis
1188 4344 1386 4445 improbem)

258 4448 349 4509 riuum
369 4446 495 4509 maxime
509 4448 545 4509 ιἰι
558 4446 713 4521 coneedit,
726 4464 815 4527 quarn
827 4460 958 4512 veteram
977 4445 1312 4530 dietbantexpraaaiut
1324 4448 1384 4496 ⁰⁰⁰·
