2834 4759
40 155 154 203 seusu
170 134 210 221 a]
484 137 556 205 PH
563 132 759 205 ORMIO.
1139 142 1212 207 591.

131 270 270 337 Servom
282 268 445 341 homnem
458 296 589 339 causam
604 296 697 341 orare
712 273 802 359 leges
816 294 883 339 non
899 274 1025 343 sinunt:

131 369 256 454 Neque
270 372 443 438 testimonii
457 372 632 441 dictioest.
670 372 739 436 Du.
756 372 857 437 Mitto
872 374 994 437 omniu:

132 467 240 533 Addo
254 470 358 535 istuc:
380 471 569 555 imprudens
583 471 689 535 timuit
703 469 910 535 adolescens:
935 472 1016 537 sino.

86 576 121 624 ot
134 564 194 629 Tu
209 588 341 631 semus:
364 589 475 633 verum
490 570 518 633 si
531 579 670 653 cognata
685 580 737 633 est
751 591 909 647 maxume,

128 664 211 729 Non
227 665 289 729 fuit
301 688 436 731 necesse
450 666 589 732 habere:
614 667 685 745 sed,
701 667 735 731 id
751 668 840 751 quod
854 666 908 731 lex
918 668 1026 753 jubet,

127 763 254 828 Dotem
269 765 409 829 daretis:
433 777 595 849 quaereret
609 765 707 831 alium
722 768 835 832 virum.

128 861 210 933 Qua
224 864 347 926 ratione
361 864 490 947 inopem
504 865 613 947 potius
629 864 772 929 ducebat
788 865 940 929 domum?

129 958 200 1023 Gn.
216 959 296 1025 Non
311 962 404 1038 ratio,
420 984 532 1025 verum
546 972 716 1047 argentum
731 962 854 1027 deerat.
894 962 962 1027 Da.
979 962 1128 1029 Sumeret

40 1170 235 1235 cumprime
251 1171 315 1220 fecit
344 1172 378 1220 Et
394 1171 484 1233 adjecit
502 1171 551 1221 alia
570 1171 609 1221 sui
641 1170 800 1233 συγχώρησις.
843 1170 877 1219 Et
897 1170 993 1235 singula
1013 1171 1203 1235 pronuncianda,

40 1237 150 1285 nominis
167 1236 321 1299 adiumenta:
345 1252 402 1285 nam
422 1237 443 1285 si
459 1237 543 1300 utique
565 1238 608 1285 do-
641 1245 670 1284 ut
679 1236 750 1301 plura
761 1236 896 1285 videantur.
930 1238 1007 1293 Mitto,
1020 1236 1142 1293 Sino‚vim
1159 1237 1203 1286 hu-

40 1302 123 1349 minus
131 1310 233 1349 coactus
245 1301 302 1349 iecit
312 1301 462 1364 omuiuquae
471 1302 608 1359 factasunt,
641 1301 699 1349 bcnt
715 1311 799 1349 contro
814 1300 963 1348 voluntatem
979 1302 1141 1349 concedentis.
1171 1302 1203 1351 1).

39 1381 120 1429 neque
138 1366 241 1414 libertas
257 1366 307 1414 ulla
325 1366 373 1414 fuit
390 1369 421 1414 ad
440 1366 608 1415 contradicen-
640 1365 723 1413 -l'ro
731 1368 807 1421 Adde,
824 1365 887 1428 quod
905 1366 981 1413 nostri
999 1366 1096 1423 habent,
1116 1366 1204 1430 praelcr

42 1431 108 1488 dum,
121 1441 217 1494 quanto
227 1430 305 1493 magis
315 1430 434 1487 servulus,
449 1432 489 1479 cui
504 1430 530 1479 in
549 1447 607 1480 con·
642 1430 755 1478 Bembini
766 1433 840 1487 Addo,
859 1430 922 1492 quod
940 1430 1018 1493 magis
1034 1431 1150 1479 convenit
1166 1431 1203 1479 illi

41 1495 136 1544 ditione
156 1496 285 1544 servitutis
301 1496 377 1544 libere
393 1496 460 1558 loqui
479 1512 528 1543 non
544 1497 608 1553 licet,
640 1499 712 1551 mitto,
725 1504 751 1543 et
761 1498 817 1543 sino.
843 1496 871 1542 B.

41 1575 121 1623 neque
132 1561 303 1609 testimouium
314 1560 402 1619 dicere,
417 1576 496 1623 neque
511 1576 609 1610 causam
674 1561 713 1607 65.
745 1562 780 1607 Tu
802 1576 896 1608 ceroto:
924 1576 1000 1639 oerum
1014 1563 1036 1608 ci
1055 1568 1151 1635 cognpta
1168 1568 1204 1637 5⁸⁸

43 1640 115 1737 ²3ng
124 1626 218 1738 lierlidu
234 1692 344 1738 tonum
358 1706 450 1738 caucum
465 1706 532 1738 orare
547 1694 608 1753 leger
639 1623 1204 1765 mciii?lizinllitldrilliluilojliirinpllrnclld

42 1754 191 1818 mdnunt]
211 1754 267 1802 Hoc
278 1755 343 1802 enim
361 1754 445 1818 (nanc)
456 1755 524 1817 quasi
535 1754 605 1815 igno·
639 1765 761 1817 praeparat
780 1754 860 1802 locum
879 1754 980 1802 fallaciae
999 1754 1153 1803 Phormionrs
1172 1755 1203 1804 de

43 1819 189 1868 rantidicit:
202 1820 246 1867 sed
254 1820 404 1868 stomachose
412 1819 609 1875 admonetvelut
639 1818 696 1866 dote
719 1818 866 1882 accipienda.
904 1821 986 1867 Verum
1007 1824 1028 1867 ri
1050 1828 1147 1882 cogitato
1168 1828 1204 1869 cst

43 1883 152 1941 stultum,
165 1884 272 1947 quirem
284 1885 437 1932 manifestam
449 1900 498 1933 non
509 1884 606 1947 cogitet.
639 1882 754 1945 maxume]
772 1886 809 1943 Τᾷ
825 1882 950 1943 ἱδιωτισμῇ
966 1884 1035 1932 addit
1047 1884 1077 1932 cl
1093 1902 1202 1933 maxume.

44 1950 132 1996 Servom
145 1953 361 1996 tmuiumccucam
372 1966 437 1997 orare
449 1952 606 2012 legecnonci-
640 1949 704 1995 Nam
722 1948 822 1996 sivcest
838 1959 947 2011 cognata,
964 1948 1016 1996 sice
1031 1964 1079 1997 non
1097 1958 1204 2007 estnon

44 2012 112 2075 unt]
132 2014 241 2062 vetuste
260 2016 375 2062 hominem.
399 2014 497 2062 Sallust.
515 2013 542 2062 in
560 2015 606 2062 Ju-
639 2012 727 2076 recipit
737 2015 766 2060 τὸ
782 2014 877 2071 μᾶλλον
893 2012 932 2060 sul
947 2012 977 2060 τὸ
993 2010 1082 2069 imm
1100 2014 1145 2061 hoc
1158 2024 1202 2072 est,

44 2078 130 2138 gurtha
141 2078 185 2127 xii.
201 2082 277 2130 Quum
287 2082 378 2126 interim
389 2081 510 2140 Hicnpccl
519 2082 606 2139 reperi-
639 2092 688 2124 non
705 2077 795 2125 dicitur
811 2077 916 2125 maxime
932 2088 1041 2139 cognata,
1059 2088 1085 2126 et
1100 2088 1204 2141 cognatu

44 2146 606 2205 returoccuitcmcintaguriomuiieriiancillae.
639 2140 757 2196 minime:
774 2142 818 2189 scd
828 2151 871 2190 aut
887 2150 930 2197 est,
948 2152 1055 2190 autnon
1072 2152 1116 2191 cst.
1151 2142 1203 2191 Alli

45 2208 133 2254 Servom
144 2210 257 2255 hominem
267 2224 358 2256 musam
369 2224 435 2255 crure
450 2212 510 2270 kgec
520 2226 563 2255 non
574 2212 607 2255 ci-
639 2206 674 2253 sic
697 2207 818 2262 ordinant,
840 2206 897 2254 Non
916 2206 964 2255 luit
981 2221 1080 2254 necesse
1098 2208 1203 2255 maxime

45 2271 111 2334 mr]
125 2272 192 2320 Mire
201 2272 345 2321 extenuavit
354 2272 518 2321 conditionem
530 2287 607 2330 suam,
639 2271 736 2319 habere.
771 2271 829 2327 Alii,
852 2271 896 2319 sed
921 2271 946 2318 id
969 2272 1033 2333 quod
1059 2272 1100 2319 lex
1125 2274 1202 2334 jubet,

45 2333 146 2384 dicendo
158 2353 210 2385 non
223 2338 425 2393 mmsedcercm
446 2338 481 2385 Et
496 2337 608 2386 addendo
639 2334 746 2382 maxime
768 2336 849 2383 dotem
872 2335 969 2383 daretis.
1006 2337 1155 2385 D.-Verum
1183 2340 1205 2385 si

46 2401 158 2459 maen,
170 2402 298 2450 moraliter
307 2400 403 2449 locutus
415 2413 459 2449 est.
485 2402 525 2449 Sic
538 2402 606 2464 Virg.
640 2408 737 2463 cognata
746 2399 794 2462 eat]
808 2400 889 2448 Senex
900 2400 982 2448 omnia
993 2410 1135 2464 argumenta
1144 2418 1203 2450 con·

47 2478 68 2509 x
81 2465 134 2514 719.
157 2469 258 2515 Venerat
273 2470 375 2530 antiquis
392 2469 466 2514 Con‘ti
483 2470 511 2515 de
521 2470 609 2527 finibus
640 2464 816 2513 cedit....ad
827 2464 947 2527 (concedit,
959 2482 1002 2513 non
1014 2474 1089 2514 manen
1100 2470 1205 2515 admittit

47 2531 126 2587 Acron,
140 2534 230 2579 Graiu
246 2534 314 2579 tono
341 2534 439 2579 Quam
455 2530 534 2594 orare]
551 2532 608 2579 Nou
642 2529 683 2590 Z.)
693 2528 850 2587 veniam,sed
861 2530 962 2593 opponit
973 2530 1046 2593 leges,
1056 2546 1109 2593 quoe
1117 2531 1206 2593 jubent

47 2590 176 2659 improprie
189 2598 302 2657 (Gauron
315 2613 381 2644 crure
399 2600 513 2659 legerim
523 2600 607 2643 sinum
640 2604 669 2641 ut
690 2594 735 2642 dos
757 2596 822 2643 orbae
844 2595 896 2641 dari
919 2595 1003 2657 possit.
1037 2596 1086 2643 sed
1108 2596 1155 2654 hic,
1177 2606 1205 2645 ut

47 2658 167 2719 Proprie).
186 2660 229 2709 Sic
242 2660 308 2723 Virg.
322 2661 353 2708 vi.
365 2663 420 2709 849.
433 2664 537 2708 oraim
552 2678 608 2709 cou-
640 2674 715 2722 supra
726 2658 840 2716 diximus,
851 2658 957 2707 occurrit
967 2674 1011 2722 per
1022 2659 1142 2709 venialem
1153 2670 1203 2709 sta-

47 2736 83 2767 m
99 2728 187 2773 nelias.
214 2727 373 2773 D.-Seroum
391 2728 499 2773 immacu
518 2742 609 2773 causum
640 2732 700 2779 mm,
713 2723 777 2785 quod
794 2733 921 2786 argentum
938 2724 1022 2772 deluit.
1056 2726 1135 2779 Quam
1151 2742 1205 2774 rem

48 2787 123 2850 orare]
137 2790 254 2839 Comicus
269 2790 334 2853 apud
347 2789 441 2839 Philon.
453 2791 482 2837 ot
492 2789 538 2851 γὰρ
549 2808 607 2850 per·
640 2804 696 2836 cum
703 2788 822 2846 solvisset,
830 2788 1082 2838 scncxdicitSumeret
1091 2793 1204 2849 alicunde,

49 2850 105 2898 cim
119 2857 168 2902 τᾶν
184 2854 262 2914 νόμων
278 2854 372 2903 δούλοις
388 2854 440 2916 ἔφυ.
466 2855 528 2919 lmp.
541 2857 607 2903 Con·
641 2852 679 2900 vel
692 2852 792 2901 loetrore.
822 2852 1045 2902 Solutaesttamcn
1058 2888 1064 2901 .
1078 2890 1083 2901 .
1096 2889 1103 2901 .
1117 2860 1205 2915 (tomen

49 2923 117 2963 stant.
133 2921 199 2967 Seni
216 2923 231 2953 ⁸
246 2920 355 2981 rejiciant
372 2924 396 2967 ia
409 2920 466 2982 jure
483 2936 608 2980 perronae:
640 2918 789 2978 om'mtiotaec
799 2934 886 2966 aceruo
894 2918 943 2979 Ζ.),
951 2918 1015 2981 quod
1023 2918 1121 2981 negavit
1129 2920 1203 2969 licere

49 2982 260 3044 quiotajaccenodi
268 2987 403 3032 conditioaic
414 2987 540 3032 hominibusi
551 3002 607 3033 cau-
641 2982 807 3058 6liotlamiliae
823 2993 931 3031 mutuam
949 3017 1056 3031 ......
1075 2986 1203 3047 pecuniam

49 3048 608 3179 ”iiiiiiis'l'ml‘mmomoem
640 3046 1205 3173 {Zieliiililf'l'fl⁰¹⁹if“’''⁴''²‘'⁰¹”⁰“''‘“’”

49 3173 131 3234 lnquit,
142 3192 215 3239 quam
228 3193 277 3225 non
289 3178 361 3226 liceat
371 3194 442 3226 servo
453 3193 498 3241 pro
509 3178 608 3225 domino
673 3177 712 3223 66.
730 3180 775 3225 Sed
790 3180 816 3224 id
847 3180 891 3224 uod
906 3180 943 3224 lea·
952 3176 1029 3238 jubet,
1046 3180 1119 3226 dotem
1136 3181 1204 3229 dare·

49 3234 144 3287 diecret
167 3258 213 3291 nee
233 3242 304 3291 testis
322 3242 376 3290 loco
397 3243 499 3306 produci
519 3252 607 3306 potest.
640 3240 683 3303 tia]
703 3241 733 3289 ld
750 3242 813 3303 quod
830 3194 870 3289 ies
884 3242 966 3302 jubet:
985 3242 1060 3290 ordo:
1078 3243 1113 3291 sic
1126 3244 1206 3306 (jubet

50 3300 126 3363 Neque
144 3307 423 3370 summonitionem]
444 3307 531 3354 Varie:
558 3322 607 3355 non
639 3309 700 3353 orba
716 3310 777 3368 cci).
792 3306 860 3369 Virg.
883 3306 934 3355 Ecl
952 3306 986 3355 iii.
1010 3310 1048 3355 35.
1072 3310 1161 3366 Verum,
1178 3313 1205 3357 id

50 3364 112 3413 enirn
138 3368 209 3429 dixit,
237 3374 318 3435 Ncqroe
346 3375 497 3420 artimoniensi
523 3376 606 3419 dicere.
639 3373 700 3433 quod
732 3374 802 3419 multo
833 3380 881 3419 tuta
914 3375 962 3432 ipse
986 3370 1093 3434 fatebere
1122 3375 1204 3436 mojru.

50 3428 214 3499 liittoonnia]
228 3436 262 3484 Et
274 3440 325 3498 jam
341 3437 387 3485 lroc
421 3437 607 3493 crdiditscnex,
640 3436 756 3483 D.-l’ro
778 3452 866 3485 necessa
883 3435 932 3484 duo
951 3446 1009 3484 vett.
1033 3438 1109 3485 nostri
1128 3456 1204 3487 mcer-

51 3496 110 3552 quod
120 3498 249 3549 ridebatur
263 3500 394 3549 validuma
422 3501 608 3549 accurationem.
640 3517 696 3549 mm.
721 3502 749 3548 B.
1204 3510 1208 3515 ’

53 3554 89 3604 1⁸⁸
102 3564 219 3622 gradatim
237 3566 380 3629 illisingula
396 3566 571 3623 subducuntur,
584 3576 610 3613 et
674 3565 713 3615 67.
738 3565 856 3619 Quoerarct
877 3568 947 3614 alitem
967 3565 1054 3629 virum]
1079 3568 1204 3626 Quoereret,

51 3628 204 3677 aoemtionis
215 3630 322 3694 impetus
333 3631 463 3679 evanescit.
492 3632 608 3678 D.-Ne-
641 3646 714 3693 quam
730 3630 845 3679 idoneum
862 3642 899 3678 cst
910 3630 940 3677 ad
957 3630 1160 3692 significationem
1177 3650 1204 3681 o·

51 3699 90 3757 φ
106 3696 226 3743 unumst
241 3694 325 3759 dictio]
344 3695 520 3759 Harmenopul.
538 3695 578 3743 lib.
591 3694 607 3742 i.
641 3694 753 3742 diorum!
790 3694 915 3757 Virgilius,
944 3704 1033 3757 querat
1052 3698 1097 3743 ciii
1110 3695 1206 3758 sordere

52 3758 86 3795 Μ·
94 3752 115 3800 6.
122 3756 187 3813 Ml.
197 3761 292 3809 Δοῦλος
299 3760 327 3807 oi
334 3762 457 3823 mpropsi:
471 3760 510 3807 lib.
516 3760 569 3807 xiii.
578 3761 607 3808 C.
643 3762 740 3807 Turnus.
765 3760 796 3808 D.

52 3810 137 3865 Theod·
155 3822 186 3869 de
204 3824 257 3872 Fid.
276 3834 330 3872 test.
347 3825 387 3873 tiu
397 3825 431 3872 xi.
449 3826 477 3872 C.
495 3825 558 3872 Just.
577 3825 608 3872 de
673 3824 711 3871 68.
734 3826 784 3875 Quo
802 3828 890 3873 ratione
908 3828 994 3886 inopem
1012 3828 1090 3886 potius
1107 3828 1205 3875 ducebat

52 3874 138 3930 restio
156 3886 242 3936 Novel.
260 3889 349 3937 lustin
365 3891 404 3937 90.
417 3905 470 3953 cap
483 3890 505 3937 6.
519 3889 607 3937 Nocel.
639 3888 760 3951 dommi]
780 3890 872 3951 Magno
883 3889 964 3937 sonitu
974 3888 1063 3945 intulit,
1076 3890 1140 3951 quod
1157 3891 1203 3938 mi-

101 3960 122 3992 n·
134 3951 172 3998 49.
185 3953 254 4001 Servi
266 3964 348 4002 tamen
358 3969 475 4018 responso
491 3963 542 4002 tum
554 3969 606 4001 cre·
640 3968 687 4001 nus
703 3954 822 4003 momenti
839 3954 911 4002 habet
925 3954 1041 4001 adversus
1057 3969 1099 4001 eos
1110 3954 1152 4016 qui
1163 3970 1203 4004 ao·

52 4002 151 4061 <lendum
163 4028 207 4076 eat,
218 4034 275 4067 eum
285 4019 334 4067 alia
349 4018 461 4082 probatio
471 4018 503 4066 ad
518 4034 606 4067 eruen-
639 4028 763 4075 curantur,
785 4033 856 4081 quam
878 4018 919 4066 illa
941 4018 1073 4083 superiora.
1113 4022 1205 4081 Inopem

53 4067 104 4141 {¹2¹⁰
119 4078 245 4131 veritatem
265 4098 315 4131 non
335 4094 379 4132 est.
414 4083 546 4133 Modestin.
565 4082 606 4132 lib.
636 4086 715 4144 potius
731 4085 829 4130 ducebat
845 4082 968 4146 domuml]
987 4084 1043 4131 Non
1061 4086 1147 4145 inopem
1161 4102 1204 4146 po-

53 4136 225 4258 milesia?
234 4147 334 4261 {pallide
346 4147 479 4262 misit-L.
492 4216 509 4261 't
518 4216 584 4261 mk
641 4151 695 4259 tirp,
707 4149 751 4260 lid
762 4151 840 4209 potius
851 4151 948 4197 ducalem
959 4148 1205 4211 subdistinguendum

112 4236 119 4249 ·
215 4229 236 4260 u
290 4230 299 4259 c
442 4230 497 4260 rum
584 4230 607 4261 c·
641 4227 685 4260 es.
735 4247 742 4260 .

54 4262 112 4326 Μ’]
130 4269 189 4321 Huc
199 4277 281 4325 ormria
296 4230 371 4326 ilion
387 4278 509 4326 causalem
525 4278 608 4326 adar·
673 4278 712 4325 69.
730 4279 783 4325 Non
799 4280 867 4335 ratio,
883 4294 959 4325 cerum
975 4286 1095 4341 argentum
1111 4278 1203 4343 deerat]

54 4337 236 4401 &Patiundum
257 4341 308 4391 vim
332 4343 430 4391 liabent.
473 4345 609 4403 Imprudens
641 4342 698 4391 Hoc
706 4340 895 4391 italudibundus
903 4342 1085 4403 absolvitGetu,
1094 4352 1122 4393 ut
1130 4344 1204 4393 etiam

55 4394 125 4443 Μ
139 4404 284 4463 airinom
308 4406 372 4472 cino]
392 4409 482 4471 Σχῆμα
499 4408 608 4469 διανοίας,
641 4408 710 4471 quasi
721 4408 857 4473 periocum
868 4409 1021 4472 respondeat.
1046 4408 1078 4458 D.
