2834 4759
222 536 553 718 uuum
597 601 1081 719 Tuuuurfl

403 835 857 992 'PHORMIQ

77 1298 160 1342 AC'IA
173 1297 271 1341 LUDIS
287 1296 450 1353 ROMANIS,
462 1297 492 1340 L·
504 1296 698 1340 POSTIIUIIIO
711 1296 848 1353 ALBINO,
863 1297 892 1340 L.
904 1296 1076 1341 CORNELIO
1090 1296 1230 1341 MERULA

117 1401 253 1445 AEDILIB.
265 1400 424 1444 CURULIB.
440 1400 554 1443 EGERE
565 1400 595 1443 1..
612 1399 774 1443 AMBIVIUS
792 1398 929 1457 TURPIO,
945 1399 976 1444 L.
992 1400 1125 1444 ATILIUS
1142 1400 1232 1443 PIIAE·

118 1503 294 1546 NESTINUS.
329 1502 441 1545 MODOS
464 1502 561 1545 recu·
584 1500 729 1544 FLACCUS
755 1500 890 1557 otmunt,
913 1501 1014 1545 TIBIIS
1038 1500 1230 1546 INPARIBUS.

118 1604 207 1649 TOTA
230 1604 351 1648 GIIAECA
372 1603 596 1648 APOLLODORU
622 1602 915 1647 EI’IDICAZOMENOS
941 1604 1047 1649 FACTA
1072 1604 1142 1649 ES'I'·
1167 1604 1230 1648 1111.

118 1707 146 1752 C.
164 1708 308 1764 FANNIO,
323 1706 360 1750 M.
377 1706 526 1750 VALERIO
540 1706 626 1750 COSS.

475 1904 838 1979 PROLOGUS.

160 2048 350 2117 Posroum
366 2057 464 2132 poeta
478 2057 572 2111 vetus
586 2056 715 2132 poetam
730 2068 795 2110 non
810 2056 919 2131 potest

159 2145 346 2212 Retrahere
363 2169 383 2209 a
398 2145 518 2223 studio,
534 2156 568 2209 et
583 2144 753 2209 transdere
768 2144 929 2211 hominem
943 2146 976 2211 in
991 2146 1108 2211 otium:

110 2283 130 2330 l.
147 2284 272 2345 Poetqeom
281 2289 349 2342 poeto
359 2286 423 2328 vetur
432 2290 522 2341 poetam
532 2296 575 2327 nort
586 2286 637 2340 pot-
672 2278 745 2328 tendo
756 2278 911 2343 prologorum
921 2280 1129 2339 consuetudinem,
1143 2290 1167 2329 et
1179 2290 1233 2331 ten-

77 2344 121 2408 eet]
141 2344 509 2395 HocInitiumedeetructione
527 2353 639 2407 personet
671 2354 722 2391 tum
741 2342 869 2393 meledicta
883 2346 1004 2409 ponendo.
1039 2346 1106 2394 Huic
1118 2362 1162 2409 per
1173 2361 1232 2409 qua-

77 2412 207 2460 edrerserii
224 2412 336 2465 sumitur,
353 2411 510 2471 conjunctum
526 2424 581 2457 cum
599 2408 638 2457 in·
670 2408 765 2457 litatem
790 2410 940 2474 respondet:
969 2409 1135 2459 adversarium
1162 2426 1233 2460 suum

78 2474 213 2525 sinuatione
220 2473 498 2540 persoooe'l'erentianae.
516 2476 639 2536 Postquam
671 2488 758 2536 cogere
775 2490 808 2530 se.
822 2483 849 2522 ut
864 2473 930 2524 istud
947 2476 1010 2538 quod
1022 2474 1152 2524 Terentius
1166 2475 1233 2532 fecit,

76 2549 215 2601 paeteretur
229 2548 319 2601 poetam
335 2556 379 2587 nort
393 2538 480 2601 potest]
494 2538 559 2587 Note
573 2546 637 2599 pott-
670 2538 749 2603 possit
760 2538 862 2587 efficere.
891 2542 1013 2603 Postquam
1028 2549 1097 2603 poeto
1112 2538 1188 2604 uetur]
1204 2541 1233 2590 td

78 2622 141 2665 meet
158 2606 225 2672 spud
241 2616 336 2653 veteres
352 2620 402 2651 non
418 2603 542 2667 preterito
558 2603 638 2661 modo,
671 2613 717 2659 est,
737 2603 840 2651 Luscius
861 2602 986 2653 Lunvinus
1005 2617 1101 2670 poetom
1122 2616 1232 2654 nostrum

77 2671 203 2719 sedetiam
215 2668 330 2735 praesenti
343 2668 449 2732 tempori
460 2667 567 2731 adjungi,
597 2668 638 2725 Ut,
671 2668 814 2717 Terentium
823 2684 871 2717 non
879 2670 958 2733 potuit
968 2686 1086 2728 coercere,
1095 2686 1142 2733 quo
1153 2670 1233 2719 minus

79 2734 208 2784 retem.
237 2738 361 2798 Postquam
374 2751 415 2782 nee
425 2735 639 2796 AmoryIIr'rIobet.
671 2733 803 2781 oomoedies
814 2734 938 2791 scriberet,
949 2745 974 2782 ot
984 2734 1106 2783 hominem
1117 2734 1147 2783 ed
1157 2735 1233 2783 otium

79 2802 174 2849 Goieteo
196 2802 300 2862 reliquit.
341 2799 493 2860 Quamquam
516 2807 574 2846 sunt
596 2798 638 2861 qui
670 2808 803 2854 revocaret,
820 2798 895 2863 ooepit
910 2814 965 2847 eum
981 2800 1116 2849 meIedictis
1133 2810 1231 2857 terrere,

78 2866 197 2927 Poerqm
211 2864 364 2928 sImpIIcitet·‚
376 2878 420 2927 pro
436 2866 547 2925 quendem,
560 2862 638 2927 accipi
671 2862 773 2911 credens
782 2878 831 2911 nou
843 2864 989 2928 scripturum
999 2865 1129 2912 comoedies
1138 2864 1232 2912 Teren-

77 2930 158 2978 velint.
194 2932 318 2992 Poetqeert
332 2936 401 2991 poeto
419 2926 496 2991 vetur]
518 2926 567 2981 Qui
587 2930 638 2990 jem
671 2927 740 2985 tium,
764 2928 785 2975 si
808 2928 831 2976 ei
854 2944 919 2991 srepo
945 2928 1107 2977 malediceret.
1142 2928 1233 2991 Objicit

77 2993 117 3042 diu
134 3006 178 3054 est,
197 3010 249 3043 non
265 2994 307 3057 qui
319 2995 372 3056 jem
388 2992 431 3041 diu
446 2992 499 3040 tuit.
534 2992 600 3055 Ergo
611 3002 640 3040 ut
670 3004 791 3104 proeteree
812 2992 916 3057 primam
940 2992 1148 3057 quaestiunculam,
1169 2994 1233 3057 quod

75 3057 165 3118 vinum,
189 3068 275 3108 veter.-
305 3074 354 3106 non
376 3068 455 3113 vetus,
478 3070 506 3105 ut
532 3056 636 3106 Erimus
681 3072 737 3105 eves
748 3058 879 3106 comoedias
889 3058 1020 3107 Terentius
1029 3059 1120 3107 fecerit.
1141 3060 1231 3107 Crimi-

77 3126 197 3188 Peetqeoet
207 3132 276 3187 poeto
286 3131 350 3172 retur
359 3120 462 3185 poetam]
474 3122 586 3170 Jocundu
597 3137 636 3169 re·
669 3122 871 3185 neturquodnou
880 3124 945 3180 fecit,
956 3125 1019 3187 quod
1029 3124 1132 3172 Luscius
1143 3124 1232 3173 tanvi-

76 3189 173 3251 petitio:
199 3199 236 3247 ut,
256 3189 313 3236 AErt
333 3188 376 3235 xii.
397 3189 449 3235 189.
474 3189 536 3235 Dr'eo
554 3190 636 3242 deam
670 3202 716 3235 nus
737 3188 762 3234 in
783 3188 909 3237 comoediis
927 3188 991 3237 iecit
1037 3189 1074 3237 Ita
1095 3190 1124 3237 Iit
1144 3190 1233 3251 objecti

76 3262 107 3310 et,
127 3255 185 3303 AEu.
205 3254 222 3302 i.
242 3254 297 3301 688.
315 3260 379 3301 retes
398 3256 467 3313 pueri
486 3268 545 3313 puer
566 3255 636 3300 iudet
668 3251 1233 3315 crimiuieexquedsrnadvetsoriiaccusatione

75 3321 156 3367 erute.
188 3322 313 3381 Postquam
329 3326 397 3379 poeta
412 3326 476 3365 ceter
490 3324 579 3378 portem
594 3333 638 3364 nort
669 3316 790 3380 purgatio.
819 3318 850 3366 E.

74 3384 159 3448 potest]
177 3383 317 3433 ’Antenor
332 3382 439 3446 primum
455 3396 500 3445 per
516 3379 639 3443 σύλληψιν
703 3382 725 3429 2.
749 3384 875 3431 Retrahere
898 3400 913 3431 α
935 3382 1024 3447 studio]
1051 3382 1091 3431 sie
1116 3382 1231 3447 quuitur,

76 3447 185 3510 primam,
198 3450 235 3497 ite
250 3458 280 3496 ut
295 3447 447 3495 extrinsecus
463 3462 542 3494 uocum
558 3445 638 3494 audiri
670 3446 738 3507 qussi
751 3462 802 3495 rem
814 3448 934 3495 scenicam
944 3448 1021 3511 magis
1032 3447 1119 3497 laedere
1128 3450 1234 3498 voluerit

76 3524 171 3574 postem
182 3523 302 3577 oporteat.
327 3510 474 3560 D.-Semel
493 3510 537 3559 tibi
553 3510 637 3558 datum
671 3510 781 3568 Luscius,
806 3528 877 3575 quem
903 3512 1053 3561 Terentium.
1090 3512 1231 3577 Tronsdere]

75 3589 225 3643 preceptum
252 3578 317 3626 circe
342 3576 456 3641 prologos
479 3585 637 3640 perseverett
674 3576 802 3624 Tremdere
823 3590 918 3625 veteres
944 3576 1077 3633 sonantius,
1101 3580 1165 3640 quod
1188 3594 1234 3627 nos

78 3656 200 3706 uunquam
217 3641 362 3691 Terentium
379 3640 473 3689 tatione
485 3640 521 3688 uti
537 3640 563 3687 in
580 3655 638 3703 pro·
670 3639 750 3689 lenius
767 3640 870 3691 dicimus
888 3644 994 3691 tradere:
1012 3652 1040 3689 ut
1056 3644 1173 3700 tralatum,
1187 3658 1233 3691 uos

76 3705 144 3769 Iegis,
151 3724 199 3771 que
206 3718 310 3756 utuntur
317 3722 415 3755 omnes:
432 3705 584 3770 quippecurn
594 3706 637 3753 ed·
671 3708 807 3753 translatum
824 3722 838 3754 e
855 3706 983 3754 contrario.
1012 3710 1044 3754 Et
1060 3710 1178 3755 transdere
1193 3710 1232 3755 tto-

77 3774 198 3822 vertariuc
225 3772 328 3820 Luscius
355 3770 480 3819 Leptinus
502 3768 638 3819 maledictis
669 3770 764 3833 mtrem]
777 3770 876 3819 Comice
887 3781 912 3819 et
927 3782 1028 3819 venuste
1044 3770 1148 3819 inseruit
1161 3774 1231 3820 itemt-

76 3834 271 3900 frequentiseime
279 3851 335 3885 eum
346 3846 489 3899 persecutus
500 3834 540 3892 sit,
550 3834 638 3897 quibus
670 3851 735 3882 nem:
753 3845 788 3893 ut,
798 3836 855 3883 AEo.
867 3852 888 3883 r.
902 3836 957 3883 259.
986 3836 1085 3883 Leuibus
1095 3839 1148 3884 trote
1159 3840 1233 3886 terris

77 3912 172 3963 oportet
193 3903 220 3950 itt
240 3902 342 3965 prologo
363 3900 518 3964 respondere.
566 3900 638 3948 Hanc
670 3908 795 3947 concertant
810 3916 909 3963 auroque
927 3904 1024 3949 trt'ir'eem
1038 3902 1149 3958 Loretum,
1167 3919 1234 3965 quem

78 3966 172 4027 quidem
180 3967 339 4030 qtraestionem
348 3965 420 4014 etitem
431 3966 483 4028 ipsc
491 3964 560 4012 fecit:
574 3965 637 4027 quoti
671 3966 776 4013 Demoleo
786 3968 920 4013 detruserat
931 3968 979 4029 ipse
998 3968 1082 4022 Vtetur,
1094 3968 1158 4028 opud
1168 3970 1234 4028 ropi-

77 4032 141 4080 enim
152 4031 292 4088 Terentius,
302 4046 425 4095 nunquam
438 4029 545 4093 prologis
557 4041 638 4077 utere·
671 4031 725 4077 dunt
742 4030 856 4077 Simoente
872 4032 914 4077 rub
928 4032 973 4078 Ilio
986 4034 1041 4087 olto,
1053 4033 1132 4079 Donat
1149 4034 1232 4081 Iabere

78 4104 123 4153 tur,
137 4096 185 4145 nisi
201 4097 304 4144 heberet
319 4095 486 4144 adserendum
503 4094 543 4142 cui
560 4094 635 4142 moie-
668 4098 724 4151 ot'ro,
747 4096 815 4142 decer
837 4102 860 4142 et
883 4102 984 4143 tutamen
1007 4098 1032 4143 t'rr
1053 4099 1130 4143 ermis.
1163 4098 1233 4145 D.—

77 4158 175 4220 dicerer,
198 4172 291 4209 certum
315 4171 359 4209 est.
395 4160 434 4208 Ite
461 4159 570 4208 uescitur
596 4160 637 4207 hic
672 4162 800 4208 I'ronsdere
810 4159 932 4223 homitrem]
946 4160 1013 4207 vett.
1022 4160 1093 4209 codd.
1106 4170 1131 4209 et
1142 4162 1191 4210 Me.
1202 4162 1232 4211 R.

77 4226 146 4286 qussi
172 4226 283 4290 quedem
307 4224 481 4281 controversie,
524 4239 556 4272 ue
580 4238 638 4273 reus
670 4228 769 4273 tradere.
794 4224 1014 4276 L.-·Victorianus
1026 4226 1088 4276 liber
1100 4235 1125 4275 et
1140 4226 1233 4289 aliquot

18 4296 23 4316 ¹
79 4290 180 4339 efficium
194 4290 332 4347 Terentius,
345 4290 409 4353 quod
420 4289 479 4338 tecit
515 4292 579 4337 aetat
596 4289 638 4349 Ζ.)
670 4288 747 4339 nocui
759 4292 788 4339 ot
799 4292 881 4340 studio.
906 4290 934 4339 Β.

78 4366 162 4404 eontra
182 4356 269 4420 Iegem,
290 4355 355 4419 quod
373 4356 465 4417 injuste
485 4363 548 4417 eget,
569 4354 642 4403 omit-
