2834 4759
57 192 166 238 sceret
181 172 247 257 ιιι.]
497 168 776 238 ῬΗΟΒΜῙΟ.

102 306 190 373 Nam
205 306 282 372 mihi
297 306 447 373 veniebat
459 308 493 371 in
506 319 645 372 mentem
659 309 731 393 ejus
745 308 1007 387 incommodum,

101 404 141 469 In
156 402 342 470 servitutem
356 426 533 490 pauperem
548 406 590 469 ad
605 405 704 470 ditem
719 405 811 471 dari:

104 504 177 569 Sed
186 503 262 568 mihi
277 506 360 589 opus
369 514 456 581 erat,
473 515 510 567 ut
523 515 635 588 aperte
650 505 711 568 tibi
724 526 811 569 nunc
825 504 961 584 fabuler,

58 614 92 660 ⁵⁰
104 602 351 687 Aliquantulum
366 624 439 687 quoe
453 600 596 679 afferret,
611 602 667 686 qui
682 601 890 669 dissolverem

104 700 190 774 Quae
205 701 330 765 debeo:
355 714 388 765 et
402 702 498 765 etiarn
512 722 608 777 nunc,
625 700 652 763 ei
667 700 733 765 volt
748 699 914 787 Demipho

103 798 206 877 Dare,
223 812 378 885 quantum
393 801 435 864 ab
449 798 509 863 hac
525 799 647 883 accipio
661 821 735 883 quae
750 800 910 883 eponea’st
923 798 1019 877 mihi;
1105 850 1108 857 .

102 896 235 962 Nullam
249 897 327 962 mibi
341 896 457 973 malim,
474 919 569 981 quem
584 898 697 973 istanc,
713 919 849 961 uxorem
863 898 945 961 dari.

103 994 173 1060 An.
191 996 309 1061 Utrum
324 995 457 1061 stultitia
473 994 579 1059 fecere
594 1016 656 1078 ego
671 994 770 1072 hunc,
785 1017 827 1059 an
841 995 961 1060 malitie

57 1107 91 1153 6⁵
105 1095 223 1160 Dicam
236 1124 244 1173 3
268 1097 432 1171 scientem,
447 1116 488 1157 an
502 1093 748 1177 imprudentem,
763 1096 905 1158 incertus
922 1116 1004 1159 eum.

103 1194 172 1257 De.
190 1194 302 1267 Quid?
326 1195 353 1257 ei
368 1194 504 1256 animam
519 1192 639 1256 debetl
678 1192 745 1255 Gr.
761 1191 854 1277 Ager
869 1194 1062 1276 oppositu’et
1075 1193 1202 1277 pignori

103 1292 160 1356 Ob
176 1292 287 1357 decem
301 1292 414 1367 minas,
431 1291 543 1374 inquit.
583 1288 649 1354 Du.
665 1289 753 1374 Age,
768 1312 841 1374 ege,
851 1290 919 1375 jam
934 1290 1050 1369 ducet3
1073 1291 1169 1355 dubo.

104 1390 172 1455 Ge.
189 1390 353 1455 AEdiculae
367 1392 443 1455 item
458 1402 534 1453 sunt
548 1391 591 1454 ob
606 1389 718 1453 decem
733 1386 823 1451 abac.
862 1387 929 1452 De.
946 1388 1013 1453 Hoi
1028 1386 1102 1452 hui!
1207 1402 1211 1415 ¹

102 1488 299 1553 Nimium'st.
338 1488 402 1553 Cn.
419 1488 473 1552 Ne
488 1487 607 1552 clama:
629 1487 733 1571 petito
747 1485 844 1550 haece
859 1510 879 1549 a
891 1508 943 1551 me
958 1488 1081 1552 decem.

57 1600 92 1647 oo
105 1586 172 1651 Gn.
191 1586 296 1651 Uxori
312 1587 451 1651 emunda
462 1584 670 1651 ancillule'st:
695 1595 763 1648 tum
777 1582 924 1668 pluscula

105 1684 312 1769 Supellectile
328 1708 410 1769 opus
426 1696 494 1749 est:
517 1706 599 1767 opus
615 1692 666 1747 eet
681 1693 789 1747 sumtu
803 1682 845 1747 ad
860 1684 1010 1768 nuptiae:

104 1783 168 1847 His
183 1784 281 1847 rebus
298 1805 375 1848 eane
390 1805 485 1867 ponc,
501 1783 616 1867 inquit,
631 1782 743 1847 decem
756 1783 869 1846 minae.

103 1880 172 1946 Dn.
190 1882 368 1945 Sexcentas
382 1882 520 1966 proinde
536 1881 667 1945 scribito
677 1880 745 1964 jam
759 1880 837 1943 mibi
852 1880 958 1946 dicas:

92 2040 132 2091 47.
141 2040 250 2105 Repone,
260 2042 320 2089 Nam
330 2044 386 2088 milti
394 2044 485 2089 venibat
493 2044 517 2088 in
526 2048 620 2089 mentem
652 2038 784 2095 dubitatio,
797 2055 853 2088 nam
861 2040 966 2089 difficili·
973 2042 1047 2090 ettad
1053 2041 1167 2091 dandum.
1181 2044 1213 2095 D.

55 2105 110 2168 eju
120 2108 266 2161 immod&
284 2106 307 2153 h.
320 2122 340 2154 e.
358 2106 387 2153 ld
398 2106 577 2154 incommodum
594 2106 620 2153 in
652 2108 723 2152 -ot
733 2108 808 2153 decem
823 2104 909 2167 ninas]
921 2106 1029 2161 Quorum
1045 2108 1147 2170 singulte
1162 2122 1214 2157 xxx

55 2182 167 2220 mentem
179 2171 304 2226 veniebam
323 2180 441 2233 utsupra,
453 2170 469 2217 i.
482 2173 503 2218 3.
517 2173 538 2218 2.
556 2171 620 2218 Nem
652 2168 737 2217 solidis
747 2171 925 2233 appenduntur.
952 2171 1039 2219 Noluit
1048 2171 1122 2220 cernel
1135 2173 1216 2233 (timul

56 2252 73 2283 e
87 2235 179 2298 vulgari
190 2234 285 2283 ratione
296 2235 345 2297 ejus
357 2244 394 2282 est
411 2234 499 2283 Phanii
511 2235 620 2297 virginis.
655 2234 695 2295 Z.)
716 2249 835 2281 nummum
856 2250 999 2298 proponere,
1020 2252 1051 2284 ne
1072 2239 1213 2299 magnitudo

59 2299 143 2363 Igitur
163 2300 270 2363 generali
291 2300 413 2349 cententio
429 2316 478 2348 non
498 2316 620 2363 pauperem
653 2307 762 2346 terreret.
797 2300 845 2347 Sed
867 2300 972 2362 pemcite
993 2300 1110 2364 paulatim
1132 2317 1214 2351 rerum

57 2365 163 2413 debebat
174 2364 250 2427 requi,
262 2365 304 2414 oed
315 2382 371 2413 cont.
396 2365 424 2412 B.
653 2363 842 2412 necessarimm
852 2365 975 2412 mentione
986 2380 1079 2414 summe
1088 2367 1212 2414 concludi·

92 2432 131 2478 49.
149 2433 195 2479 Sed
210 2430 278 2492 nne]
298 2428 440 2491 Παρένθισιι
455 2430 541 2493 prime.
575 2432 622 2477 Sed
653 2438 700 2486 tur,
712 2428 769 2476 dum
787 2440 876 2503 preter
885 2428 986 2479 ancillae
1001 2441 1026 2477 et
1037 2430 1213 2493 supellectilem

56 2494 249 2557 mihtopucerct]
262 2495 366 2542 indictio
375 2493 504 2557 (Inductio)
515 2494 564 2543 dcli
576 2505 619 2543 eet.
653 2492 718 2541 inter
729 2508 810 2541 omnia
818 2494 998 2543 cdxxxminm
1008 2496 1126 2559 pervenit
1151 2498 1215 2545 E.-

58 2561 125 2634 Nem
137 2571 265 2623 antequem
277 2570 351 2624 petat,
364 2560 462 2623 petendi
473 2574 570 2607 coucam
582 2559 619 2607 in·
654 2556 757 2621 Repone
778 2576 849 2615 mnas,
869 2574 936 2607 more
952 2562 995 2607 Gr.
1011 2562 1077 2620 pris.
1113 2561 1153 2638 Itp
1168 2576 1214 2609 te·

56 2636 132 2736 gabli:
147 2623 531 2752 gdoeofferret,quidimolverem]
549 2688 620 2746 Quin,
652 2638 786 2735 {numero
808 2624 873 2687 md
894 2624 1008 2673 Plautum
1032 2636 1213 2689 mmmmm

56 2754 81 2802 si
92 2768 164 2817 opum
177 2753 423 2802 ceueahabcuderum
436 2755 542 2802 dotatam
554 2769 619 2816 qum·
686 2754 725 2800 58.
745 2752 793 2800 Ριο
809 2755 864 2812 Hci,
881 2756 928 2811 int,
946 2754 1009 2801 liber
1024 2755 1107 2803 Bemb.
1128 2758 1164 2813 ot,
1184 2760 1213 2804 et'.

56 2828 132 2875 reret,
159 2819 239 2866 minor
258 2829 321 2866 emet
342 2818 473 2867 necessitas
494 2820 620 2881 captendae
652 2817 770 2865 Rescribe
778 2820 836 2867 otei.
863 2818 1165 2868 Videedlleeutiss.³l.
1184 2821 1213 2869 B.

55 2882 226 2947 opulentioric
260 2883 305 2931 AEs
327 2884 434 2931 alienum
456 2882 557 2940 eddidit,
580 2882 619 2933 cui
685 2883 723 2929 59.
745 2883 795 2930 Pro
815 2886 881 2931 tusce
902 2898 994 2947 repone
1016 2900 1101 2933 rerem
1126 2885 1212 2948 gretie,

56 2946 370 3012 reinihilopponipoteet.
395 2947 424 2995 D.
654 2948 740 2995 wasa.
765 2948 793 2995 B.

93 3014 131 3060 62.
149 3016 187 3061 Ab
202 3016 246 3061 tac
256 3016 343 3074 accipio
353 3028 403 3075 quc
414 3028 495 3074 sponte
506 3020 540 3060 est
551 3010 618 3075 ment]
684 3012 723 3059 60.
736 3013 798 3059 Cum
809 3012 861 3060 cod.
875 3012 986 3061 Petrenoi
1001 3013 1055 3077 lege
1066 3012 1159 3071 melius,
1170 3031 1213 3062 an·

56 3078 126 3127 Mire
142 3080 243 3140 occipio:
271 3092 320 3125 non
341 3085 475 3139 accepturus
490 3094 546 3125 rum.
587 3078 621 3125 Et
653 3079 744 3124 cillo'rt.
779 3077 855 3125 Porro
871 3076 991 3140 legemur
1002 3086 1077 3126 antem
1090 3082 1213 3141 placento,¹

55 3142 212 3191 definitivum
230 3143 327 3190 modum
343 3142 420 3207 ponit,
438 3156 468 3189 ne
480 3142 510 3189 de
527 3157 620 3190 nummo
652 3156 706 3203 quie
722 3140 925 3190 lectiocontensu
941 3155 1077 3191 nostrorum
1089 3142 1157 3192 codd
1169 3144 1212 3192 flr-

55 3207 124 3256 dotis
135 3207 241 3271 supersit
251 3206 390 3271 disputatio.
415 3206 446 3254 D.
652 3207 1125 3271 matur,etumTerentiicomprobutur.
1147 3208 1213 3257 And.

92 3275 130 3319 otc
159 3275 240 3319 Utrum
261 3274 362 3320 rtultitt'o
377 3270 470 3333 facere]
498 3269 621 3332 Παρέλιων
653 3270 703 3318 ib.
718 3271 868 3319 oeetalibi.
892 3273 921 3319 B.

55 3337 171 3449 tertitbmz
189 3337 234 3385 boc
242 3336 306 3384 idem
315 3336 380 3385 enirn
388 3336 452 3384 velet
461 3344 544 3394 utrum,
556 3337 620 3399 quod
652 3400 675 3448 d·
685 3337 724 3382 61.
735 3338 816 3448 Sssnte
826 3340 858 3384 ad
872 3336 979 3401 tropitae]
993 3342 1055 3400 Opts
1066 3346 1107 3396 ert,
1124 3340 1213 3387 nubtu-

54 3418 96 3451 an.
146 3436 152 3449 .
669 3410 725 3448 rtur.
775 3436 782 3448 .

91 3469 130 3515 55.
139 3470 257 3521 scientem,
265 3484 294 3515 on
302 3465 478 3528 imprudentem]
485 3463 621 3514 ‘Antenor
685 3466 724 3513 62.
733 3467 794 3514 Pone
800 3482 861 3522 tone,
869 3470 950 3529 inquit,
957 3470 1032 3516 decem
1040 3468 1127 3531 minus]
1139 3468 1213 3527 liene,

55 3532 200 3581 secundum.
236 3532 298 3579 Nem
326 3530 413 3579 scienti
440 3530 620 3595 imprudentem
652 3546 724 3578 tone:
741 3531 810 3593 qunti
838 3530 876 3579 lm
885 3531 963 3595 (qumi
973 3550 1016 3579 non
1025 3534 1089 3594 ples)
1099 3534 1214 3595 quiddam

53 3596 171 3646 reddidit
196 3597 226 3643 D.
652 3596 741 3658 exiget,
761 3596 804 3644 eed
821 3547 867 3644 boc
882 3608 1011 3644 contentus
1028 3597 1067 3645 eit.
1097 3598 1214 3645 D.—-Hic

90 3662 129 3709 56.
151 3661 213 3714 Quid
232 3664 253 3708 at
270 3662 367 3708 unimam
389 3663 455 3709 debet
463 3658 488 3723 t]
506 3662 619 3708 Graecum
652 3674 737 3708 versut
748 3660 844 3709 enervis
853 3673 877 3709 et
887 3661 990 3710 elumbit
1001 3662 1099 3710 incedit.
1129 3662 1214 3710 Nostri

53 3726 221 3793 proverbium,
234 3725 272 3773 καὶ
284 3725 357 3782 αὐτὴν
372 3725 418 3783 τὴν
428 3724 508 3787 ψυχὴν
520 3724 618 3785 ὀφείλει.
652 3740 737 3773 omnet
750 3742 808 3787 pone
820 3742 881 3773 cone.
916 3727 938 3773 Α
950 3726 1043 3774 duobus
1054 3728 1123 3774 ebect
1132 3731 1213 3774 minor.

55 3793 189 3854 D.-Ager
209 3794 321 3852 opponitur
341 3798 374 3837 ert
392 3789 497 3852 pignori]
523 3790 551 3837 ld
575 3801 618 3847 cst,
652 3788 901 3853 Reponesttrrttu
911 3794 971 3838 alios
984 3796 1114 3853 poterone,
1131 3794 1213 3853 inquit,

53 3872 142 3919 agrum
163 3856 220 3904 dedi
236 3853 289 3903 loco
308 3854 425 3918 pignorio,
446 3854 533 3913 idest,
552 3854 618 3903 vndi-
652 3857 744 3909 decem
761 3855 896 3914 emissori
906 3858 985 3903 minor.
1011 3856 1038 3903 B.

53 3921 141 3970 monii.
166 3920 195 3968 E.
685 3920 724 3966 63.
742 3922 863 3967 Sexcentas
875 3923 971 3980 proinde
986 3923 1080 3968 tertbito
1089 3919 1142 3981 jam
1158 3923 1215 3967 milri

89 3986 128 4034 57.
148 3988 211 4047 Ager
227 3987 340 4045 oppetitur
351 3992 385 4031 est
398 3986 491 4045 pignora·
502 3988 529 4031 ob
545 3986 621 4031 decem
652 3982 730 4045 dicar]
748 3983 890 4047 Perspicere
905 3984 963 4031 hinc
984 3984 1042 4032 licet
1057 3985 1213 4032 consuetudi·

53 4049 143 4113 minor]
157 4052 245 4098 Attute
257 4064 304 4096 non
317 4049 428 4112 protinus
440 4052 621 4111 trigintarium
653 4064 708 4096 nem
719 4048 976 4110 utriunqueeermonin
1006 4050 1070 4097 Nem
1081 4049 1213 4113 Apollodo-

53 4116 128 4173 dixit,
146 4114 189 4162 sed
210 4113 327 4177 paulatim
345 4112 444 4176 colligit,
465 4126 493 4162 ut
511 4114 621 4178 partibus
653 4128 695 4161 rus
711 4112 792 4175 poples
803 4113 872 4188 dixit,
884 4129 929 4177 pro
939 4113 1029 4161 multie
1064 4114 1098 4161 Et
1109 4126 1137 4161 ut
1148 4115 1213 4179 upud

53 4188 619 4307 ttffittelstltsstttltttitii:
652 4176 1214 4307 ,ltnttltnttsttttnatt‘t‘ltft

53 4326 124 4359 mum
153 4324 243 4357 renem.
286 4308 399 4371 Denique
421 4307 510 4356 nuditie
536 4310 620 4356 decem
652 4308 1007 4369 47.Se.rccntapomndecrcto
1016 4308 1125 4371 proferre.
1148 4310 1215 4356 D.-

54 4374 139 4431 minir,
151 4374 233 4423 stetim
250 4374 381 4436 respondet
393 4376 466 4421 dabo:
483 4373 619 4424 concedun·
654 4376 1042 4434 Seretmmproiudcrcribttoorttt
1050 4374 1128 4437 dnos]
1141 4375 1213 4436 Mag-

55 4453 98 4488 tur
114 4440 145 4489 ab
161 4438 209 4488 olio
220 4438 330 4489 decemo
347 4438 378 4487 de
394 4437 494 4501 reliquis
510 4448 621 4502 superent
653 4436 1135 4498 nitudiuecummeexcitetueenclomct
1146 4440 1213 4494 Qnu
