2834 4759
219 128 286 195 548
654 120 933 203 TERENTII
1196 118 1319 207 [serus
1334 138 1363 183 r.
1409 192 1410 205 χ

261 262 316 329 De
324 262 387 329 hac
395 264 565 329 renuimus
574 258 924 339 meusutsit,Lacheal
944 255 1363 341 illismodoexplesnimum.

217 360 327 427 aoLs.
352 362 475 435 Quaeso
497 360 637 447 aedepol,
663 359 816 439 Bamhis,
841 358 931 444 quod
956 357 1095 423 mihies
1118 354 1275 442 pollicita,
1298 368 1366 422 tute

324 473 361 525 ut
373 482 496 526 serves.

261 557 326 646 ΒΔ.
343 558 400 624 Ob
419 581 490 623 eam
514 581 583 623 rem
608 557 662 621 vin
684 578 764 641 ergo
786 557 968 625 introesml
1012 553 1076 620 La.
1102 551 1130 632 1,
1149 564 1247 639 atque
1274 550 1365 637 exple

326 658 467 723 animum
479 658 530 735 iis,
547 667 583 721 ut
598 656 745 721 credant.

262 754 326 821 Ba·
343 755 412 834 Eo,
434 758 495 821 etsi
504 756 573 821 scio
584 754 640 841 pol
648 756 687 821 iis
696 754 765 820 fore
775 776 881 820 meum
892 762 1102 837 conspectum
1111 752 1249 816 invisum
1259 750 1365 815 hodie.

262 852 350 919 Nam
365 864 466 940 nupta
479 855 640 921 meretrici
654 854 758 919 hostis
774 863 834 931 est,
850 875 870 918 a
884 854 953 917 viro
967 853 1023 917 ubi
1038 861 1209 936 segregata
1225 860 1290 916 est.

262 951 327 1017 LA.
344 951 452 1017 Athae
462 954 571 1018 amioae
580 965 686 1030 erunt,
696 954 763 1033 ubi,
773 952 981 1039 quamobrem
990 951 1170 1028 adveneris,
1182 950 1366 1015 resciscent

219 1062 252 1109 25
264 1049 329 1115 Pu.
343 1051 392 1115 At
401 1052 533 1117 easdem
543 1052 661 1117 amicas
673 1050 742 1116 fore
754 1052 812 1116 tibi
823 1051 987 1136 promitto,
997 1072 1065 1115 rem
1077 1050 1133 1114 ubi
1142 1049 1365 1136 cognoverint:

263 1148 350 1213 Nam
363 1148 434 1213 illas
448 1171 570 1227 errore,
586 1162 620 1214 et
634 1161 667 1214 te
681 1148 776 1214 simul
790 1148 972 1233 suspicione
986 1147 1146 1213 exsolves.

263 1245 328 1311 Ba·
346 1246 451 1312 Perii!
474 1248 577 1334 pudet
592 1247 811 1313 Philumenae:
838 1248 1006 1331 sequimini
1019 1268 1070 1313 me
1081 1245 1147 1311 huo
1157 1247 1244 1311 iutro
1258 1246 1368 1311 ambe.

264 1343 1367 1431 Ls.Quideatquodmihimalim,quamquodhuicintelligoevenire3

263 1444 313 1510 Ut
325 1446 461 1531 gratiam
475 1447 562 1509 ineat
575 1445 644 1510 sine
659 1466 719 1509 suo
735 1444 917 1529 dispendio,
932 1454 967 1508 et
980 1442 1059 1508 mihi
1070 1444 1197 1528 prosit?

218 1622 351 1678 perpetuom
361 1615 425 1662 volo.-
441 1612 538 1675 anquis
548 1612 613 1675 apud
623 1625 724 1661 uxorem
736 1611 779 1660 de·
811 1610 913 1660 busdam
939 1612 1037 1676 spurius
1059 1610 1193 1661 existimari
1220 1626 1272 1660 non
1294 1611 1366 1660 debet.

220 1678 299 1728 fendis
309 1677 486 1726 adolescentem
498 1676 524 1725 in
535 1692 617 1725 amore
626 1676 777 1725 meretricis?
812 1676 911 1725 Etenim
929 1692 943 1724 s
959 1692 986 1725 re
997 1692 1046 1725 non
1058 1676 1178 1734 abhorret,
1189 1686 1323 1741 utrumque
1333 1690 1366 1723 re·

221 1746 274 1793 run
282 1747 346 1791 nodo
355 1746 420 1805 cepte
430 1741 542 1805 omnam]
561 1741 626 1797 Quis
641 1741 714 1800 dicat,
726 1757 780 1804 quse
812 1758 875 1799 nem,
887 1741 1000 1805 inprimis
1013 1741 1168 1817 Phidippum,
1180 1740 1222 1804 qui
1240 1740 1275 1789 ibi
1293 1751 1367 1855 peter·

221 1823 310 1858 amare
321 1818 413 1857 suntet
424 1807 538 1856 molesta
562 1807 703 1869 D.-Lege,
717 1808 781 1858 Quid
811 1806 914 1855 familias
931 1817 975 1863 est,
995 1806 1112 1855 Baochidt
1131 1806 1194 1854 hane
1211 1807 1273 1855 dare
1310 1807 1365 1854 dem

220 1878 253 1921 art
264 1878 328 1923 trtaeo
341 1878 442 1921 mnas?
458 1876 540 1936 patrae
550 1881 652 1920 soatate
662 1876 711 1933 lpse
721 1875 743 1919 d
756 1889 777 1919 o.
811 1872 933 1921 Ceterum
950 1871 1013 1921 ratio
1029 1886 1113 1921 versus
1130 1870 1234 1934 requirit
1248 1875 1365 1936 orgum

222 1940 286 1988 Nam
309 1940 371 1991 Quid
389 1941 444 1986 srtts'
463 1941 527 1985 r'staee
546 1937 629 2001 plures
647 1948 673 1985 et
691 1936 780 2001 optimi
812 1936 841 1984 B.

220 2004 312 2053 habent
332 2002 407 2059 libri;
435 2012 461 2050 et
481 2011 569 2051 uetera
590 2001 780 2067 postulantum
845 2002 883 2049 26.
896 2004 930 2050 Et
940 2009 963 2050 te
973 2004 1042 2049 sr'mat
1051 2004 1176 2064 mptetose
1187 2001 1301 2064 exsolves]
1317 2000 1364 2048 Hor

221 2084 300 2119 versu.
325 2067 353 2115 B.
812 2075 850 2115 est
861 2066 925 2129 quod
936 2082 1009 2131 supra
1020 2066 1090 2123 dixit,
1102 2070 1203 2115 marea:
1220 2082 1269 2115 nos
1279 2079 1366 2130 quoque

255 2135 292 2182 19.
310 2133 360 2182 Pro
374 2130 468 2195 vulgari
488 2133 560 2193 exple,
578 2139 645 2179 reete
668 2130 780 2180 meliores
811 2131 973 2195 suspicionem
982 2131 1233 2195 interpretatisumus.
1252 2126 1365 2191 uernae]

220 2198 277 2247 libri
294 2198 411 2246 exhibent
427 2199 521 2258 explete.
553 2196 617 2244 Nsrn
637 2211 717 2245 sermo
734 2206 779 2256 est,
812 2196 942 2259 Expedies
960 2195 1363 2263 D.—Srsps'ot'oaeerrolws]llsli.

221 2278 270 2311 uon
282 2262 314 2311 sd
326 2262 456 2311 Lachetem
471 2260 557 2319 solum,
568 2261 612 2309 sed
628 2272 653 2309 et
668 2261 699 2309 ad
716 2262 779 2311 Bae·
811 2264 898 2309 welles.
922 2262 949 2309 L.

220 2327 324 2377 chidero.
352 2327 381 2375 B.
845 2326 883 2377 2⁷.
898 2328 972 2375 Pudet
984 2324 1136 2389 Philumema]
1148 2329 1225 2375 Pudet
1236 2328 1287 2376 duo
1297 2322 1365 2388 signi-

254 2395 293 2441 20.
308 2396 373 2445 Quod
381 2394 437 2439 mitt
445 2408 469 2439 es
478 2393 589 2453 pollicito,
598 2398 646 2439 tata
655 2399 681 2439 at
692 2388 780 2454 serres]
814 2390 886 2439 ficata
904 2392 956 2440 sive
968 2391 1009 2439 ille
1021 2392 1128 2457 peccarit
1138 2407 1210 2454 quem
1224 2392 1309 2457 pudet,
1320 2389 1364 2438 sire

223 2457 254 2506 ld
265 2470 308 2515 est,
318 2456 488 2519 jusjurandum
500 2456 564 2519 apud
574 2455 696 2504 mulieres.
722 2456 753 2503 D.
813 2454 936 2519 illecujus
954 2457 1036 2520 pudet.
1071 2456 1104 2505 Et
1119 2456 1274 2506 familiariter
1291 2457 1363 2504 Pts'tr·

254 2525 293 2570 21.
308 2525 403 2571 Odeum
419 2538 465 2569 resa
481 2524 519 2569 oin
534 2537 588 2583 ergo
603 2519 725 2583 istrum]
742 2523 783 2569 Vir
813 2538 890 2579 meaa,
902 2532 1015 2585 tunquam
1028 2532 1131 2570 notoeex
1142 2522 1280 2587 Pamphilo.
1301 2520 1366 2567 Pudet

220 2586 296 2637 dicit:
313 2599 341 2635 ut
350 2586 462 2635 ostendat
472 2585 499 2634 in
509 2586 555 2633 hac
567 2600 593 2633 re
601 2585 782 2634 cunctationem
814 2586 967 2650 Philumena]
989 2586 1146 2635 Conscientia
1166 2586 1304 2635 communis
1324 2582 1363 2631 riri

221 2668 297 2701 suam
328 2651 492 2700 D.-Mutato
514 2650 599 2699 ordine
620 2649 682 2713 lege,
705 2654 782 2713 Atque
814 2660 840 2699 et
867 2651 1000 2715 pellicatus.
1040 2654 1164 2715 Sequa'ass'm'
1187 2668 1222 2699 sae
1250 2656 1309 2701 istro
1328 2652 1365 2696 tar

220 2720 286 2780 exple
296 2720 327 2765 s's's
337 2720 443 2774 mursam,
455 2733 477 2764 a.
487 2734 506 2763 c.
530 2716 558 2763 B.
813 2716 898 2779 ambs]
905 2716 1010 2765 Ancillis
1018 2716 1085 2775 dicit,
1093 2732 1148 2779 qum
1155 2716 1291 2779 suutaeod
1297 2713 1362 2777 splo-

254 2784 292 2831 22
306 2782 341 2830 Ut
352 2780 478 2830 collocatio
489 2780 522 2828 ait
532 2779 672 2843 elegantior,
685 2794 716 2828 ex
728 2780 780 2829 cod.
813 2798 871 2830 ara
900 2781 1059 2830 D.-Versus
1075 2782 1153 2845 gratia
1168 2796 1269 2845 repone,
1285 2798 1320 2829 ros
1332 2794 1362 2826 st·

222 2846 333 2897 Petrenai
345 2846 406 2910 lege,
418 2848 469 2901 Bor
486 2849 530 2894 etsi
541 2849 590 2893 seio
602 2848 642 2907 pol
656 2847 693 2893 his
708 2861 781 2893 meam
812 2849 908 2908 quimias'
918 2850 978 2895 intro
989 2850 1032 2895 liae
1042 2850 1120 2895 amdae.
1142 2847 1171 2896 B.

213 2911 274 2975 sore.
299 2913 329 2961 B.
846 2912 884 2959 28.
899 2910 961 2964 Quid
968 2919 1003 2960 est
1013 2914 1073 2974 quod
1082 2914 1230 2967 saldimols'ss,
1240 2907 1365 2975 qsmqwd

254 2980 293 3026 23.
303 2980 365 3026 Noas
371 2984 443 3038 napta
448 2978 563 3024 areretn'er'
571 2972 693 3037 tanseat]
702 2974 781 3023 Caute
812 2975 877 3039 tato]
890 2976 982 3024 Sensus
991 2976 1031 3024 hir
1042 2988 1087 3033 est,
1096 2976 1163 3031 Quid
1171 2986 1209 3025 est
1219 2976 1286 3039 quod
1296 2970 1363 3035 magis

221 3042 353 3091 etiamhoo
370 3040 494 3105 praestruit
510 3050 590 3104 poeta,
603 3054 634 3088 ne
648 3055 698 3087 non
715 3039 779 3087 veri·
812 3052 894 3105 optem
914 3041 974 3089 mihi
992 3041 1097 3097 evenire,
1121 3056 1192 3103 quatu
1213 3042 1280 3103 quod
1300 3034 1362 3088 simul

221 3106 301 3156 simile
310 3107 421 3155 videatur
429 3105 538 3169 potuisse
547 3104 699 3153 meretricem
708 3102 779 3167 (nup-
812 3106 922 3170 proderit
938 3106 1011 3154 etiarn
1028 3106 1166 3155 meretricii
1187 3110 1253 3159 Quid
1262 3114 1302 3163 eat,
1313 3102 1364 3165 prod

222 3170 507 3232 taa)concorditereum
547 3169 604 3219 llice
615 3184 694 3231 agere.
719 3172 781 3218 Nam
813 3173 875 3229 mut
887 3170 944 3234 eto]
963 3171 1003 3219 Sio
1019 3170 1066 3219 hoc
1077 3186 1135 3234 ergo
1148 3170 1233 3220 intulit
1243 3186 1289 3236 pro
1299 3180 1360 3217 uoto·

221 3244 294 3297 napta
309 3239 422 3283 metrica·
438 3238 509 3282 hortis
541 3234 605 3292 Alia,
621 3234 717 3283 scilicet
731 3234 779 3282 ini·
815 3234 955 3285 Mirandum
968 3246 1004 3285 est
1019 3236 1084 3284 enim
1101 3236 1199 3285 evenire
1216 3236 1361 3299 potuisse.ut

222 3299 557 3362 mica(Atiena‚msntmtca).
576 3299 782 3361 D.—Noasaapta
812 3300 877 3349 idem
889 3310 914 3349 et
931 3301 984 3349 seui
996 3311 1021 3349 ot
1037 3300 1101 3365 patri
1116 3301 1200 3365 prosit,
1212 3300 1278 3365 quod
1294 3310 1360 3347 mere·

221 3368 338 3414 metrici
353 3363 488 3426 hardarat]
511 3362 565 3412 Hoc
583 3376 627 3422 est,
648 3364 673 3412 in
696 3375 782 3412 mutua
813 3364 875 3414 ttici.
906 3368 969 3417 Quid
979 3374 1013 3414 est
1024 3366 1253 3430 qaodmtdtssolr'ar]
1266 3366 1298 3413 Ut
1308 3360 1359 3411 aral·

222 3429 303 3478 mariti
324 3440 349 3477 et
365 3428 449 3477 uxoris
467 3428 582 3477 societate
598 3444 648 3477 non
664 3441 702 3477 eat
718 3429 782 3477 mala
813 3430 871 3479 citis
893 3430 953 3479 mihi
974 3440 999 3479 et
1018 3430 1064 3479 sibi
1086 3430 1170 3495 prosit
1212 3432 1247 3481 Et
1268 3423 1361 3479 ostendit

221 3494 342 3559 suspicio;
365 3494 451 3543 sedin
468 3508 551 3541 eorum
571 3493 719 3542 discessione
739 3505 782 3543 sut
813 3510 941 3544 commune
968 3495 1014 3545 sibi
1043 3496 1133 3545 bonum
1160 3511 1221 3545 ease.
1261 3486 1359 3550 Eventu]

222 3560 275 3608 brec
286 3560 409 3616 meretrix,
421 3567 464 3607 aut
478 3558 521 3607 ille
540 3559 635 3607 adulter
648 3559 780 3621 judicatur.
814 3562 920 3619 Eoenr're,
930 3560 966 3609 bis
976 3560 1176 3610 subaudiendum.
1195 3561 1358 3622 D.-ltep⁰¹10·

223 3626 262 3674 Ε.
816 3628 879 3677 Quid
888 3634 923 3674 est
933 3628 989 3673 milri
1000 3629 1060 3689 quod
1069 3629 1152 3674 malim.
1180 3626 1209 3674 B.

256 3691 294 3738 24.
307 3690 355 3738 Pro
367 3692 402 3737 aa
417 3688 471 3752 lege
483 3703 515 3736 ex
533 3689 617 3737 Bemb.
629 3698 655 3737 et
671 3688 734 3747 aliis,
746 3687 783 3737 uti
849 3692 887 3738 29.
904 3692 936 3739 Ut
946 3695 1049 3753 gratinus
1059 3694 1122 3739 ineat
1133 3694 1181 3740 sina
1192 3708 1232 3741 tao
1241 3676 1358 3753 appendio]

222 3770 307 3830 versus
324 3754 566 3830 poscitlaaecpquod
582 3753 783 3830 apud'Nostrum
816 3754 900 3831 litote.
935 3755 1041 3805 Difficile
1055 3769 1092 3804 est
1108 3756 1173 3805 enim
1189 3756 1291 3819 gratiam
1306 3748 1357 3820 init*

222 3818 782 3946 '‘tt.¹2t¹3tltmtttt⁰jt⁰5ts⁸n
814 3820 1358 3947 wtttltttnttlstultitiast

224 3951 322 4014 quidem
341 3964 427 3998 senes:
446 3963 530 3997 rerum
546 3948 601 3996 sliu
618 3963 697 3997 causa
717 3958 781 4006 sunt,
816 3948 850 3999 Et
860 3950 917 4013 quia
933 3968 983 3999 eam
998 3954 1059 3999 tarro
1076 3966 1124 3999 uon
1141 3952 1221 4016 potuit
1237 3952 1323 4000 dicere:
1338 3950 1357 3987 et

223 4031 278 4079 quse
299 4014 414 4063 mulieres
432 4013 525 4062 faciunt
546 4013 674 4061 molestas:
701 4024 727 4061 et
745 4014 783 4061 lrae
815 4014 861 4063 hoc
872 4014 952 4079 ipsum
964 4017 1053 4064 bonum
1065 4014 1130 4073 lecit,
1141 4017 1198 4078 quia
1212 4015 1266 4065 sine
1276 4014 1356 4062 &mno-

225 4081 370 4143 (Leg.r1ar
387 4092 537 4127 rnourrro.
571 4081 700 4141 Hoopaam
711 4082 782 4127 seme·
816 4080 883 4143 Erpo
901 4081 968 4129 velut
986 4080 1032 4129 tria
1049 4092 1122 4130 surus
1141 4092 1168 4129 ut
1183 4084 1283 4144 gyruum
1299 4076 1355 4123 imi

223 4149 366 4193 statueram.
394 4148 428 4193 At
444 4147 498 4192 atis
514 4152 782 4206 mesammon-
816 4154 844 4192 ut
862 4150 911 4195 sine
929 4149 1017 4203 damno,
1038 4156 1064 4193 et
1083 4155 1111 4194 ut
1129 4149 1185 4194 mist
1204 4149 1282 4208 prosit·
1304 4140 1355 4187 D?

224 4207 390 4271 ltemsaetust
400 4212 504 4257 moestae
519 4217 543 4257 et
553 4212 663 4257 acerbae.-
680 4208 727 4269 tas)
740 4224 783 4257 uu·
817 4210 908 4259 Sensus
919 4226 992 4259 causa
1002 4209 1063 4274 lege,
1080 4212 1112 4259 Ut
1125 4214 1227 4275 gruttam
1241 4204 1355 4259 ima-M

224 4274 782 4337 remspectatoribosnoraemntexargumento
815 4291 863 4324 taso
871 4279 995 4337 dispendio,
1007 4285 1030 4325 et
1039 4279 1094 4324 ssits'
1103 4281 1194 4338 prosim.
1224 4276 1284 4325 liam
1294 4275 1354 4317 κω

225 4337 347 4388 Ι).-Εῐεί
358 4338 398 4385 hic
410 4354 494 4387 versus
505 4338 530 4386 in
543 4339 627 4386 Bemb.
640 4350 666 4387 et
675 4338 702 4385 iu
714 4340 741 4387 C.
755 4339 782 4387 C.
816 4340 946 4399 meretrici,
963 4356 1034 4404 quam
1051 4341 1208 4391 vehementer
1222 4341 1305 4395 oderat,
1315 4340 1353 4379 ⁰⁰¹¹

225 4416 251 4455 et
261 4402 375 4455 Patrensi
384 4403 489 4454 omissus
499 4414 550 4453 est:
568 4414 650 4453 tamen
660 4418 717 4453 oum
728 4403 783 4467 qui·
815 4415 897 4470 potest
905 4406 969 4457 bena
978 4420 1074 4471 rupere.
1097 4406 1126 4456 B.
