2834 4759
242 225 262 286 8
669 222 973 288 PROLOGUS

329 359 461 423 Veteris
477 368 584 442 poetae
599 356 779 422 maledictis
793 359 1003 442 respondeat.

327 456 438 534 Nunc,
455 477 551 540 quam
566 477 633 520 rem
649 457 727 520 vitio
741 456 832 533 dent,
849 478 973 540 quaeso,
988 456 1129 520 animum
1143 455 1317 520 advortite.

328 553 513 619 Menander
528 551 604 617 fecit
620 551 779 618 Andriam
794 565 828 617 et
844 552 1055 618 Perinthiam.

279 663 309 708 1⁰
327 651 395 724 Qui
409 650 562 714 utramvis
578 661 666 715 recte
682 651 778 727 norit,
794 653 906 716 ambas
921 652 1058 716 noverit.

326 748 405 812 Non
419 749 465 812 ita
480 746 625 812 dissimili
641 759 717 813 sunt
731 760 933 832 argumento,
950 748 1009 813 sed
1022 759 1130 812 tamen

258 875 261 882 ⁴
327 845 485 910 Dissimili
500 846 644 910 oratione
660 857 736 911 sunt
752 844 847 911 factae
862 867 901 910 ac
916 845 1000 910 stilo.

329 943 413 1023 Quae
430 965 609 1008 convenere
624 945 657 1008 in
672 943 843 1020 Andriam,
859 965 902 1008 ex
919 941 1088 1008 Perinthia

325 1041 462 1106 Fatetur
476 1040 692 1120 transtulisse,
708 1053 806 1126 atque
824 1063 918 1106 usum
928 1062 989 1125 pro
1006 1041 1084 1104 suis.

281 1151 310 1196 1⁵
328 1138 367 1203 Id
382 1139 437 1203 isti
451 1139 636 1224 vituperant
647 1139 785 1217 faetumt
808 1149 907 1222 atque
922 1138 954 1202 in
968 1159 1009 1203 eo
1023 1137 1204 1221 disputant,

327 1235 545 1301 Contaminari
560 1259 624 1301 non
639 1237 756 1302 decere
772 1235 909 1301 fabulas.

241 1391 339 1437 temris:
358 1386 718 1452 asignooemulationispoetsa.
759 1389 802 1436 Ve-
836 1389 883 1436 lta.
907 1383 1397 1449 NeMenandrumeulpsrevidestnr,its

240 1461 277 1502 tas
288 1453 431 1516 plerumque
442 1453 585 1502 referturnd
596 1453 707 1500 laudem:
724 1452 802 1501 inter-
835 1451 955 1515 adjunxit,
977 1451 1042 1514 quod
1063 1449 1143 1499 laudis
1162 1457 1207 1498 est.
1249 1453 1299 1499 Sed
1318 1460 1396 1500 ima

240 1518 299 1566 dum
310 1517 341 1566 ad
357 1517 568 1582 vituperationem,
586 1526 614 1565 ut
629 1516 677 1575 hic,
694 1526 721 1566 et
735 1517 801 1575 alibi,
835 1515 959 1565 Diseretio
975 1524 1014 1565 est
1029 1531 1044 1564 a
1059 1513 1233 1578 superioribm,
1245 1524 1272 1563 et
1289 1526 1328 1564 est
1344 1516 1396 1563 sn-

239 1591 544 1640 tstus,eetemosus,tertrr.
568 1583 599 1630 D.
834 1578 957 1630 adhortor.
983 1579 1199 1641 Nonenimsupra
1254 1578 1396 1642 uitqsidev.

273 1646 296 1697 t.
317 1645 418 1708 Veteris]
433 1647 481 1694 Pro
492 1645 578 1694 eafioi
591 1655 616 1695 et
626 1646 695 1709 quasi
707 1645 801 1695 renoldi
834 1644 954 1694 D.—Nors
973 1648 1009 1693 ito
1027 1646 1137 1693 dissimili
1152 1650 1205 1690 aaut
1238 1643 1303 1692 Vult
1321 1645 1396 1692 simile

239 1709 329 1774 posuit,
341 1719 413 1772 atqua
425 1710 480 1758 ideo
492 1708 615 1758 malevoli:
632 1725 682 1759 non
692 1709 801 1758 orimini-
835 1725 889 1759 esse
906 1718 1078 1772 argumentum
1095 1708 1198 1756 duarum
1215 1709 1396 1766 comaediarnm,

239 1775 293 1832 bus,
313 1774 357 1823 sed
374 1773 515 1822 maledictis
549 1775 615 1830 Quid
637 1784 719 1824 autem
738 1773 803 1823 inter
834 1789 885 1823 non
904 1782 987 1822 tamen
1003 1773 1137 1837 plurimum
1154 1770 1282 1820 dissimile.
1317 1774 1352 1822 Et
1367 1787 1397 1820 ne

240 1841 386 1888 maledictam
395 1847 420 1886 et
430 1843 515 1886 ammes
524 1837 628 1896 intersit,
636 1839 706 1888 docet
715 1839 802 1887 Cicero
835 1839 1001 1887 Menandnrm
1012 1851 1126 1887 aoeusme
1142 1834 1263 1894 videatur,
1274 1837 1319 1900 qui
1335 1853 1396 1901 pene

240 1903 266 1951 in
289 1901 441 1952 Tusculanis.
479 1905 574 1951 Veteris.
603 1903 677 1951 Retio
693 1903 801 1952 invidias.
835 1900 1395 1966 exunoargumentoduaseomtediasfeeerit:

240 1970 325 2017 Poeta.
351 1968 431 2016 Causa
454 1967 629 2016 insectationis
659 1970 801 2016 Maledictis.
834 1967 1036 2030 inunxissem
1054 1967 1086 2015 ad
1105 1967 1159 2028 ejus
1175 1963 1274 2014 laudem
1293 1966 1397 2015 maxime

240 2031 530 2080 criminatioadversarii.
548 2035 721 2093 Veterispostae.
737 2032 801 2087 Quis
832 2032 979 2096 pertinebat,
993 2034 1101 2080 dissimili
1117 2031 1220 2078 odiam
1236 2046 1266 2078 ae
1283 2033 1345 2080 stila
1367 2029 1396 2078 ll.

239 2111 316 2144 senex
334 2095 425 2145 Lucius
441 2096 529 2145 edebat
544 2095 644 2154 fabulas,
661 2095 800 2145 adolescen-
832 2097 916 2145 -l’ro
930 2099 972 2145 sed
985 2095 1088 2160 requirit
1102 2102 1208 2144 metrum
1227 2093 1396 2159 elegantiaque

239 2160 291 2209 tulo
304 2160 496 2208 tuncTerentio.
519 2159 803 2223 Eteleganter,saoiesoii
832 2169 863 2209 st.
887 2161 916 2209 B.

239 2229 323 2274 veteris
338 2227 481 2274 maledictis:
501 2224 679 2274 commendatio
695 2236 775 2289 poete
786 2241 802 2274 a
868 2226 904 2274 12
924 2227 1032 2274 &misas
1048 2241 1076 2274 ot
1090 2223 1157 2288 stilo]
1176 2229 1258 2276 Oratio
1277 2225 1306 2274 in
1325 2239 1396 2275 sensu

239 2305 344 2354 persona
359 2289 499 2338 adversarii.
532 2291 682 2350 demordeat.
717 2289 800 2338 Exeu·
833 2298 883 2339 est:
900 2293 970 2339 stitus
978 2290 1005 2338 in
1017 2289 1104 2339 verbis.
1130 2291 1255 2340 Oratim
1269 2289 1395 2340 resreier-

239 2353 565 2418 sstiorespondentis,qund
575 2353 801 2414 nonobsistat,sed
832 2364 886 2403 tur:
912 2357 980 2404 stiists
997 2354 1028 2403 sd
1047 2355 1128 2403 verba.
1157 2358 1231 2404 Sitia
1250 2370 1303 2403 non
1319 2365 1358 2403 est
1372 2354 1397 2400 in

239 2419 392 2483 respondeat.
416 2419 448 2468 D.
832 2427 949 2483 tempore,
971 2419 1016 2468 sed
1036 2417 1132 2484 prolata
1153 2421 1272 2469 oratione.
1318 2421 1396 2468 &atio

272 2486 295 2532 8.
312 2485 389 2541 Nune,
396 2501 464 2546 quem
471 2501 519 2532 rem
527 2487 582 2532 titio
589 2481 656 2547 dent]
666 2484 740 2532 Nunc
747 2483 800 2532 ani·
833 2495 916 2533 sutem
927 2493 965 2533 est
975 2493 1001 2532 et
1011 2483 1037 2531 in
1048 2482 1204 2547 cogitatione,
1214 2493 1241 2532 et
1250 2484 1277 2533 in
1294 2483 1395 2547 prolatu

239 2546 397 2596 madvertite:
415 2562 447 2596 an
459 2563 524 2596 nune
534 2547 595 2596 vitio
606 2548 671 2597 dent
700 2548 735 2596 Et
745 2563 800 2596 ora-
834 2547 976 2596 Orationem
992 2547 1019 2596 in
1035 2547 1165 2598 sententiis
1176 2548 1262 2597 dicunt
1277 2563 1341 2603 asse,
1353 2548 1395 2594 sti-

239 2610 301 2724 pprie
312 2611 560 2725 fpuasitnpultopfsffiit,
572 2628 627 2686 eum
639 2627 802 2726 hhumffi?
832 2612 916 2689 lumin
923 2612 1011 2725 sertbis,
1019 2621 1190 2727 rzgumpnnptn
1197 2613 1223 2661 in
1231 2613 1315 2662 rebus.
1333 2612 1396 2674 Erga

267 2691 378 2732 xerrtu
429 2692 437 2724 r
486 2709 492 2725 .
545 2691 629 2725 mxu.
679 2711 686 2724 .
788 2692 859 2725 ern
918 2691 1037 2725 maeora
1057 2691 1111 2725 oes
1177 2711 1185 2725 .

239 2756 330 2790 menum
345 2692 482 2790 samaritidi
500 2743 601 2790 Teneris.
640 2743 716 2799 Nune,
733 2758 801 2803 quast
867 2691 1111 2794 ideonum
1127 2739 1292 2804 isAadrissr]
1311 2740 1394 2803 apps-

238 2821 287 2853 rem
297 2809 359 2854 sitia
384 2805 576 2868 Propositioest.
603 2808 682 2864 Quam,
694 2806 799 2868 qualem.
832 2814 871 2854 ret
880 2820 930 2853 non
942 2805 973 2854 de
984 2804 1394 2863 indusniasedoesuessetrsns·

243 2871 305 2917 Vitio
315 2872 376 2918 desit.
394 2869 549 2944 vituperent,
560 2870 667 2944 eulpent.
704 2873 799 2932 Wtups-
832 2869 882 2918 lata
902 2885 938 2927 ea,
956 2885 1011 2933 quoe
1026 2885 1057 2918 ex
1080 2870 1206 2919 Perinthia
1226 2868 1253 2918 in
1274 2869 1394 2918 Andriam

238 2949 299 2992 rore,
312 2945 350 2982 est
361 2934 424 2982 male
434 2933 495 2982 vitio
506 2935 564 2984 dare
575 2942 649 2982 ettam
660 2935 731 2983 bona.
747 2938 799 2982 Ad·
833 2934 918 2982 eodem
928 2949 1010 2991 sensu,
1021 2934 1157 2997 iisdemque
1167 2934 1249 2983 verbis
1259 2933 1396 2998 perscripta

239 3003 328 3048 uertite.
357 2997 460 3063 Legitur
468 3001 626 3054 etattsstditer
644 2998 709 3047 unde
719 2999 799 3047 mani·
831 2998 938 3047 luerunt.
957 3002 1297 3051 Qsaetosaesersitsdsdriass.
1316 2997 1394 3046 Unam

238 3062 328 3112 lesturn
345 3072 389 3122 est,
408 3072 433 3111 et
449 3067 562 3112 advertite
579 3071 604 3111 et
621 3065 733 3112 ottesdits
750 3078 800 3112 non
832 3063 1031 3126 ergo,nonduss
1042 3062 1173 3112 transtulit.
1208 3066 1396 3117 &amatre

239 3142 292 3176 esse
308 3127 416 3192 plenum,
434 3127 482 3175 nisi
497 3126 620 3176 addideris
636 3130 743 3176 missust
767 3128 799 3177 D.
831 3131 857 3175 is
873 3130 995 3176 Andriast.
1027 3128 1090 3183 Qum
1100 3136 1157 3192 epta
1167 3135 1193 3176 et
1203 3127 1333 3176 commoda
1343 3127 1393 3174 tue·

238 3195 349 3244 -Quess
367 3208 415 3240 rem
432 3195 488 3240 sitio
506 3190 573 3254 dest]
592 3191 647 3240 Hoc
664 3200 709 3249 est,
727 3206 800 3255 quam
832 3191 932 3240 suntin
944 3190 1065 3241 Andriam
1081 3192 1203 3250 Latinam,
1214 3207 1264 3241 non
1275 3194 1394 3247 (irratam,

238 3270 290 3304 rem
301 3255 402 3318 culpent
412 3265 438 3304 et
447 3265 568 3304 aoeusent.
592 3257 622 3305 Ε.
832 3255 923 3305 latensi·
932 3255 1092 3306 transtulisse.
1126 3256 1176 3305 Sed
1186 3266 1395 3320 quareseonesat

272 3321 294 3368 9.
312 3322 439 3369 Menander
470 3324 516 3368 etit
534 3319 661 3384 Andriast]
685 3321 801 3370 Narratio
832 3320 1039 3378 Tarentinarum
1049 3320 1392 3384 possitviderideunatrsns·

239 3393 287 3459 estt
306 3393 331 3432 et
338 3385 437 3460 proprie
458 3389 519 3440 erite
535 3385 693 3434 soribitenim
705 3386 799 3460 'Peren-
833 3384 935 3459 tulisset
964 3384 1005 3433 Sic
1015 3385 1132 3435 solvitur:
1150 3385 1215 3441 Quis
1224 3386 1339 3460 apustius
1349 3383 1393 3432 sibi

238 3449 799 3578 trt‘lilt'zttiitttitrhiiiii
832 3458 876 3508 ω’
915 3449 1393 3573 ‘titttt‘ittz‘ltt'trdtst‘

239 3576 288 3626 Sed
299 3593 332 3626 sae
351 3592 364 3625 a
380 3578 411 3626 ad
427 3577 523 3626 laudem
540 3577 658 3638 Terentii,
668 3576 737 3640 serit,
754 3594 800 3643 pro
832 3577 922 3640 quitur,
938 3586 967 3626 ut
982 3578 1049 3642 apud
1064 3578 1208 3627 Terentium
1218 3592 1275 3627 eum
1291 3578 1392 3627 liberto:

238 3593 535 3705 eoquodesttrsnstulit.
560 3643 591 3690 D.
692 3645 697 3652 '
832 3651 858 3690 at
873 3642 899 3690 in
912 3641 1008 3691 Andria
1025 3641 1164 3702 Menandri,
1178 3642 1245 3692 solus
1260 3657 1339 3691 senex
1350 3652 1392 3688 est.

273 3709 310 3755 ru.
332 3705 461 3770 Utramus's]
479 3704 562 3755 Prima
577 3721 649 3756 scena
666 3706 800 3756 Perinthia
833 3706 958 3759 u-osa
976 3723 1097 3756 emesam
1113 3711 1139 3755 iss
1159 3705 1284 3770 Andriae]
1315 3705 1394 3754 Multa

237 3786 302 3835 pene
310 3769 397 3819 iisdem
405 3770 493 3828 verbis,
503 3771 589 3834 quibus
598 3771 701 3830 Andria,
710 3771 801 3835 scripta
833 3771 900 3820 enim
913 3770 1069 3820 conveniunt
1099 3771 1162 3820 liae
1176 3771 1252 3835 igitur
1264 3770 1392 3819 Terentius

238 3846 286 3893 eam
304 3844 391 3884 catera
402 3834 530 3884 dissimilia
541 3843 605 3894 sunt,
618 3836 728 3899 exceptis
739 3836 800 3885 duo·
833 3834 1122 3884 inAndriamtrsnstulit.
1137 3833 1393 3884 E.—Postl’erintbia

237 3901 283 3950 bus
299 3899 367 3958 locis,
382 3899 459 3948 altero
474 3899 505 3948 ad
525 3915 608 3950 versus
624 3903 660 3958 ll,
673 3900 751 3949 altero
769 3900 802 3949 ad
832 3915 897 3975 pone
917 3903 962 3957 bit,
982 3915 1014 3948 ue
1033 3900 1178 3960 Menander,
1198 3899 1242 3949 sed
1263 3898 1392 3948 Terentius

238 3980 322 4014 versus
342 3967 382 4023 20,
400 3963 442 4027 qui
461 3964 488 4012 in
508 3973 609 4026 unaque
628 3964 709 4013 fabula
726 3964 801 4028 positi
832 3963 1054 4028 rpseintelligntur.
1078 3963 1107 4013 D

237 4038 302 4078 sunt.
330 4033 714 4086 Qstamtonammmtasmsrtt.
739 4030 799 4078 Om·
868 4029 904 4076 15.
928 4031 959 4076 ld
973 4032 1015 4077 isti
1032 4032 1163 4091 vituperem
1178 4027 1284 4092 satum]
1301 4030 1349 4077 lat
1362 4027 1391 4075 ad

237 4108 294 4142 nem
311 4109 363 4142 rem
380 4109 430 4142 uno
447 4109 519 4142 versu
535 4094 638 4142 noverit.
676 4095 799 4143 Utronssis.
831 4093 1046 4157 reprehensionem
1057 4094 1164 4142 sumitur
1175 4107 1299 4160 personae:
1316 4093 1390 4141 inter-

238 4157 316 4206 Deest
325 4161 413 4207 horum.
437 4159 468 4206 D.
832 4158 892 4207 dum
910 4157 947 4206 rei
965 4157 1182 4222 reprehensionem
1203 4157 1340 4221 signifieat:
1366 4165 1391 4203 ut

272 4223 309 4270 ll.
327 4224 380 4271 Nea
400 4227 435 4272 ita
452 4225 560 4272 dissimili
578 4221 643 4286 sent]
663 4223 739 4281 Ordo,
761 4224 800 4272 lta
833 4221 960 4286 Virgilius,
980 4224 1043 4274 Qttt'd
1056 4227 1118 4285 petis
1136 4225 1210 4270 istit!
1247 4223 1389 4284 Vstepsrant.

237 4300 287 4334 non
308 4294 372 4334 sunt.
405 4286 472 4351 Ergo
494 4291 530 4336 ito
545 4287 797 4352 subdistinguendum.
831 4287 927 4335 Vitium
937 4286 1227 4362 reipsrautDisputost.
1255 4286 1389 4336 immorsa-

237 4352 290 4398 Nsn
310 4354 346 4398 ita
361 4353 469 4400 dissimili
487 4360 540 4400 sust
556 4356 663 4401 orotitnm
697 4353 738 4400 Ita
752 4367 798 4415 pro
831 4351 1076 4410 tur,cslnmmsntnr,
1089 4361 1298 4416 argumentantur.
1321 4349 1353 4398 D.

237 4414 308 4462 valde
325 4423 350 4462 et
367 4424 451 4463 caute:
475 4416 556 4480 potuit
569 4417 634 4466 enim
654 4415 711 4475 diei,
729 4415 796 4470 Quo·
866 4417 902 4464 ld.
921 4418 1078 4465 Goutrnsissri
1114 4417 1164 4465 rro
1181 4414 1217 4464 rie
1239 4418 1389 4464 tantoniam

236 4479 308 4527 modo
322 4493 379 4542 ergo
396 4489 453 4528 sunt
469 4481 523 4529 duae
539 4479 650 4530 dissimili
669 4480 797 4530 orationet
830 4479 1082 4545 estmenibuslutop
1092 4480 1145 4529 enit
1179 4479 1249 4543 iquid
1257 4479 1387 4540 attingeret
