2834 4759
229 134 291 200 138
660 130 942 197 TERENTII
1229 128 1377 215 [acrusr.

230 280 261 327 10
271 267 341 332 Aut
356 268 432 352 quia
448 290 519 331 sum
534 266 624 351 apud
638 276 671 331 te
687 266 821 351 primus.
867 266 936 331 Tu.
953 265 1060 331 Misso
1073 265 1162 331 istoec
1177 264 1261 329 face.

271 366 336 430 ΡΗ.
355 364 457 442 Quid,
473 366 592 428 missa?
616 387 636 426 ο
651 363 768 439 Thais,
784 363 900 440 Thais,
916 366 1038 429 utinam
1052 374 1141 429 esset
1154 362 1234 427 mihi

233 524 239 533 ,
272 463 356 527 Pars
371 485 467 546 aequa
481 462 598 525 amoris
615 472 733 537 tecum,
750 482 788 525 ac
802 463 925 545 pariter
940 462 1047 540 fieret,

236 634 242 642 Ι
274 559 324 623 Ut
338 570 395 623 aut
410 559 473 623 hoc
489 560 548 623 tibi
562 556 689 623 doleret
703 559 827 635 itidem,
841 569 879 623 ut
893 560 971 624 mihi
986 560 1094 639 dolet3

273 658 345 723 Aut
360 680 422 742 ego
437 659 522 722 istuc
537 659 596 721 obs
612 667 644 721 te
660 656 783 721 factum
797 657 888 722 nihili
899 660 1087 743 penderem.

232 768 263 815 1⁶
274 754 343 823 Tu.
360 755 416 831 Ne
431 755 541 819 crucia
556 766 599 831 te,
615 756 764 831 obsecro,
781 757 885 821 anime
899 758 954 834 mi,
971 756 1137 821 Phaedria.

275 852 355 916 Non
370 850 436 936 pol,
453 874 519 935 quo
534 874 728 935 quemquem
743 852 817 936 plus
832 876 946 931 amem,
964 864 1020 919 aut
1034 854 1108 939 plus
1124 853 1270 939 diligam,

276 948 330 1013 Eo
346 947 426 1012 feci:
451 949 511 1012 sed
524 950 571 1012 ita
584 958 655 1012 erat
668 971 740 1013 res:
764 948 950 1015 faciundum
964 951 1035 1015 fuit.

276 1048 364 1113 Part.
381 1048 501 1127 Credo,
517 1059 554 1113 ut
569 1048 618 1126 fit,
635 1049 752 1113 misera
766 1070 835 1134 prae
850 1069 959 1112 umore
974 1047 1113 1113 exclusti
1126 1046 1216 1112 hunc
1232 1046 1330 1113 foras.

267 1202 306 1250 1⁰.
318 1202 567 1263 Autqaciotnnopud
583 1208 605 1247 te
617 1198 720 1262 primm]
741 1199 798 1248 Duo
830 1200 948 1247 emona.
974 1201 1012 1247 Ne
1023 1202 1101 1247 crucio
1110 1198 1145 1261 te]
1159 1199 1223 1247 llaec
1232 1197 1327 1245 niaism
1345 1196 1387 1243 lec·

233 1262 361 1327 dixitque
372 1264 465 1312 doleat:
485 1263 577 1326 etquis
589 1263 677 1311 clausis
688 1263 761 1319 iores,
773 1271 799 1310 et
829 1272 885 1311 tens
897 1262 1075 1313 adolescentem
1086 1262 1174 1312 mulier
1190 1261 1291 1320 dixerit,
1303 1212 1387 1307 ridebi-

233 1330 291 1393 quie
311 1327 431 1392 posterior
450 1328 560 1384 hebetur,
585 1328 686 1390 praeieto
712 1326 797 1375 milite
830 1330 1006 1383 turnecrucio‚
1019 1327 1072 1376 siue
1083 1327 1172 1375 effectu
1182 1327 1274 1374 dicere.
1301 1324 1347 1371 Sed
1357 1323 1387 1371 sic

233 1398 284 1442 Aet
295 1396 408 1456 quianon
419 1395 482 1452 opud
491 1399 513 1440 te
522 1390 623 1454 prinae]
641 1390 798 1449 Subauditur,
831 1390 902 1449 dicet,
920 1408 948 1439 ne
964 1394 1043 1439 crocia
1059 1399 1088 1449 te,
1101 1406 1130 1439 eo
1146 1402 1227 1454 gestu,
1241 1388 1308 1451 quasi
1325 1388 1388 1435 ineo

234 1461 288 1506 Non
299 1465 362 1505 recto
374 1459 474 1505 introiet
502 1454 727 1519 Misenistaecfoce]
740 1454 797 1503 Alie
829 1455 904 1503 ctiam
915 1454 969 1518 ipse
980 1455 1118 1503 crucietur:
1141 1471 1197 1503 nem
1214 1454 1272 1503 ideo
1288 1450 1388 1513 subjecit,

234 1520 402 1579 dissimulatio,
410 1518 796 1582 etduriorpostadmonitionem.
829 1524 953 1578 antenorei,
965 1520 1011 1568 hoc
1023 1528 1067 1572 est.
1080 1519 1266 1567 animusmeus
1294 1516 1387 1565 D.--Ne

236 1585 285 1634 Sed
301 1587 364 1633 bene
382 1584 506 1647 intelligit,
524 1583 566 1646 qui
581 1583 627 1631 hoc
643 1583 798 1633 ameretrice
830 1586 909 1631 crucio
931 1593 961 1641 te,
978 1582 1080 1646 obsecro]
1099 1582 1192 1647 incipit
1208 1581 1326 1637 defensio,
1342 1594 1389 1641 que

235 1649 332 1697 ridente
350 1647 463 1705 molliter,
481 1657 507 1695 et
528 1646 638 1696 mculum
657 1648 798 1711 porrigente
831 1648 949 1711 optimum
965 1648 1114 1712 principium
1131 1647 1219 1705 tenuit,
1233 1658 1262 1695 ut
1272 1643 1389 1694 irascentis

236 1712 285 1761 dici
298 1711 394 1775 accipit.
419 1712 451 1759 D.
831 1712 937 1775 primum
962 1711 1059 1761 enimus
1080 1722 1267 1775 temperaretur.
1302 1708 1388 1758 Deinde

270 1778 308 1824 11.
327 1776 390 1829 Quid
403 1774 504 1838 musal]
525 1774 618 1839 Magna
631 1775 709 1824 virtus
720 1784 799 1839 poetae
831 1774 933 1824 consilio
940 1776 1088 1838 generaliter
1095 1777 1388 1839 subjungitargumentum

236 1850 281 1897 est,
291 1854 340 1888 non
352 1839 486 1887 sententias
494 1838 572 1887 solum
582 1840 613 1887 de
622 1840 799 1887 consuetudine
831 1839 956 1897 meretrix,
965 1840 1008 1889 sed
1019 1838 1197 1902 conjecturale:
1217 1840 1283 1903 quod
1294 1853 1340 1885 non
1350 1836 1388 1883 lioc

237 1919 265 1952 sc
277 1904 308 1951 de
325 1903 406 1952 medio
419 1901 510 1960 tollere,
521 1913 546 1951 et
560 1919 653 1967 ponere
670 1905 697 1952 in
707 1919 798 1951 comce-
832 1903 914 1951 animo
925 1902 1016 1961 iecerit,
1028 1920 1076 1967 quo
1084 1904 1159 1952 alium
1172 1904 1239 1968 apud
1251 1919 1278 1951 se
1290 1902 1388 1949 rideatur

237 1967 291 2016 dia:
305 1982 388 2016 verum
400 1967 474 2015 etiam
485 1969 558 2016 verba
570 1968 679 2030 quiedam
690 1982 722 2016 ex
732 1982 799 2015 com·
832 1968 922 2016 hebere
933 1968 1060 2031 potiorem.
1090 1969 1146 2017 Hoc
1164 1969 1232 2016 enim
1250 1966 1327 2015 dixit:
1343 1964 1388 2011 Non

237 2032 307 2080 muni
323 2046 449 2085 sermoner
465 2031 537 2093 quale
553 2041 591 2080 est
602 2032 667 2093 quod
678 2032 713 2080 ait
726 2047 798 2089 nunc,
829 2035 871 2094 pol
880 2050 923 2095 quo
934 2049 1067 2095 ommonem
1075 2036 1130 2094 plen
1138 2050 1218 2089 omen,
1228 2039 1270 2079 oet
1279 2033 1330 2091 ptus
1341 2029 1388 2075 diii·

240 2099 303 2148 Quid
313 2100 402 2144 nisset
426 2096 514 2144 1).-o
528 2095 701 2159 stamineis]
721 2096 799 2144 itera·
830 2095 990 2159 gom,eosen'.
1018 2096 1137 2145 Similiter
1147 2095 1276 2158 subjungit
1286 2089 1388 2157 generale

237 2162 274 2208 tio
293 2160 400 2209 nominis
421 2160 558 2207 accusantis
575 2160 683 2207 ostendit
701 2160 800 2208 iracun-
833 2159 901 2208 aliud
912 2170 1091 2223 argumentum,
1103 2170 1182 2209 status
1199 2158 1340 2207 venialiter
1351 2169 1387 2227 ne-

238 2223 311 2272 diam.
334 2226 427 2272 Utinam
437 2231 495 2271 erret
506 2221 575 2285 nint]
593 2224 685 2271 Sensus
695 2222 736 2271 hic
748 2233 800 2271 est:
834 2224 961 2272 cessitate:
979 2228 1021 2273 red
1031 2228 1066 2273 ito
1076 2233 1127 2273 erot
1138 2241 1182 2273 rer.
1210 2224 1272 2273 Post
1285 2231 1389 2269 meretrix

239 2288 340 2336 Utinam
352 2297 377 2335 et
389 2297 416 2335 tu
427 2288 542 2335 amatoris
554 2295 580 2333 et
595 2297 689 2350 pet-tem
706 2302 803 2335 mecum
834 2289 978 2336 conturbata
998 2288 1107 2337 oratione
1125 2288 1198 2345 servi,
1216 2287 1280 2352 petit
1298 2284 1387 2333 audien·

238 2352 328 2400 amoris
346 2351 478 2426 habuisses.
508 2350 620 2425 sienim
641 2351 688 2427 iioc
708 2350 802 2426 inisset,
835 2351 902 2409 tiam,
914 2361 942 2400 ut
953 2351 1049 2463 plepior
1058 2352 1127 2427 origo
1138 2364 1260 2427 narretur.
1278 2350 1332 2398 Non
1343 2358 1388 2394 un·

239 2415 803 2534 utilit?lttrrt‘.ti..¹}⁸{tt¹itit:tl
836 2413 1388 2547 il..‘tt.¹:.f¹.⁰.¹.¹‘l..¹t;¹tt..eutitii

240 2542 341 2599 doleret,
349 2554 376 2590 ut
384 2543 428 2591 tibi
437 2557 486 2589 non
496 2542 567 2589 dolet
587 2542 643 2591 Hoc
652 2544 717 2590 enim
727 2542 801 2591 dixit:
836 2543 944 2598 entinmt
967 2559 1016 2606 qua
1037 2559 1158 2602 concessa,
1176 2546 1286 2592 narratio
1306 2540 1388 2603 incipit.

240 2610 292 2670 Ego
307 2612 367 2655 istoc
381 2610 422 2655 ote
434 2604 566 2669 tesoctun]
584 2607 640 2655 Hoc
657 2607 804 2666 estfactum
837 2607 1111 2671 E.-I.ege,ontrnerni,
1124 2610 1286 2657 rns'Pioedrt'o.
1307 2606 1334 2653 B.

240 2682 310 2721 tuum
322 2682 511 2720 contemnerem.
539 2670 568 2719 u
872 2672 909 2719 16.
927 2673 980 2721 Non
988 2675 1029 2734 pol
1041 2690 1084 2735 quo
1099 2690 1233 2736 quemqnam
1248 2674 1301 2734 pios
1315 2664 1388 2727 anea]

276 2738 312 2783 12.
335 2738 705 2798 Utinoneeretmiliporeaequo
722 2738 806 2785 omnm
839 2734 895 2783 Hoc
907 2744 984 2784 totum
997 2736 1070 2785 nimis
1080 2736 1173 2795 blande,
1188 2747 1212 2785 et
1225 2752 1282 2786 cum
1293 2744 1389 2783 contrec-

241 2797 327 2861 tecurn]
340 2798 387 2847 Vel
397 2799 503 2853 amandi,
515 2798 554 2847 rel
565 2814 615 2847 non
630 2800 728 2847 amandi
739 2800 805 2847 scili·
838 2800 904 2848 tione
917 2800 1103 2861 (contrectatione
1115 2800 1156 2864 Ζ.)
1168 2798 1329 2850 adolescentis
1340 2794 1390 2844 dieii

241 2863 395 2925 oet(onondi
408 2872 432 2911 et
447 2881 491 2911 non
508 2866 600 2911 onondr'
614 2863 689 2911 hebet
705 2863 743 2911 ed.
757 2864 805 2911 Ar·
838 2865 962 2911 meretrix
985 2866 1017 2913 D.

241 2928 349 2991 gentina.
379 2926 516 2988 Utrumque
527 2942 593 2984 vero,
603 2928 667 2989 quod
679 2936 804 2985 memorat,
874 2928 910 2979 17.
928 2930 1070 2977 Faciundum
1085 2927 1150 2992 suit]
1174 2929 1325 2994 Legendum,
1340 2920 1388 2972 laci·

242 2992 296 3041 fleri
313 3001 382 3056 optat
399 2990 517 3048 Phaedria,
534 2992 604 3052 cuius
654 2991 748 3039 minum
764 3000 806 3039 out
838 2990 936 3047 endum.
955 2992 1118 3049 scribendum,
1135 3004 1214 3042 totum
1239 2996 1285 3042 hoc
1306 3000 1390 3051 semper

241 3070 293 3105 non
304 3056 363 3104 iacit
372 3054 495 3112 dilemma,
507 3054 551 3102 sed
562 3070 625 3118 copu
636 3064 667 3102 at.
686 3056 746 3103 Esto
758 3055 805 3118 igi-
838 3055 977 3105 necessitati
991 3058 1138 3119 adiungitur.
1156 3058 1285 3123 Virgilius,
1298 3054 1349 3103 AEn.
1361 3048 1388 3099 ti·

241 3128 284 3169 tur
294 3135 381 3167 sensus
394 3118 496 3167 alterius
511 3133 612 3167 versus:
635 3128 664 3166 ut
679 3134 726 3182 ego
742 3118 806 3168 istuc
839 3120 893 3168 230.
911 3128 952 3168 out
960 3138 1039 3181 pacem
1053 3122 1152 3183 Trojano
1162 3126 1193 3170 ot
1208 3139 1262 3186 rege
1274 3118 1389 3183 petendo*

242 3184 332 3232 fectum
344 3184 423 3231 abste
435 3198 504 3245 {equo
520 3182 602 3230 animo
616 3182 714 3239 ferrem,
725 3183 745 3231 si
758 3183 805 3232 sci-
839 3183 873 3231 Et
884 3184 949 3242 alibi,
959 3185 1016 3233 AEn.
1028 3185 1076 3233 viii.
1087 3187 1142 3234 441.
1154 3202 1221 3235 ormo
1232 3190 1282 3235 ocri
1291 3180 1389 3247 socies&

242 3263 303 3304 rem,
315 3245 377 3295 illud
388 3246 472 3294 itidem
489 3246 572 3294 dolere
586 3247 639 3305 tibi,
651 3256 679 3294 ut
692 3247 752 3295 mihi
762 3248 805 3296 do·
839 3252 894 3297 otro.
918 3250 951 3296 D.

243 3310 299 3369 let).
327 3314 364 3359 Ac
371 3314 462 3373 pariter
471 3309 554 3372 fieret]
572 3312 673 3368 Pariter,
686 3310 806 3360 similiter.
874 3315 911 3361 18.
931 3314 1010 3368 Credo,
1022 3323 1049 3363 ut
1057 3316 1095 3373 fit,
1107 3318 1190 3365 minero
1203 3333 1257 3379 pra
1272 3328 1342 3363 onore
1356 3324 1388 3356 tt·

244 3374 373 3422 Sallustius
386 3374 424 3435 (in
433 3374 607 3437 Fragrnentia),
618 3378 657 3422 cei
666 3378 713 3423 nisi
718 3379 810 3435 pariter
841 3378 910 3425 clusit
920 3374 1064 3441 iuncsoroe]
1077 3380 1189 3427 Oratorie
1198 3395 1227 3428 ac
1240 3380 1314 3429 facete
1332 3371 1389 3422 eddi·

244 3442 332 3487 obviarn
343 3442 423 3487 iretur.
446 3438 744 3501 D.-Porsaequoonorie
770 3440 808 3487 Jo.
842 3450 902 3499 tum,
919 3446 1008 3490 misero.
1043 3442 1076 3491 Et
1092 3459 1148 3492 cum
1164 3442 1207 3493 ills
1222 3460 1239 3493 a
1255 3440 1390 3491 derivatione

244 3503 363 3551 Serisber.
376 3502 469 3566 Polycr.
485 3502 536 3549 viii.
553 3518 606 3565 cap.
619 3505 641 3550 5.
665 3504 727 3551 1..-
766 3502 811 3563 nir
842 3520 921 3553 causis
937 3516 1128 3569 argumentetur,
1142 3509 1205 3557 mire
1221 3525 1237 3557 e
1255 3509 1391 3556 Parmenone

245 3566 282 3615 δι’
294 3564 462 3629 ὀμφοτέροισιν
468 3564 543 3629 ‘Sper
560 3566 602 3615 iore
615 3565 674 3628 τόξα
689 3566 808 3625 rsrolreu,
841 3580 953 3633 correpte
964 3580 1009 3628 est,
1022 3570 1153 3620 verisimile
1165 3588 1214 3621 non
1232 3588 1291 3627 esse,
1303 3580 1328 3617 ut
1338 3563 1390 3629 quis

245 3630 277 3680 Ei
286 3630 346 3680 θεός·
358 3630 380 3679 el
390 3630 416 3679 ol
426 3628 505 3694 iiten
517 3629 574 3693 πρὸς
589 3628 666 3693 μέρος,
676 3632 704 3679 oi
716 3632 768 3681 teir
780 3630 807 3681 ei.
840 3648 913 3696 quem
936 3644 1008 3693 amet,
1031 3636 1134 3684 eundern
1163 3638 1242 3701 possit
1268 3630 1389 3683 excludere·

245 3694 469 3745 Antinoites.
491 3694 531 3741 W.
841 3698 948 3746 Exclusit
964 3700 1023 3747 hunc
1030 3698 1113 3811 sorosp
1129 3700 1196 3763 Παρὰ
1206 3698 1345 3762 προσδοκίαν
1358 3694 1389 3739 ln·

281 3762 317 3807 13.
340 3762 372 3809 Ut
394 3768 435 3808 ont
457 3762 498 3806 hoc
514 3761 558 3805 iiii
573 3760 658 3806 doleret
677 3761 765 3817 itidem,
782 3768 808 3808 ut
841 3761 898 3809 tulit
924 3761 1023 3811 intuens
1048 3764 1104 3827 puel
1116 3780 1163 3821 mn,
1185 3774 1210 3813 et
1230 3766 1253 3813 ei
1275 3758 1391 3811 ostendens

245 3828 302 3873 stilti
313 3824 387 3887 dolet]
400 3824 426 3871 Si
437 3824 508 3870 ambo
518 3835 661 3870 amaremus
686 3823 718 3871 D.
843 3825 980 3874 Phaedriam
990 3845 996 3873 ι
1014 3836 1042 3875 ut
1052 3829 1165 3876 ostendat
1175 3845 1248 3891 quarn
1259 3827 1315 3876 laisa
1326 3834 1348 3871 et
1357 3834 1388 3892 re·

281 3891 318 3936 14.
336 3889 396 3936 Cod.
408 3885 577 3942 Academicus,
586 3889 761 3947 vilipenderent
780 3888 808 3936 B.
842 3891 977 3953 pugnantia
988 3891 1101 3953 loquatur
1112 3894 1235 3941 meretrix.
1265 3889 1389 3955 Densus

280 3955 318 4000 15.
336 3955 373 4000 Ne
385 3954 463 3999 crucio
475 3958 504 4005 te,
516 3953 612 4006 obsecro,
624 3955 699 3998 enine
708 3950 754 4014 mi]
766 3954 810 4008 Mt,
843 3954 884 4014 qui
893 3953 949 4002 libri
961 3955 1048 4004 Feemi
1058 3957 1259 4017 habentereluit,
1267 3956 1335 4005 etiam
1343 3962 1391 4001 men

245 4017 371 4065 vocativus
382 4026 426 4072 est,
440 4014 585 4077 abeoquod
600 4024 638 4062 est
648 4032 717 4062 meus.
746 4015 810 4064 Vide
843 4027 932 4082 prreter
952 4018 1008 4077 duo,
1025 4020 1068 4082 qui
1084 4037 1139 4069 curn
1161 4020 1250 4070 Faerni
1268 4022 1356 4069 nonno
1370 4020 1390 4057 0²

246 4096 319 4193 dmm
331 4079 483 4129 familiariter
494 4079 540 4127 hoc
554 4078 621 4126 idem
635 4078 727 4143 repetit
741 4080 809 4127 blan·
842 4082 981 4131 recentibus
1004 4082 1073 4133 libris
1089 4085 1174 4149 legunt
1195 4087 1315 4135 exclusisti
1345 4078 1390 4138 EF

264 4145 390 4192 intentum.
424 4143 486 4192 Vult
508 4142 574 4190 enirn
596 4142 728 4191 Terentius
743 4142 811 4194 velut
843 4160 898 4195 cum
917 4146 1012 4195 Faerno
1027 4148 1157 4213 legendum
1174 4150 1286 4205 arbitror,
1301 4141 1390 4195 emineti-

246 4207 370 4271 peculiere
386 4210 487 4257 verbum
501 4206 737 4263 hocesse'l’heidist
755 4207 811 4257 ideo
843 4208 929 4259 B.-E
954 4210 1085 4262 Menandri
1108 4214 1213 4279 Prologo
1235 4210 1330 4263 Thetidis
1347 4208 1388 4253 ll&le

246 4272 337 4320 totiens
348 4272 440 4321 dictum
452 4281 497 4330 est,
508 4273 571 4320 Tune
582 4273 686 4330 neem,
698 4274 731 4319 nri
742 4273 809 4319 Plin-
842 4273 926 4322 leudat
943 4275 1096 4335 Plutarchus,
1113 4279 1144 4327 de
1160 4278 1287 4329 audiendis
1307 4270 1388 4339 poetl⁵²

247 4338 327 4384 dria?
354 4338 392 4383 Ne
413 4341 491 4385 mdo
511 4338 749 4394 conteneantur
771 4338 810 4396 mi,
843 4337 1018 4399 'Enolnlnoin
1027 4342 1271 4403 &tervannense
1281 4334 1389 4403 Opmivr
