2834 4759
106 34 337 127 desidero]

364 64 450 112 Me
472 67 715 113 desideres.
742 64 871 112 Eun.
922 67 1111 111 ruissem
1148 62 1304 111 facile.

922 0 1121 47 luissem
1144 13 1341 61 operam
1361 15 1580 53 sumere3
1605 3 1757 47 deter-
1811 0 1874 48 iv.
1901 1 1946 60 7,
1976 4 2047 50 10.
2118 5 2183 49 Di
2210 0 2340 50 boni.
2377 1 2470 49 Ad.
2505 0 2574 50 iii.
2601 4 2646 58 3,

1375 64 1500 112 Hec.
1540 65 1667 113 Prol.
1701 64 1756 115 17

41 127 71 174 i.
94 131 137 183 2,
160 129 261 176 113.
311 129 506 183 Quanto
522 129 706 177 diutius
722 129 871 185 abest,
924 138 975 174 et
1003 129 1075 175 19.
1129 128 1408 176 Maledictis
1432 132 1676 184 deterrere,
1699 145 1760 176 ne

41 203 178 239 tanto
196 194 578 255 magisdesidero.
606 195 786 242 Heaut.
803 193 871 240 iii.
925 191 1117 246 scribat,
1142 203 1295 255 parat.
1334 193 1529 241 Phorm.
1561 193 1688 241 Proi.
1714 196 1758 241 3.

44 259 86 310 l,
126 258 197 303 16.
267 258 458 306 Nostin’
494 258 579 320 qui
608 258 739 306 sim?
793 258 872 305 ΖΕ.

45 322 156 368 Non
195 326 414 370 desidero.

990 254 1194 318 detineo]
1235 258 1429 305 Detineo
1451 268 1514 305 te.
1557 258 1683 305 Eun.
1709 258 1758 307 ii.

475 324 567 371 Ad.
614 322 663 370 ii.
714 324 754 380 1,
796 324 872 369 23.
927 322 972 375 2,
990 322 1069 369 49.
1119 321 1205 368 Pol
1228 335 1308 368 me
1330 324 1530 370 detinuit
1549 322 1758 370 morbus.

44 386 372 435 Vehementer
393 390 612 435 desidero.
653 388 776 435 Hec.
805 387 872 434 iii.
928 384 1123 433 Phorm.
1146 384 1212 432 iv.
1241 387 1282 438 1.
1309 388 1353 433 8.

41 452 88 506 5,
114 453 193 497 38.

989 449 1205 510 detraho]
1255 449 1410 497 Tuam
1457 460 1640 498 vestem
1682 452 1760 498 de·

104 514 316 577 designo]
350 515 501 563 Modo
524 514 638 578 quid
658 518 872 579 designa·
927 516 1071 560 tras-it
1088 514 1174 561 tibi
1191 516 1209 560 't
1239 514 1363 564 Eun.
1382 514 1445 561 iv.
1461 518 1507 571 4,
1523 517 1600 561 40.
1645 515 1760 562 Soc-

37 583 105 626 vit
124 584 148 626 ‚⁷
183 579 276 627 Ad.
302 580 333 627 i.
361 582 404 637 2,
430 583 473 627 8.

926 593 1007 624 cos
1042 580 1303 626 detrabunt.
1350 580 1530 627 Heaut.
1555 579 1587 626 i.
1619 582 1658 635 1,
1685 580 1760 630 72.

103 643 286 706 desino]
321 647 548 692 Desinant
571 643 874 692 maledicere.
930 642 1006 689 De
1052 642 1206 704 digitu
1251 642 1504 691 anululum
1557 646 1760 691 detraho.

41 709 175 755 And.
201 708 329 756 Prol.
356 710 431 756 23.
492 710 615 756 Haec
637 708 873 756 sollicitu·
931 706 1111 753 Heaut.
1130 707 1191 754 iv.
1213 708 1255 764 l,
1272 709 1348 755 38.
1390 708 1565 770 Neque
1579 711 1762 756 detrac-

36 773 103 819 do
138 773 315 820 deinde
348 776 536 822 desinet.
581 772 709 821 And.
736 773 798 820 fn.
830 773 875 829 6,
930 779 1023 818 tum
1047 770 1091 818 ei
1114 781 1214 818 tum
1238 772 1495 834 quicquam
1520 782 1608 820 est.
1637 773 1761 820 Hec.

43 838 118 883 10.
190 838 269 885 Ah
302 840 471 886 desine.
507 838 635 885 And.
673 854 714 885 v.
750 838 795 893 6,
832 840 875 884 8.
929 834 993 882 iv.
1022 837 1061 891 1,
1087 837 1164 882 58.

39 905 242 950 Desinat
278 901 528 950 lacessere.
580 902 707 949 Eun.
751 902 876 949 Prol.

993 898 1337 961 detrimentum]
1388 900 1464 947 De
1498 909 1545 947 te
1568 901 1763 963 quidem

43 968 117 1012 16.
146 966 310 1014 Ilicet:
332 970 500 1015 desine.
524 967 649 1014 Eun.
668 966 716 1013 ii.
736 968 781 1022 3,
801 966 876 1013 56.
930 964 1177 1026 peccando
1222 967 1486 1012 detrimenti
1536 965 1604 1012 nil
1661 966 1765 1013 fieri

38 1031 229 1078 Mulier
274 1031 419 1079 telam
464 1034 645 1079 desinit.
697 1031 879 1079 Heaut.

37 1096 88 1141 ii.
118 1098 162 1151 3,
190 1096 267 1142 64.
304 1095 413 1144 vide
440 1097 608 1143 Notas.
675 1097 776 1143 Aut
798 1098 877 1143 de-

930 1037 1104 1090 potest.
1145 1028 1264 1076 Hec.
1292 1029 1341 1076 ii.
1370 1031 1409 1084 1,
1434 1028 1510 1078 37.

994 1092 1202 1154 devenio]
1230 1093 1442 1141 Tantum
1460 1097 1687 1141 devenisse
1705 1095 1764 1142 ad

34 1164 153 1216 sine,
190 1170 278 1207 aut
315 1159 436 1208 cedo
477 1160 698 1223 quemvis
748 1160 875 1207 arbi·
930 1172 1040 1204 cum
1065 1156 1194 1203 mali.
1234 1157 1413 1205 Heaut.
1440 1157 1502 1204 iv.
1529 1161 1574 1214 5,
1601 1161 1644 1206 2.

38 1235 186 1271 trum.
225 1225 319 1271 Ad.
356 1225 386 1272 i.
418 1227 462 1280 2,
497 1228 578 1272 43.
639 1223 797 1273 Potin'
826 1236 880 1273 ut

35 1292 262 1336 desinas?
310 1289 403 1337 Ad.
439 1289 500 1337 iv.
543 1291 583 1346 1,
623 1291 700 1337 23.
766 1290 878 1336 Jam

30 1356 140 1414 Jam
164 1356 333 1401 desino.
377 1355 469 1403 Ad.
498 1370 539 1401 v.
567 1356 611 1411 3,
637 1355 715 1404 67.
773 1354 879 1401 Tua

35 1418 170 1479 quod
196 1417 266 1464 nil
285 1419 448 1475 refert,
463 1418 737 1482 percontari
756 1421 876 1466 desi-

35 1500 138 1530 nas.
193 1482 319 1530 Hec.
359 1499 402 1532 v.
441 1486 485 1540 3,
526 1485 597 1530 12.
666 1485 878 1531 Desinas.

38 1548 242 1594 Phorm.
280 1546 312 1595 i.
346 1550 391 1604 2,
428 1549 500 1596 19.
567 1548 677 1596 Ohe
710 1550 879 1595 desine.

39 1612 243 1659 Phorm.
267 1612 316 1659 ii.
342 1615 388 1669 3,
413 1614 491 1660 30.

102 1675 305 1738 desisto]
367 1677 646 1738 Numquam
701 1679 881 1724 desistit

36 1741 244 1788 instare.
288 1742 417 1789 And.
451 1742 513 1789 iv.
545 1743 586 1798 1,
622 1741 698 1788 36.
770 1742 881 1788 Hoc

36 1805 381 1868 percontarier
400 1808 581 1853 desiste.
627 1807 752 1853 Hec.
778 1805 809 1852 i.
836 1807 881 1861 2,

36 1874 117 1916 30.
200 1872 412 1918 Des-istut
454 1870 636 1918 litibus.
688 1871 881 1918 Phorm.

35 1935 101 1981 iv.
132 1936 181 1991 3,
207 1936 285 1982 29.

101 1997 396 2061 despicatus]
447 1999 551 2046 Nos
573 2008 883 2060 nostramque

33 2063 426 2111 adulescentiam
461 2064 644 2111 habent
673 2067 879 2124 despica-

34 2137 103 2175 tu.
148 2128 279 2175 Eun.
304 2128 355 2175 ii.
383 2130 427 2184 3,
454 2129 529 2176 92.
573 2128 685 2176 vide
711 2129 880 2175 Notas.

101 2190 337 2255 despolio]
414 2193 577 2255 Ipsam
632 2195 885 2253 despoliare

31 2273 141 2304 non
171 2256 319 2303 lubet.
356 2258 484 2305 And.
510 2258 572 2305 iv.
600 2259 645 2313 5,
668 2259 743 2305 21.

117 2321 401 2384 despondeo]
469 2324 731 2383 Despondi:
804 2321 884 2368 hic

32 2385 237 2502 17u51pti}s
255 2384 457 2497 gigtbi'st
476 2386 607 2498 dizuh
616 2386 799 2497 ἹΑιιά.Α
787 2385 818 2433 i.
837 2388 884 2497 ε1ἰῖ

106 2487 121 2497 .
218 2464 250 2496 n
385 2467 410 2498 e
609 2468 626 2497 s
649 2467 718 2497 ur.
803 2467 836 2498 n

33 2535 81 2564 v.
113 2515 165 2571 6,
197 2514 271 2560 16.
310 2468 519 2577 Egoaeffi?
532 2529 689 2576 neque
712 2515 774 2562 do
798 2530 884 2562 ne·

32 2596 139 2644 que
158 2582 424 2639 despondeo.
459 2579 555 2627 Cui
570 2580 771 2627 daturus
788 2595 885 2626 non

32 2661 171 2700 sum,
186 2653 243 2691 ut
267 2643 312 2691 ei
335 2646 669 2705 despondeom?
706 2643 885 2692 Heaut.

33 2714 103 2758 iv.
124 2711 174 2767 5,
203 2709 262 2754 31
290 2718 342 2756 et
359 2710 437 2755 36.
485 2711 763 2770 Desponsam
781 2723 887 2756 esse

31 2774 212 2823 dicito.
255 2772 434 2821 Heaut.
458 2771 523 2820 iv.
550 2775 594 2829 8,
620 2773 697 2820 26.
763 2772 888 2826 Quis

994 1220 1261 1283 deverbero]
1294 1222 1534 1270 Homines
1553 1226 1764 1270 deverbe-

931 1302 1055 1333 rasse
1075 1301 1226 1347 usque
1249 1286 1310 1334 ad
1334 1302 1519 1334 necem.
1572 1288 1765 1335 Phorm.

931 1349 981 1397 ii.
1008 1352 1051 1406 2,
1083 1352 1156 1397 13.

994 1414 1344 1476 deverticulum]
1386 1415 1484 1463 Ubi
1514 1416 1574 1463 ad
1604 1414 1764 1479 ipsum

932 1478 1076 1525 venio
1130 1482 1466 1527 deverticulum.
1526 1481 1654 1529 Eun.
1701 1481 1764 1527 iv.

996 1607 1225 1670 devineio]
1282 1607 1529 1670 ConJugio
1579 1608 1766 1656 liberali

932 1675 1200 1720 devinctum.
1228 1673 1355 1721 And.
1376 1673 1445 1720 iii.
1466 1675 1511 1730 3,
1528 1674 1603 1721 29.
1642 1673 1763 1720 Ani-

934 1752 1041 1784 mus
1060 1737 1141 1784 ubi
1166 1738 1314 1785 semel
1333 1754 1387 1785 se
1404 1737 1671 1801 cupiditate
1686 1740 1765 1785 de-

934 1805 1081 1848 vina-it
1115 1801 1253 1848 mala.
1315 1802 1493 1850 Heaut.
1531 1802 1562 1849 i.
1606 1804 1649 1859 2,
1689 1804 1765 1848 34.

939 1866 1047 1912 Hoc
1069 1866 1303 1913 beneficio
1324 1867 1516 1928 utrique
1539 1866 1601 1913 ad
1621 1866 1764 1915 utris-

934 1946 1028 1991 que
1043 1945 1157 1977 vero
1174 1933 1476 1978 devincimini.
1516 1932 1695 1980 Heaut.
1718 1930 1765 1977 ii.

934 1997 979 2051 4,
1011 1996 1083 2041 14.
1151 1994 1361 2042 Animus
1384 1995 1550 2044 uxoris
1578 1994 1764 2043 miseri-

933 2058 1097 2106 cordia
1126 2062 1373 2106 devinctus.
1412 2060 1536 2108 Hec.
1562 2059 1592 2106 i.
1620 2061 1664 2116 2,
1690 2061 1766 2107 93.

998 2123 1172 2185 devito]
1212 2124 1266 2170 Si
1289 2124 1379 2171 hoc
1401 2126 1550 2172 devito
1572 2123 1766 2171 malum.

937 2188 1064 2235 And.
1091 2187 1157 2235 iii.
1184 2189 1228 2243 5,
1254 2190 1298 2235 5.
1358 2188 1492 2235 Mala
1518 2203 1675 2250 neque
1699 2189 1770 2235 uti

936 2255 1125 2300 devitem
1144 2252 1259 2300 scio.
1311 2253 1504 2300 Phorm.
1531 2253 1561 2300 i.
1588 2256 1633 2309 4,
1658 2255 1702 2299 3.

1000 2315 1231 2378 devortor]
1286 2316 1394 2380 Ego
1429 2317 1545 2365 deos
1579 2316 1772 2380 penatis

938 2379 1051 2430 hinc
1086 2381 1347 2429 salutatum
1384 2382 1580 2430 domum
1612 2384 1768 2430 devor-

939 2454 1030 2494 tar.
1056 2447 1252 2493 Phorm.
1280 2445 1328 2493 ii.
1360 2448 1401 2503 1,
1424 2449 1506 2494 82.

1001 2508 1138 2572 denas]
1164 2510 1259 2558 Pro
1281 2512 1412 2557 deum
1437 2510 1597 2558 fidem.
1641 2509 1770 2557 And.

938 2575 968 2623 i.
997 2577 1041 2633 5,
1068 2578 1112 2621 2.
1148 2574 1259 2622 vide
1296 2575 1465 2622 Notas.
1540 2573 1595 2621 Id
1628 2588 1773 2637 spero

938 2640 1188 2702 adiuturos
1216 2641 1335 2687 deos.
1372 2638 1501 2686 And.
1525 2638 1594 2685 iii.
1623 2640 1666 2694 2,
1692 2640 1769 2685 42.

943 2706 1036 2753 Per
1061 2713 1108 2752 te
1140 2719 1230 2766 ego
1252 2705 1357 2750 deos
1379 2717 1480 2751 oro.
1547 2702 1676 2751 And.
1701 2702 1770 2750 iii.

941 2771 986 2826 3,
1032 2769 1077 2815 6.
1162 2768 1305 2821 Quod
1362 2770 1413 2815 di
1467 2766 1769 2842 prohibeant.

30 2839 327 2899 despondit?
360 2836 471 2899 quis
492 2836 664 2885 dedit't
700 2837 796 2886 Ad.
821 2836 884 2885 iv.
941 2833 1068 2881 And.
1103 2831 1173 2879 iii.
1199 2834 1243 2888 3,
1276 2832 1354 2879 36.
1425 2832 1536 2879 Nisi
1571 2830 1688 2893 quid
1724 2834 1774 2878 di

33 2908 84 2960 5,
114 2903 200 2950 36.

939 2896 1223 2961 respiciunt.
1280 2896 1409 2944 And.
1468 2896 1532 2943 iv.
1596 2897 1636 2952 1,
1698 2898 1771 2943 18.

104 2964 350 3027 desubito]
373 2964 577 3014 Crucior
588 2964 752 3013 bolum
769 2964 884 3012 mihi
943 2961 1191 3018 Mihideos
1206 2960 1353 3009 fuisse
1367 2961 1528 3008 iratos.
1563 2960 1691 3008 And.
1710 2959 1771 3008 iv.

33 3042 244 3081 tantum
269 3045 349 3078 ere
387 3040 489 3078 tum
510 3040 607 3077 tam
632 3032 838 3077 desubito
860 3044 887 3076 e
946 3028 986 3084 1,
1005 3029 1083 3075 40.
1137 3028 1204 3073 Di
1222 3037 1433 3073 vostram
1456 3025 1615 3073 fldem.
1645 3024 1771 3072 And.

31 3096 286 3145 faucibus.
379 3104 506 3143 eaut.
529 3094 593 3141 iv.
620 3096 665 3152 2,
690 3095 735 3141 6.

939 3091 1005 3140 iv.
1026 3094 1071 3148 3,
1096 3092 1136 3139 1.
1172 3092 1262 3138 Dis
1278 3090 1360 3153 pol
1380 3090 1536 3137 habeo
1551 3089 1771 3151 gratiam.

105 3158 298 3221 desum]
354 3157 505 3213 Quasi
560 3161 680 3206 desit
737 3158 885 3206 locus.
942 3156 1069 3204 And.
1090 3155 1153 3202 iv·
1177 3157 1222 3211 4,
1249 3156 1325 3202 31.
1379 3154 1522 3202 Solus
1539 3169 1606 3211 es,
1630 3168 1773 3215 quem

35 3228 238 3274 Heaut.
269 3223 339 3271 iii.
379 3226 424 3281 3,
464 3223 539 3271 26.
608 3226 803 3271 Deerit.-
837 3222 888 3270 id
940 3220 1151 3283 diligunt
1172 3221 1254 3266 Di.
1302 3218 1433 3266 And.
1454 3233 1496 3265 v.
1523 3219 1567 3275 6,
1594 3219 1637 3265 9.
1664 3217 1774 3264 vide

31 3306 159 3340 mea
172 3287 377 3336 minime
390 3287 552 3337 refert.
579 3287 671 3335 Ad.
687 3302 733 3335 v.
748 3290 795 3345 4,
809 3287 885 3338 27.
942 3286 1111 3332 Notas.
1153 3283 1221 3329 Ut
1235 3282 1373 3330 illum
1390 3285 1457 3330 Di
1473 3283 1591 3330 Deae
1605 3296 1774 3330 omnes

31 3358 253 3410 Beatus,
299 3351 349 3399 ni
399 3367 553 3400 unum
607 3351 699 3399 hoc
753 3354 886 3400 desit.
938 3348 1129 3397 senium
1151 3347 1372 3411 perdant.
1410 3346 1537 3394 Eun.
1559 3346 1608 3394 ii.
1629 3348 1675 3402 3,
1699 3347 1771 3393 11.

32 3421 251 3469 Phorm.
293 3415 326 3464 i.
363 3419 407 3473 3,
451 3417 525 3464 18.
594 3416 709 3463 Non
747 3415 887 3473 ratio,
911 3429 915 3449 ¹
941 3416 1008 3462 At
1042 3423 1089 3461 te
1114 3415 1179 3460 Di
1208 3412 1429 3474 perdant.
1481 3411 1606 3458 Eun.
1632 3410 1701 3458 iii.
1731 3412 1772 3467 1,

28 3498 220 3533 verum
254 3490 507 3544 argentum
532 3482 705 3528 deerat.
741 3480 887 3529 Phor.
939 3479 1017 3525 41.
1052 3480 1200 3525 Deum
1223 3491 1329 3523 sese
1351 3474 1401 3522 in
1425 3474 1635 3538 pretium
1655 3490 1771 3522 con·
1829 3477 1955 3524 Eun.
1979 3475 2048 3523 iii.
2074 3477 2120 3532 4,
2146 3478 2190 3523 5.
2248 3476 2388 3523 Heus
2410 3476 2528 3523 henr

940 3542 1157 3590 vertisse.
1202 3540 1331 3588 Eun.
1367 3539 1436 3587 iii.
1474 3542 1520 3596 5,
1549 3541 1627 3587 40.
1665 3539 1775 3587 vide
1825 3544 1941 3588 dieo.
1963 3540 2089 3588 Eun.
2106 3538 2156 3587 ii.
2176 3542 2220 3597 3,
2238 3541 2316 3587 46.
2342 3540 2504 3588 Verur

28 3550 86 3598 ii.
125 3550 170 3605 1,
198 3547 278 3595 69.

1813 66 1889 113 86.
1929 66 2026 114 Pro
2045 69 2094 113 di
2112 66 2409 114 inmortales.
2434 66 2647 130 Adelph.

1813 130 1880 178 iii.
1900 133 1947 187 4,
1967 132 2007 177 1.
2044 133 2171 179 Deus
2187 147 2312 187 sum,
2332 130 2372 178 si
2392 131 2483 178 hoc
2500 130 2646 178 ita’st.

1819 195 1938 242 Hec.
1966 211 2008 242 v.
2048 197 2094 251 4,
2131 197 2174 242 3.
2248 195 2306 243 ld
2345 205 2495 243 testor
2526 198 2646 243 deos.

1819 260 1940 307 Hec.
1966 259 2034 306 iii.
2062 262 2106 316 5,
2134 260 2210 307 26.
2281 260 2395 308 Non
2431 270 2482 307 tu
2516 260 2647 307 hunc

1813 323 1990 371 habeas
2003 323 2148 388 plane
2161 333 2453 387 presentem
2468 327 2615 372 Deum
2626 327 2651 370 Γ

1814 387 2009 435 Phorm.
2031 387 2080 435 ii.
2104 390 2148 443 2.
2169 389 2245 435 31.
2295 391 2361 436 Di
2385 388 2470 436 tibi
2496 388 2649 436 male-

1816 452 2006 500 faciant.
2043 452 2236 500 Phorm.
2262 452 2311 499 ii.
2339 455 2384 509 3,
2404 453 2482 503 47.
2541 452 2651 515 Ego
2746 464 2759 469 '

1813 519 1918 564 deos
1936 516 2128 579 penatis
2144 516 2258 564 hinc
2280 516 2541 565 salutatum
2562 516 2648 564 do-

1817 595 1948 628 mum
1968 583 2193 628 devortor.
2222 581 2416 629 Phorm.
2436 580 2487 628 ii.
2511 583 2554 637 1,
2571 583 2649 629 82.

1817 645 1934 692 Sine
1957 645 2286 696 controversia
2319 646 2379 693 ab
2412 648 2486 692 dis
2517 646 2651 693 soluo

1815 709 2032 772 diligere.
2078 709 2271 757 Phorm.
2299 724 2342 756 v.
2369 711 2414 766 6,
2445 710 2517 757 14.
2584 712 2653 757 Di

1817 773 2201 899 ἰἰῖἓιὶῖΡίξῖῗέἔ
2228 774 2426 886 ἶζῖὶἛῑ
2445 776 2651 901 ’3.Εὲ

1817 918 1986 950 omnes
2008 902 2162 950 duint.
2202 902 2395 950 Phorm.
2422 919 2465 950 v.
2489 904 2533 959 7,
2559 904 2637 950 83.

1881 966 2064 1029 dea-ter]
2100 967 2242 1021 Quod
2263 976 2310 1014 te
2327 983 2417 1027 ego
2434 983 2522 1041 per
2540 970 2650 1015 des·-

1818 1040 1938 1078 trom
1973 1031 2097 1079 hanc
2131 1047 2231 1079 ore.
2270 1031 2397 1080 And.
2432 1046 2463 1079 ι.
2504 1034 2547 1087 5,
2573 1034 2650 1079 54.

1821 1096 1898 1143 Ab
1931 1098 2120 1143 dextera
2145 1096 2325 1145 venire.
2363 1097 2491 1145 And.
2517 1097 2580 1144 iv.
2606 1098 2652 1153 3,

1824 1161 1895 1207 19.
1932 1160 2157 1208 Concede
2173 1162 2235 1208 ad
2250 1164 2494 1209 des-teram.
2523 1161 2651 1208 And.

1821 1225 1881 1271 iv.
1902 1227 1948 1280 4,
1973 1227 2045 1271 12.
2104 1225 2178 1272 Tu
2200 1225 2251 1272 in
2270 1224 2521 1273 sinistrum
2543 1241 2650 1273 cor-

1820 1305 1900 1344 nu,
1928 1298 1979 1336 tu
2004 1289 2055 1336 in
2081 1293 2329 1337 dea-terum.
2367 1290 2493 1337 Eun.
2519 1290 2582 1337 iv.
2606 1289 2650 1344 ⁷.

1820 1356 1864 1400 5.
1900 1353 2033 1401 Cedo
2056 1357 2277 1401 dextram.
2306 1354 2398 1402 Ad.
2421 1353 2489 1401 iii.
2512 1356 2552 1410 1,
2573 1356 2650 1401 84.

1824 1419 1900 1465 lto
1923 1418 1983 1465 ad
2007 1420 2228 1465 dextram.
2266 1419 2358 1465 Ad.
2381 1417 2445 1465 iv.
2473 1421 2518 1475 2,
2541 1421 2621 1465 44.

1874 1482 2057 1543 Diana]
2077 1482 2173 1528 Ubi
2189 1483 2250 1529 ad
2267 1484 2431 1530 Diana
2443 1482 2650 1530 veneris.

1822 1547 1912 1594 Ad.
1939 1547 2002 1593 iv.
2024 1549 2068 1601 2,
2094 1548 2172 1593 43.

1881 1609 2011 1672 dico]
2069 1609 2179 1658 Tibi
2234 1609 2440 1657 scribam
2487 1613 2651 1658 dicam.

1820 1675 2014 1723 Phorm.
2053 1674 2085 1722 i.
2124 1677 2170 1731 2,
2208 1675 2284 1725 77.
2355 1674 2653 1736 injuriarum

1819 1739 1938 1787 mihi
1975 1739 2205 1802 scriptam
2245 1741 2405 1787 dicam.
2457 1739 2653 1787 Phorm.

1820 1803 1870 1851 ii.
1896 1806 1942 1860 2,
1973 1805 2044 1850 15.
2102 1806 2268 1851 Dicam
2291 1803 2379 1851 tibi
2400 1802 2654 1867 inpingam

1819 1868 2067 1930 grandem.
2128 1868 2321 1915 Phorm.
2378 1867 2427 1914 ii.
2481 1870 2526 1925 3,
2574 1870 2652 1917 92.

1822 1935 2086 1980 Sexcentas
2109 1932 2314 1996 proinde
2335 1932 2534 1981 scribito
2551 1934 2653 1994 jam

1821 1996 1939 2045 mihi
1963 2000 2104 2044 dicos.
2143 1997 2336 2044 Phorm.
2362 1997 2424 2044 iv.
2451 2000 2496 2055 3,
2521 1998 2598 2045 63.

1884 2065 1998 2117 dico,
2021 2060 2127 2123 are]
2170 2062 2315 2108 Hanc
2346 2076 2542 2125 operam
2567 2060 2656 2109 tibi

1821 2129 1935 2174 dico.
1967 2127 2161 2173 Phorm.
2187 2126 2218 2172 i.
2246 2127 2291 2182 2,
2320 2127 2394 2173 12.

1885 2190 2010 2252 dico]
2037 2193 2223 2237 Dictum
2245 2201 2376 2253 puta.
2403 2188 2531 2237 And.
2550 2188 2582 2236 i.
2612 2191 2656 2246 l,

1824 2257 1867 2302 2.
1892 2254 2206 2302 Verumillud
2221 2254 2498 2309 verbum'su
2517 2253 2657 2316 volgo

1823 2320 1951 2381 quod
1983 2322 2079 2367 diei
2101 2318 2238 2366 solet.
2275 2317 2403 2365 And.
2427 2317 2478 2366 ii.
2506 2320 2550 2374 5,
2580 2320 2653 2365 15.

1823 2383 1956 2438 Quin
1973 2387 2050 2431 dic
2061 2382 2274 2445 quidest.
2296 2381 2424 2429 And.
2444 2381 2493 2430 ii.
2515 2383 2561 2439 6,
2581 2384 2654 2429 18.

1827 2448 1951 2495 Rem
1986 2448 2001 2494 i
2173 2450 2265 2494 dio.
2302 2446 2429 2494 And.
2456 2462 2500 2494 v.
2537 2448 2581 2503 3,
2609 2449 2655 2494 2.

1827 2512 1977 2561 Haud
2017 2512 2142 2560 istuc
2177 2514 2321 2567 dicas,
2351 2511 2392 2558 si
2431 2511 2657 2573 cognoris

1824 2592 1915 2624 me.
1938 2577 2066 2624 And.
2094 2576 2156 2623 iv.
2186 2578 2230 2632 1,
2252 2578 2328 2623 28.
2365 2576 2498 2623 Num
2521 2574 2655 2638 cogi-

1825 2650 1895 2688 tat
1927 2641 2043 2703 quid
2076 2644 2240 2688 dicat?
2282 2639 2411 2689 And.
2447 2654 2490 2687 v.
2529 2642 2573 2697 3,
2609 2642 2655 2688 6.

1823 2705 1975 2759 Quasi
2009 2705 2266 2767 quicquam
2298 2704 2352 2753 in
2385 2705 2515 2752 hunc
2553 2707 2656 2766 jam

1823 2769 2020 2832 gravius
2033 2772 2127 2817 dici
2150 2769 2347 2833 possiet.
2383 2769 2513 2817 And.
2538 2785 2582 2817 v.
2611 2771 2656 2827 3,

1825 2836 1868 2881 3.
1895 2834 2209 2882 Incommoda
2220 2833 2656 2882 aliasuntds'eenda.

1828 2899 1952 2946 Eun.
1978 2898 2028 2946 ii.
2055 2900 2100 2955 3,
2127 2899 2203 2946 39.
2259 2898 2436 2945 Facete
2469 2900 2656 2946 dietum.

1826 2964 1952 3011 Eun.
1974 2962 2022 3010 ii.
2036 2964 2080 3018 2,
2097 2961 2174 3011 57.
2201 2961 2252 3009 Si
2265 2962 2395 3009 istud
2409 2960 2656 3009 crederem

1824 3026 2012 3075 sincere
2026 3029 2134 3073 diei.
2161 3026 2289 3073 Eun.
2305 3024 2337 3072 i.
2356 3028 2399 3082 2,
2420 3025 2497 3076 97.
2541 3026 2656 3073 Non

1826 3102 1878 3139 tu
1901 3091 2024 3139 istuc
2048 3089 2167 3137 mihi
2185 3093 2369 3137 dictura
2381 3098 2550 3153 aperte
2566 3106 2619 3138 es
2633 3092 2654 3138 t

1827 3155 1955 3203 Eun.
1976 3171 2019 3201 v.
2049 3156 2090 3212 1,
2113 3156 2158 3201 3.
2227 3154 2430 3201 Nullum
2464 3163 2538 3201 est
2553 3155 2642 3215 jan

1825 3223 2010 3275 dictum,
2026 3218 2152 3280 quod
2171 3234 2269 3265 non
2289 3221 2460 3266 dictum
2476 3218 2542 3266 sit
2555 3218 2628 3282 pr‘

1826 3300 1897 3332 us.
1921 3284 2048 3331 Eun.
2075 3283 2203 3331 Prol.
2228 3284 2306 3330 41.
2351 3283 2559 3330 Causam
2581 3302 2596 3327 ι

1825 3365 1938 3396 cere.
1960 3348 2086 3395 Eun.
2106 3346 2235 3395 Prol.
2255 3348 2328 3394 10.
2370 3347 2574 3409 Nequer²

1825 3412 1942 3475 quid
1957 3415 2121 3468 dicam,
2144 3420 2229 3460 aut
2245 3410 2362 3472 quid
2373 3414 2550 3473 conjec⁴

101 3609 341 3671 deterior]
385 3610 554 3674 Ipsum
580 3608 797 3656 animum
821 3623 887 3656 ω-
941 3608 1112 3655 Notas.
1163 3605 1241 3653 Ita
1258 3619 1336 3651 me
1359 3606 1409 3651 di
1428 3613 1607 3651 ament.
1644 3604 1772 3652 Eun.
1832 3605 2010 3653 Heaut.
2035 3603 2097 3652 iv.
2124 3606 2168 3661 5,
2199 3606 2272 3653 18.
2342 3604 2481 3653 Rect·

26 3688 245 3743 grotum
287 3676 349 3725 ad
388 3677 656 3722 deteriorem
699 3683 888 3737 partem
938 3671 1003 3719 iv.
1033 3673 1075 3728 1,
1104 3672 1145 3718 1.
1214 3669 1416 3716 Utinam
1440 3668 1508 3715 ita
1530 3671 1579 3715 ds·
1603 3667 1773 3717 faxint.
1831 3669 2010 3718 Heaut.
2032 3668 2101 3717 iii.
2117 3670 2164 3726 3,
2183 3669 2261 3719 27.
2296 3668 2457 3717 Vere‘

27 3744 340 3808 plerumque
388 3738 614 3802 adplicat.
686 3737 812 3785 And.
854 3737 886 3784 i.
943 3736 1125 3783 Heaut.
1160 3733 1193 3783 i.
1236 3734 1276 3789 1,
1311 3734 1415 3780 119.
1486 3732 1567 3780 Sic
1609 3748 1688 3782 me
1727 3736 1778 3781 di
1826 3741 1949 3781 cunt.
1977 3733 2157 3781 Heaut.
2177 3732 2241 3782 iv.
2267 3735 2313 3791 5,
2334 3735 2412 3780 48.

29 3812 82 3865 2,
108 3809 195 3855 22.
247 3804 397 3853 Illum
420 3817 528 3852 esse
556 3817 703 3867 quam
734 3805 886 3850 deter-
939 3800 1185 3849 amabunt.
1253 3798 1434 3846 Heaut.
1486 3796 1554 3845 iii.
1608 3797 1650 3856 1,
1701 3801 1777 3848 54.
1829 3800 1966 3846 dioes-
1995 3797 2175 3846 Heaut.
2200 3796 2330 3855 iv.4,
2358 3797 2414 3844 2⁴*

27 3877 230 3920 riman·-
297 3869 426 3918 And.
469 3883 514 3915 v.
561 3870 602 3923 1,
646 3866 717 3919 16.

793 3869 889 3915 De-
912 3905 918 3927 ,
940 3866 1190 3919 Quantum
1240 3861 1329 3910 tibi
1384 3860 1494 3924 opis
1547 3863 1598 3908 di
1644 3865 1780 3917 dant.
1836 3877 2017 3919 verum,
2041 3870 2185 3924 atque
2198 3862 2269 3910 ita
2288 3860 2382 3909 uti·
