2834 4759
243 150 308 215 444
413 229 418 239 ,
673 150 948 219 4444444444

243 297 274 343 44
287 284 378 349 Scio:
401 286 485 350 istuc
499 286 597 350 ibam:
620 285 720 355 multa
733 286 766 351 in
780 285 919 365 homine,
935 286 1072 365 Demea,

286 382 388 469 Signa
400 385 520 461 insunt,
535 407 578 451 ex
592 386 709 469 quibus
725 385 910 469 conjecture
923 383 1016 452 facile
1029 384 1080 460 fit,

288 482 366 547 Duc
380 506 479 567 quum
492 484 578 550 idem
591 481 723 561 fuciunt,
739 504 825 568 saepe
840 494 877 549 ut
891 484 995 568 possis
1012 483 1133 561 dicere,

286 579 362 647 Hoc
375 579 451 646 licet
463 583 593 666 impune
608 582 715 649 facere
728 581 815 659 huic,
831 580 876 647 illi
891 604 955 647 nun
965 580 1058 647 licei:

287 677 365 743 Non
379 681 467 764 quod
483 680 642 745 dissimilis
657 702 709 747 res
725 681 778 757 sit,
795 680 852 745 sed
866 679 995 765 quodie
1010 680 1065 764 qui
1080 678 1165 747 facit

243 789 276 837 40
288 777 374 852 Quae
386 802 448 864 ego
461 778 521 843 illis
536 780 641 845 inesse
655 780 759 857 4441444,
774 788 812 845 ut
825 778 986 845 confidam
998 778 1078 856 fore,

287 877 340 942 Ita
353 890 390 943 ut
404 876 570 944 volumus:
593 879 688 944 video
702 899 827 963 sapere,
842 875 1031 961 intelligere,
1046 877 1079 941 in
1094 875 1165 943 loco

288 974 416 1055 Vereri,
431 979 515 1042 inter
531 1000 566 1043 se
581 1000 707 1043 amare:
731 978 812 1045 44444
827 989 878 1043 441
892 976 1028 1042 liberum

288 1074 458 1160 Ingenium
472 1089 570 1161 atque
585 1078 740 1143 animum:
764 1076 891 1162 quovis
907 1073 977 1140 41144
993 1086 1028 1139 tu
1043 1074 1097 1141 die

288 1172 460 1241 Reducas:
484 1176 614 1242 atenim
627 1188 762 1253 metuas,
777 1196 818 1241 ne
833 1174 1003 1241 ebresint
1018 1185 1125 1239 tumen

246 1358 298 1416 dos,
309 1374 338 1407 sc
348 1374 398 1407 uon
411 1358 488 1408 intell'
522 1369 575 1409 ntes
589 1360 707 1409 homines.
742 1360 799 1409 Con·
832 1356 957 1423 superiora
973 1358 1136 1420 conjungere:
1153 1372 1210 1407 444444
1220 1365 1326 1435 possiunt
1339 1355 1376 1403 duo
1410 1326 1411 1351 1

246 1426 387 1472 4444444444
397 1428 490 1473 44444444
516 1427 613 1488 Loquor,
622 1434 665 1473 aut
675 1424 734 1487 quid
745 1424 800 1482 talc,
831 1422 896 1471 idem
907 1422 986 1470 144444
995 1432 1020 1469 et
1030 1436 1094 1479 casu,
1107 1421 1375 1471 nonutsunllitudicuu
1410 1446 1411 1455 ,

247 1488 447 1537 subaudiendum.
469 1491 609 1539 4141444444
621 1492 801 1541 444444144444444
833 1488 888 1550 (non
904 1496 931 1537 41
945 1489 1015 1551 simili
1029 1489 1104 1535 studio
1114 1486 1185 1548 444441
1197 1486 1278 1537 144444
1289 1488 1375 1536 videsn-
1410 1546 1411 1551 ¹

246 1552 357 1616 ipsorum]
375 1554 421 1602 Vel
437 1554 468 1603 ab
483 1554 588 1603 utilitate
603 1555 635 1604 sd
649 1554 802 1605 honestatem
832 1562 886 1602 tur:
903 1562 962 1600 tunc
973 1566 1030 1614 ergo
1039 1550 1086 1601 erit
1095 1550 1200 1615 signum,
1213 1569 1274 1615 sepe
1285 1556 1339 1603 idest
1343 1550 1376 1613 so·
1410 1558 1411 1591 ἐ

247 1618 348 1667 mansit:
370 1618 410 1666 vel
428 1634 443 1667 4
461 1620 534 1668 rebus
554 1620 586 1667 sd
607 1619 662 1668 illos
680 1620 753 1683 ipsos,
770 1618 801 1667 de
832 1622 902 1667 444441.
920 1619 1003 1665 Dicere
1013 1626 1094 1664 autem
1107 1616 1194 1679 posuit,
1203 1632 1249 1681 pro
1256 1616 1375 1681 intelligere
1410 1600 1411 1671 i

247 1682 335 1745 quibus
345 1682 431 1746 egitur.
454 1685 561 1732 cavetur
572 1684 685 1737 enirmne
696 1694 800 1737 autrum
832 1692 857 1733 et
874 1680 950 1731 sciret
968 1682 998 1731 ab
1016 1696 1046 1729 eo
1065 1680 1129 1743 quod
1144 1682 1269 1745 precedit,
1286 1682 1310 1731 id
1324 1680 1376 1743 quod

248 1748 358 1811 perdunt,
370 1758 412 1796 aut
422 1748 470 1812 ipsi
481 1760 588 1812 pereant.
613 1750 644 1797 D.
832 1748 953 1811 sequitur:
972 1755 1006 1805 ut,
1025 1748 1169 1794 Foeserutsst
1185 1751 1247 1797 441444
1266 1750 1376 1808 benficia

189 1834 192 1837 ⁴
280 1813 319 1861 tt.
338 1815 424 1869 Mose,-
443 1817 506 1862 scio.-
525 1812 677 1877 4414441444]
698 1813 801 1862 Muralis
830 1815 923 1875 pulchre
941 1813 985 1860 tili
1001 1812 1079 1859 444444
1095 1820 1127 1870 et,
1143 1813 1267 1861 4144444444
1281 1830 1313 1861 ste
1327 1814 1376 1859 &a

247 1885 273 1925 et
283 1876 360 1925 faceta
370 1877 497 1941 correptio,
509 1878 636 1929 continens
647 1878 673 1927 in
684 1894 711 1929 se
720 1879 798 1929 luten-
830 1895 877 1927 4444
888 1885 1019 1939 4134441444
1041 1875 1073 1923 D.

247 1950 285 1990 ter
295 1941 494 2002 blandimentum,
505 1959 553 2007 quo
563 1943 694 1992 deliniatur
704 1943 800 1993 auditor
864 1945 902 1991 88.
917 1944 966 1990 Hoc
977 1943 1030 1989 11441
1044 1940 1146 2004 impunc]
1165 1941 1298 2005 Augrrstin.
1310 1940 1375 2005 Epist.
1410 1956 1411 1983 4

248 2007 335 2070 (alim
351 2017 400 2065 44441,
411 2010 498 2058 nem
507 2008 586 2071 frater
599 2044 605 2056 .
633 2011 712 2059 4144114
724 2013 749 2057 444
759 2012 798 2057 bo-
833 2010 855 2057 t.
869 2006 935 2063 114444
944 2010 1003 2055 enim
1014 2008 1179 2055 44444444444414
1189 2024 1333 2069 4444444444
1342 2022 1375 2053 4444
1410 2004 1411 2055 i

246 2074 417 2132 444444411444444,
432 2077 500 2137 tigno
509 2078 586 2124 44444444
612 2073 803 2125 Obscuriuimm
835 2081 931 2135 tempure
946 2073 1049 2121 44444444
1062 2078 1145 2133 potui,
1160 2079 1187 2121 441
1203 2075 1258 2121 tuto
1269 2073 1375 2123 1444441411·

248 2152 335 2187 sensus
345 2148 371 2187 et
380 2154 408 2187 re
419 2148 444 2186 et
455 2138 542 2187 verbis.
563 2139 706 2188 D.-l{ulto
722 2143 746 2189 44
762 2142 801 2189 144-
834 2141 891 2201 quid
900 2141 989 2199 impune
994 2135 1082 2198 secere,
1094 2139 1154 2199 quod
1164 2139 1200 2185 4114
1211 2156 1256 2187 nus
1267 2142 1377 2193 1444444444

248 2206 315 2261 uiue,
326 2204 419 2261 Demea,
450 2208 455 2217 “
516 2207 640 2261 44444441,44
653 2207 735 2267 quibus
750 2222 802 2252 cus·
834 2204 1021 2266 quuddietimilis
1036 2203 1066 2249 441
1078 2217 1122 2259 444,
1133 2204 1174 2251 sed
1183 2204 1205 2251 t't
1216 2202 1336 2266 quisucit:
1350 2204 1375 2248 414
1410 2256 1411 2261 ¹

241 2264 414 2343 1441444444ἰῶ
419 2271 450 2329 fit
474 2269 547 2345 Quod
557 2269 627 2345 facile
637 2269 803 2345 adulescentes
834 2270 1041 2345 4144444444444444
1048 2268 1250 2347 444444441444444
1258 2268 1376 2329 &mnibus
1410 2298 1411 2339 3

247 2344 467 2446 “W
489 2334 803 2383 4
834 2334 1377 2462 cunum,

247 2463 377 2525 probatex
387 2464 690 2527 consuetudinequodsic
705 2474 804 2513 exercet
835 2460 997 2527 quandosucit.
1022 2460 1050 2509 L.
1410 2478 1411 2521 1

247 2526 439 2576 correctionem:
468 2529 516 2577 duo
537 2544 611 2577 unam
630 2544 684 2577 rem
703 2529 801 2579 iaciunt
868 2530 905 2577 39.
920 2528 1041 2589 4144444444
1052 2526 1273 2591 4444441144444441]
1285 2526 1377 2589 ⁴irtquit

249 2591 320 2646 Quod
336 2590 455 2655 4114(Ι)44
486 2611 538 2641 4444
553 2611 621 2643 snum
635 2592 802 2655 rensacisnt:
834 2592 891 2643 huic
909 2592 983 2641 licetl
1008 2590 1151 2639 D.-Reote
1171 2591 1256 2643 Bemb.
1273 2609 1315 2658 pru
1330 2592 1376 2655 44441
1410 2572 1411 2665 i

248 2660 288 2705 4114
309 2657 350 2718 Ζ.)
368 2658 411 2720 qui
429 2612 622 2709 sdoiesceutulus
639 2668 684 2715 est,
701 2659 802 2723 impune
833 2656 961 2719 utrobique
972 2656 1045 2705 babet
1055 2672 1105 2719 quo.
1124 2657 1153 2704 B.
1410 2674 1411 2691 4

247 2720 312 2779 14441,
324 2722 366 2771 ille
376 2738 432 2772 cum
442 2724 557 2786 mandor
572 2733 639 2782 natu,
650 2724 743 2773 crimen
759 2724 801 2773 ad·
866 2724 904 2771 411
919 2725 974 2773 Qua
984 2738 1024 2784 ego
1039 2737 1086 2770 4444
1100 2724 1125 2769 444
1136 2722 1273 2786 4114444444]
1289 2722 1349 2771 Ordo
1358 2730 1376 2767 41
1410 2748 1411 2751 =

247 2786 330 2835 mittit.
364 2787 420 2837 Hoc
436 2788 502 2838 enim
517 2788 587 2847 dixit,
607 2791 661 2839 Non
679 2791 739 2851 quod
753 2791 801 2839 414-
834 2786 1028 2837 sensusbicust:
1043 2784 1375 2847 Multainbominu,Demes
1410 2770 1411 2837 i

247 2854 329 2901 44444144
350 2869 389 2901 ret
409 2856 448 2912 411,
469 2856 511 2903 444
530 2857 590 2917 qaod
608 2856 653 2912 4444,
675 2871 715 2917 qus
730 2852 801 2915 suest-
833 2864 1005 2915 signatnsunt,
1021 2866 1052 2899 ex
1067 2850 1154 2914 quibus
1168 2855 1306 2915 conjecturs
1319 2849 1376 2899 indie

250 2918 342 2967 Orabat
358 2917 389 2965 da
406 2918 522 2977 moribus,
542 2919 606 2981 quod
622 2918 692 2967 iucile
714 2918 802 2982 corrigi
835 2918 873 2965 iit:
885 2932 939 2980 quse
947 2932 992 2979 ego
1000 2915 1049 2965 illis
1057 2915 1137 2965 inesse
1147 2915 1226 2976 video,
1237 2928 1264 2969 ut
1273 2916 1376 2967 cuntidtn

248 2982 404 3046 possintque
415 2982 513 3033 iaciunt.
546 2984 703 3033 1444441444
715 2999 801 3033 veran-
834 2982 886 3031 lore
908 2982 942 3029 ita
959 2991 988 3030 ut
1006 2980 1123 3030 volumus.
1145 2980 1287 3033 D.—Codd.
1306 2992 1375 3031 4444444

249 3057 297 3103 tur,
316 3050 368 3109 jam
386 3046 533 3111 intelligunt,
551 3049 615 3111 quod
630 3052 682 3112 jam
701 3048 804 3097 liberum
836 3046 921 3105 nostri,
936 3050 991 3099 Qua
1002 3063 1043 3109 ego
1059 3048 1084 3093 444
1099 3048 1204 3097 41444444
1216 3053 1286 3099 uideo.
1306 3048 1374 3095 Recte·

248 3110 375 3161 arbitrium
383 3112 495 3172 habeant,
505 3114 569 3176 quod
579 3114 649 3162 144414
656 3113 740 3163 reduci
747 3129 803 3179 pos·
838 3109 1375 3177 11444444.1.10.1144444114441444,4444444444441.14

249 3176 300 3224 sint
315 3176 346 3225 sd
356 3176 477 3241 integram
487 3178 647 3243 disciplinam.
682 3179 749 3227 Huic
766 3178 804 3229 in·
869 3180 908 3225 41.
925 3179 1107 3239 intelligamini
1123 3180 1169 3227 locu
1184 3176 1272 3241 4444444]
1292 3177 1375 3231 Nonis
1410 3178 1411 3217 l

249 3240 310 3289 cidit
326 3240 374 3289 alia
388 3242 502 3303 quaetio:
519 3243 592 3293 bodie
603 3244 660 3307 quis
670 3244 696 3292 in
707 3244 805 3293 luxuria
837 3246 883 3291 loco
899 3244 1043 3305 intelligere.-
1059 3240 1110 3299 sed,
1121 3246 1146 3290 444
1162 3244 1210 3293 1444
1225 3248 1302 3294 444444.
1323 3242 1374 3289 tt.-

249 3304 343 3364 vivnnt,
354 3307 556 3368 quemadmodum
567 3308 668 3357 correcti
680 3308 737 3357 licet
747 3324 803 3373 per·
838 3308 868 3359 ln
880 3306 992 3356 omnibus
1003 3306 1053 3355 1444
1065 3306 1155 3356 nostris
1169 3318 1214 3367 eat,
1228 3312 1291 3359 44444
1305 3320 1375 3357 estu·

250 3368 308 3419 ditis
316 3370 803 3436 (qusnsdnuduncorruptiscliicetetpra-
833 3390 904 3435 pere:
922 3381 947 3419 et
957 3370 1067 3435 apprime
1077 3371 1125 3419 buc
1135 3375 1257 3423 convenit.
1280 3374 1306 3423 Β.
1362 3430 1366 3439 ,

250 3437 295 3483 4114
311 3434 352 3496 Ζ.)
364 3435 435 3485 mulis
445 3438 552 3487 moribus
561 3454 601 3488 res
611 3454 667 3489 suas
675 3438 806 3502 diligenter
868 3440 908 3487 42
919 3439 983 3486 144144
993 3453 1017 3487 es
1028 3434 1117 3499 4444444]
1130 3437 1186 3486 Cito
1198 3439 1272 3499 (Scite
1283 3434 1375 3497 zttint

251 3498 472 3550 administrabunt?
490 3502 607 3566 Purguvit
616 3503 682 3553 istud
692 3502 805 3553 similiter
837 3504 897 3551 144144
904 3519 944 3551 ts:
956 3501 1019 3565 quod
1031 3512 1075 3560 est,
1085 3518 1160 3563 quum
1169 3502 1231 3555 alter
1243 3506 1336 3555 4144444444
1345 3498 1374 3545 in·

250 3564 425 3614 consuetudine
442 3582 457 3615 a
472 3568 649 3631 propriomore
664 3568 804 3627 senectutis,
836 3566 997 3615 vicensumas
1022 3568 1372 3628 1).-.44444444141444444414·ι

251 3629 316 3694 quod
325 3629 378 3679 baso
391 3640 451 3681 44444
461 3632 538 3696 megin
552 3634 598 3683 boc
609 3633 695 3684 vitium
709 3634 804 3693 babeat,
836 3629 872 3693 4.]
886 3634 919 3681 Η.
932 3648 952 3680 4.
965 3631 1032 3681 Scire
1043 3632 1101 3680 licet
1117 3648 1199 3683 eorum
1216 3633 1333 3699 ingenium
1345 3635 1372 3674 41·

251 3694 315 3758 quod
326 3694 491 3758 diligentiores
505 3698 577 3747 facim
594 3698 712 3756 homines,
724 3710 805 3747 utres
837 3711 884 3758 que
899 3696 1007 3747 animum
1027 3696 1152 3745 liberalem
1170 3714 1223 3749 esse
1240 3711 1264 3751 et
1279 3694 1372 3747 nobilem

251 3775 308 3810 suas
318 3770 410 3809 curent
439 3762 505 3825 Ergo
516 3762 589 3813 etism
600 3764 646 3813 boc
658 3764 702 3827 (444
711 3767 752 3813 itur
764 3762 805 3825 Z.)
836 3762 851 3809 J
855 3760 977 3810 luvenalis:
997 3764 1031 3811 Tu
1040 3766 1150 3813 4414414444
1159 3768 1230 3826 144444,
1242 3765 1371 3826 4144414111*

249 3829 369 3875 4114444444
378 3836 450 3875 acuet.
473 3828 504 3876 Ii.
836 3831 887 3875 44444
897 3829 990 3875 sideru.
1008 3828 1112 3877 Fssun.

283 3892 322 3940 36.
335 3890 411 3939 Metti
421 3904 534 3941 venustas
540 3893 654 3957 postulat,
665 3903 693 3943 ut
701 3893 804 3957 legatur,
869 3894 908 3939 144.
920 3896 954 3939 At
967 3896 1026 3941 444444
1036 3892 1136 3957 44444444]
1147 3891 1276 3945 ’duritiem
1284 3892 1312 3941 ad
1320 3885 1371 3960 prit-

251 3960 419 4020 Signinum,
430 3961 512 4020 umbus
521 3976 556 4015 44,
568 3968 610 4008 444.
634 3959 663 4007 Β.
837 3972 889 4005 rem
906 3966 1034 4007 tractatum
1045 3959 1180 4022 pertinens,
1191 3960 1234 4023 qui
1250 3956 1371 4009 44414414111

283 4022 322 4073 tt.
333 4022 639 4086 1144444444444444444441]
651 4023 804 4073 0144444414-
837 4022 868 4070 de
883 4022 1059 4074 consuetudine
1070 4024 1107 4073 rei
1122 4024 1254 4075 familiaris.
1280 4020 1371 4073 Neuit‘

251 4096 322 4136 cuttu
333 4095 377 4143 est,
388 4102 463 4149 quum
471 4087 510 4136 bic
522 4089 555 4137 sit
562 4104 660 4138 sensm:
674 4089 731 4137 Duo
742 4087 807 4137 idern
838 4090 886 4135 44441
901 4095 975 4137 1444444
989 4091 1114 4139 4444444444
1127 4086 1209 4152 pusio]
1231 4088 1291 4146 Quis
1300 4088 1370 4135 1an

251 4151 350 4208 1444444444,
357 4167 460 4214 quorum
468 4153 509 4202 uni
520 4152 667 4211 licetlacere,
676 4153 747 4203 alteri
759 4169 808 4201 non
840 4162 933 4216 potunt,
944 4152 1011 4204 olent
1026 4165 1158 4217 unguema.
1176 4158 1211 4203 At
1227 4158 1283 4205 44444
1296 4156 1369 4199 notun

252 4215 317 4265 licet.
343 4218 394 4264 Duo
404 4217 649 4281 quunidemsoeiust]
661 4219 684 4267 N
687 4233 726 4269 sm
737 4220 809 4267 arubu
840 4234 868 4267 44
879 4220 909 4267 ab
919 4234 944 4265 44
955 4222 1001 4267 sint
1013 4227 1087 4269 14444444
1098 4224 1223 4269 4444444444
1230 4218 1304 4283 pusio]
1321 4212 1367 4261 0¹¹·

253 4290 279 4328 et
294 4279 399 4345 sapiunt,
411 4292 436 4330 et
450 4282 597 4346 intelligunt,
613 4294 638 4333 et
653 4284 707 4333 loco
721 4298 807 4333 veren-
840 4282 902 4331 toric
908 4287 987 4344 paulo:
1001 4299 1057 4333 nstn
1066 4274 1368 4347 nunpottloomissicresivfe

253 4355 306 4395 tur:
324 4360 372 4394 non
391 4346 483 4409 ingenii
500 4348 594 4405 vitium,
610 4349 652 4398 sed
668 4349 747 4399 4444114
763 4359 807 4397 cst.
842 4348 942 4404 11444444,
957 4348 1001 4397 sed
1017 4352 1139 4410 plurimum
1151 4352 1201 4399 iore
1212 4348 1284 4400 credit
1296 4354 1316 4395 41
1328 4351 1365 4389 111·

251 4415 323 4473 b'aepe,
334 4418 359 4459 44
366 4416 440 4472 postis
451 4413 539 4476 4144444]
558 4414 649 4463 Melius
660 4426 697 4463 est
707 4430 766 4477 sepe
778 4415 808 4463 441
841 4412 894 4461 tuit
913 4413 946 4461 Et
957 4417 986 4463 ab
998 4432 1029 4474 44,
1041 4430 1055 4463 4
1065 4415 1218 4479 patrimonio.
1240 4416 1270 4464 ll.
