2834 4759
248 186 344 247 xxxvi
575 173 577 181 ¹
640 184 749 245 DAN.
777 184 1013 245 HElNSIUS

251 314 467 375 desiderabant.
485 338 488 345 ¹
510 312 631 391 Semper
653 314 729 373 enirn
749 335 817 390 quoe
837 328 950 373 morata
966 328 1014 373 est
1029 314 1136 384 oratio,
1147 323 1181 387 τῇ
1195 319 1327 390 ὑποκρίσει
1339 313 1389 372 sul·

251 396 363 457 cienda.
391 396 468 455 Nam
481 415 546 471 quae
560 396 690 455 moribus
704 394 915 471 affectibusque
929 396 1113 464 destituitur,
1129 409 1204 454 teste
1218 394 1391 473 philosopho,

252 490 299 536 est
321 481 496 553 ἀνυπόκριτος.
539 475 642 552 Neque
665 474 724 535 ulla
742 476 803 535 fere
822 476 903 553 apud
920 496 987 535 eum
1006 476 1119 553 syllaba
1136 490 1321 552 exstatque
1341 496 1391 533 noa

252 558 340 617 animi
361 569 413 616 aut
431 556 554 615 affectus
572 555 695 634 alicujus
716 556 756 615 sit
774 556 872 615 index.
912 557 979 615 Jam
999 572 1032 615 ut
1045 556 1083 615 ad
1096 557 1221 635 lepores,
1234 557 1319 625 sales,
1332 577 1393 634 gra·

253 638 320 706 tias,
335 651 365 697 et
379 651 546 697 venustates
560 638 728 706 veniamus3
752 651 863 696 certum
876 650 930 705 est,
949 639 1010 696 fere
1031 658 1132 696 omnes
1152 658 1201 696 eas
1222 637 1285 695 tolli
1299 659 1317 697 a
1329 637 1390 695 ridi·

257 720 332 789 culo,
352 739 411 778 non
430 738 513 777 secus
527 738 612 794 quarn
634 719 663 776 in
682 719 743 776 vita
762 720 799 776 ab
820 738 943 777 excessu
964 739 1076 777 morum
1099 719 1200 788 virtus,
1221 721 1259 777 ab
1280 737 1392 776 excessu

255 813 413 879 apparatus
435 800 462 857 in
483 819 570 873 scena
589 798 699 857 tollitur
714 798 860 875 voluptas.
902 798 1002 863 Quare
1024 798 1190 859 Menandro
1211 820 1244 858 ac
1262 798 1393 857 Terentio

254 879 370 959 lepores
391 880 523 939 tribuunt
543 880 663 955 antiqui,
679 879 754 937 sales
774 878 880 937 Plauto
900 880 1043 939 Horatius
1064 880 1213 939 concedit:
1235 901 1309 955 quos
1328 899 1392 935 uou-

254 982 401 1038 nunquam
420 962 576 1019 inurbanus
593 980 657 1018 esse
678 973 768 1018 notat.
812 960 891 1018 Audi
913 959 1118 1019 Paterculum:
1139 960 1287 1039 dulcesque
1306 959 1393 1017 Latin

253 1041 357 1120 leporis
367 1042 490 1119 facetiae
507 1061 561 1119 per
578 1040 724 1099 Caecilium
750 1039 959 1119 ferculumque
971 1051 998 1099 et
1011 1041 1165 1119 Afranium
1186 1043 1305 1119 suppari
1317 1049 1394 1097 aeuu

246 1122 417 1200 floruerunt.
460 1120 558 1180 Graecl
578 1127 684 1198 χάριτας
698 1136 729 1179 et
748 1128 945 1197 χαριεντισμοὺι·
964 1137 1080 1180 vocant.
1123 1122 1315 1181 Remissiores
1334 1132 1393 1178 suut

255 1204 343 1271 euim,
359 1223 445 1280 quarn
467 1216 500 1260 ut
520 1203 610 1261 risum
631 1201 773 1260 violenter
794 1218 948 1260 moveant:
970 1203 1250 1281 circumspectiores,
1264 1222 1349 1280 quam
1366 1212 1394 1257 ut

255 1284 392 1361 frigeant.
434 1283 604 1343 Absurdum
633 1284 711 1341 enim
738 1303 818 1359 saepe
846 1304 932 1342 causa
959 1297 1005 1341 est
1032 1284 1117 1353 risus,
1146 1297 1197 1342 aut
1224 1284 1392 1342 inusitatum.

256 1364 367 1423 Contra
380 1376 477 1423 autern
493 1384 597 1433 sermo,
613 1364 708 1441 quiet
727 1364 851 1422 usitatus
865 1377 895 1422 et
915 1377 1053 1432 moratus,
1068 1366 1178 1442 quique
1198 1364 1304 1422 leniter
1317 1363 1393 1421 deco·

254 1466 320 1504 rum
334 1458 442 1514 servat,
457 1446 531 1504 sicut
545 1465 579 1503 eo
600 1445 664 1522 ipso
678 1444 711 1501 fit
726 1456 865 1502 venustus
878 1459 908 1503 et
921 1444 1066 1514 delectat;
1090 1446 1131 1504 ita
1143 1445 1265 1522 quidam
1279 1444 1394 1502 eminere

251 1525 313 1605 joci
341 1539 475 1605 possunt.
518 1525 579 1590 Qui
603 1526 721 1602 quidem
742 1526 772 1582 in
794 1526 850 1584 hoc
871 1525 953 1593 Afro,
976 1526 1043 1602 (nisi
1065 1526 1158 1585 Laelio
1177 1546 1229 1584 eos
1253 1525 1349 1604 potius
1366 1542 1393 1580 ac

257 1606 385 1685 Scipioni
407 1606 576 1665 tribuendos
597 1605 728 1684 putesle
749 1606 924 1675 Menandro,
946 1606 971 1665 si
986 1606 1132 1684 judicium
1152 1606 1273 1665 Horatii
1286 1620 1317 1665 et
1329 1604 1393 1664 anti·

255 1707 379 1765 quorum
401 1688 559 1765 sequimur,
580 1708 618 1745 ex
639 1686 742 1745 eodem
764 1685 832 1756 sale,
855 1708 871 1745 e
891 1707 951 1765 quo
971 1701 1040 1746 nata
1061 1687 1161 1747 Venus
1182 1700 1237 1759 est,
1259 1684 1393 1765 depromti

219 1796 220 1800 ¹
256 1768 404 1827 videntur.
446 1766 524 1826 Eece
539 1768 636 1826 statim
651 1768 774 1836 Andria,
789 1782 845 1826 act.
861 1789 890 1826 v.
905 1788 993 1826 scena
1008 1774 1044 1827 4:

598 1860 678 1915 Davo
691 1862 761 1915 istuc
774 1862 869 1915 dedam
877 1862 935 1933 jam
948 1862 1048 1931 negoti.
1080 1860 1108 1916 S.
1122 1862 1187 1915 Non
1219 1870 1299 1917 otest.

324 1930 353 1985 P.
361 1930 442 2056 SQqq?
475 1930 502 1986 S.
516 1930 588 1997 Quia
604 1932 685 1987 habet
697 1931 770 1985 aliud
788 1934 875 2003 magis
891 1950 924 1986 ex
942 1949 1009 1997 sese,
1029 1941 1056 1985 et
1073 1934 1169 2004 majus.
1225 1929 1391 1999 ,Quidnam

382 2042 389 2055 .
428 2011 578 2057 ructusest.

326 2070 356 2129 P.
370 2072 458 2138 Pater,
471 2091 527 2126 uon
540 2081 611 2127 recte
622 2073 730 2127 vinctus
741 2081 790 2127 est.
823 2071 851 2127 S.
865 2072 947 2127 Haud
959 2073 997 2127 ita
1003 2072 1083 2144 jussi.

253 2178 319 2236 Jam
341 2177 525 2237 Gnathonem
547 2178 624 2237 vide.
667 2178 809 2243 Quicum
831 2178 948 2256 putidos
965 2178 1127 2237 Thrasonis
1141 2198 1239 2237 moras
1260 2173 1393 2237 Puoedriae

254 2279 288 2319 ac
303 2257 435 2334 Chaereas
450 2260 644 2337 exposuisset,
660 2273 763 2318 contra
776 2272 874 2317 autem
894 2259 936 2317 illi
957 2260 1159 2337 persuasisset,
1173 2274 1203 2319 et
1220 2260 1284 2339 jam
1298 2256 1395 2337 gratiss

255 2341 371 2418 ineptus
386 2342 473 2399 horno
487 2361 520 2400 ac
532 2340 670 2399 ridiculus
685 2340 824 2399 haberet:

582 2434 651 2487 bsue
663 2433 766 2498 fecisti;
786 2434 899 2503 gratiam
909 2433 998 2489 habeo
1008 2435 1161 2488 maximam.

324 2503 471 2577 Nunquam
484 2504 564 2559 etiam
575 2504 616 2559 rui
627 2522 750 2577 usquam,
764 2505 831 2575 quin
841 2522 886 2557 me
898 2521 992 2559 omnes
1003 2514 1124 2559 amarent
1135 2505 1292 2576 plurimum.

255 2592 427 2671 Respondet
442 2593 478 2652 ad
494 2608 649 2670 utrumque
664 2613 841 2652 conversus:

325 2686 419 2743 Dixin’
433 2705 483 2758 ego
496 2688 524 2741 iu
535 2687 585 2741 bac
597 2688 683 2741 inesse
695 2687 775 2743 vobis
788 2687 907 2741 Atticam
920 2688 1100 2759 elegantiam?

255 2774 343 2835 Certe
358 2790 420 2835 tota
434 2798 521 2835 scena
536 2778 623 2835 tertia
638 2777 716 2835 tertii
730 2790 812 2835 aetius
833 2777 863 2834 in
878 2776 1031 2856 Adelphis,
1046 2779 1149 2855 inqua
1166 2777 1281 2837 luditur
1295 2796 1312 2834 a
1330 2772 1396 2849 Syro

255 2858 377 2928 Demea,
392 2858 491 2916 divina
505 2872 558 2915 est.
602 2857 708 2923 Qualia
724 2858 802 2916 enim
814 2856 884 2915 illal

536 2950 603 3005 mibi
615 2950 723 3021 quidem
735 2968 792 3004 uon
803 2952 918 3021 placent,

327 3020 363 3074 Et
376 3022 461 3075 clamo
474 3039 559 3091 saepe:
580 3022 740 3075 salsamenta
750 3021 817 3086 haec,
832 3022 988 3092 Stephanio,

328 3090 380 3145 Fac
393 3102 560 3146 macerentur
572 3090 691 3162 pulchre.

258 3196 348 3255 Plane
363 3198 439 3256 enim
459 3212 568 3276 praeter
583 3198 831 3275 exspectationem
845 3198 951 3256 omnia.
992 3198 1058 3257 Jam
1074 3218 1140 3257 cum
1154 3212 1241 3257 vetus
1255 3189 1394 3257 comoedia

258 3276 329 3335 nibil
343 3299 427 3354 aeque
448 3299 481 3337 ac
501 3283 631 3356 παρῳδίαν
644 3291 731 3347 amet,
753 3299 819 3355 quae
839 3277 1010 3357 plerumque
1030 3295 1060 3337 et
1080 3282 1185 3338 acerba
1205 3292 1259 3348 est,
1276 3290 1304 3335 et
1323 3284 1394 3364 extre

259 3378 375 3417 scenam
397 3359 548 3437 quaeritur,
564 3359 773 3417 urbanissimus
788 3360 918 3417 virorum
932 3361 1082 3429 rationem,
1098 3380 1156 3437 qua
1170 3380 1207 3417 ex
1218 3360 1330 3419 actione
1343 3367 1395 3428 tpstt

258 3438 410 3517 perediam
423 3438 551 3519 lepidam
565 3460 634 3498 sane
645 3452 675 3497 et
685 3453 838 3498 venustam
851 3454 974 3518 peteret,
988 3441 1109 3500 invenit.
1125 3441 1201 3500 Nam
1216 3461 1283 3500 cum
1296 3437 1395 3495 Demea

259 3519 392 3590 dixisset,

749 3613 779 3668 fit
791 3614 894 3678 sedulo,

331 3682 408 3738 Nihil
419 3685 604 3755 praetermitto,
620 3684 805 3740 consuefacio:
827 3686 950 3757 denique,

332 3754 476 3825 Inspicere,
490 3764 616 3827 tanquam
630 3756 657 3808 in
670 3756 818 3825 speculum,
832 3756 861 3809 in
874 3758 942 3809 vitas
955 3756 1077 3810 omnium

331 3824 437 3879 dubeo:
458 3836 538 3895 atque
551 3844 582 3879 ex
595 3826 653 3879 aliis
665 3843 769 3879 sumere
781 3826 934 3896 exemplum
945 3826 1005 3880 sibi.

333 3895 395 3951 Hoc
406 3896 497 3951 facito.

260 3985 302 4043 Et
316 4006 383 4063 quae
398 3998 576 4064 sequuntur;
600 3985 757 4063 respondet
772 3986 881 4063 Syrus:

332 4079 476 4134 Conservis
488 4080 521 4133 ad
534 4080 649 4135 eundem
661 4080 749 4134 istunc
761 4081 887 4150 pracipio
899 4079 1027 4135 modum:

332 4149 394 4204 Hoc
407 4151 552 4215 salrum'st,
565 4149 618 4204 hoc
630 4150 802 4213 adustum'st,
816 4151 869 4205 hoc
880 4152 1021 4205 lautum’st
1032 4169 1136 4222 parum.

334 4218 404 4274 Illud
416 4232 503 4275 recte:
525 4222 631 4285 iterum,
645 4220 684 4275 sic
696 4230 840 4276 memento.
878 4220 978 4275 Sedulo

334 4290 446 4356 Moneo,
460 4310 520 4363 quse
533 4308 652 4361 possum,
665 4308 716 4361 pro
728 4309 787 4345 mea
798 4292 936 4362 sapientia.

333 4360 483 4427 Postremo,
497 4370 624 4434 tauquam
636 4364 664 4416 iu
676 4363 825 4433 speculum,
838 4364 867 4417 in
878 4362 992 4432 patinas,
1005 4360 1118 4429 Demea,

333 4432 468 4503 Inspicere
477 4433 577 4505 jubeo:
597 4443 623 4489 et
636 4450 746 4499 moneo,
760 4432 826 4504 quid
836 4433 910 4489 iacto
921 4450 987 4489 usus
999 4434 1042 4487 sit.
