2834 4759
245 148 312 213 520
684 148 963 216 TERENTII
1213 148 1374 233 [scrusn.

243 296 276 343 tt
288 282 422 348 Audisti
435 286 480 349 ex'
492 284 601 371 aliquo
615 285 766 363 fortasse,
781 286 838 371 qui
852 284 971 351 vidisse
986 308 1061 351 eum
1079 284 1202 350 diceret

286 382 474 447 Exeuntem
488 396 546 449 aut
560 385 776 449 introeuntem
792 384 834 448 ad
847 385 997 449 amicam:
1021 383 1101 468 quid
1116 393 1185 447 tum
1197 392 1321 467 postea
1410 376 1411 429 ἒ

284 481 326 545 Si'
335 482 484 546 modeste
498 505 537 548 ac
551 504 626 547 raro
640 482 703 547 hoe
718 482 817 549 feeit?
839 503 946 545 nonne
961 482 1000 545 ea
1015 477 1218 544 dissimulare
1234 501 1292 543 nos

283 579 394 664 Magis
405 580 581 645 humanum
587 593 648 658 est,
656 603 753 666 quam
761 583 839 645 dare
849 600 981 664 operam
989 578 1024 642 id
1035 578 1128 653 scire,
1136 578 1192 662 qui
1200 598 1261 641 nos
1270 574 1373 641 oderit?

283 676 372 741 Nam
386 679 414 741 si
427 679 455 741 is
471 690 583 763 posset
598 680 641 743 ab
655 700 694 741 ea
711 700 782 743 sese
798 678 976 763 derepente
992 674 1144 754 avellere,

238 787 275 835 4⁰
284 775 435 849 Quacum
450 787 499 840 tot
513 789 703 841 consuesset
718 799 838 855 annos3
862 798 927 840 non
942 798 1017 840 eum
1031 775 1192 839 hominem
1207 774 1358 850 ducerem,
1410 750 1411 813 l

283 873 357 939 Nee
372 876 475 939 virum
488 875 566 938 satis
578 873 703 940 firmum
718 886 836 960 gnatae.
874 872 948 938 Mr.
965 873 1064 937 Mitte
1075 872 1322 950 adolescentem,
1331 873 1374 935 ob

283 971 331 1037 Et
345 995 420 1057 quae
433 994 484 1037 me
500 995 654 1058 peccasse
669 974 735 1037 ais:
759 974 824 1049 abi,
841 970 944 1037 solum
960 970 1048 1037 aolus
1064 972 1217 1037 conveni:
1272 973 1373 1055 [secra

284 1069 392 1155 Roga,
408 1070 525 1135 velitne
541 1092 687 1149 uxorem,
703 1094 828 1136 annon:
853 1072 881 1135 si
893 1082 955 1149 est,
971 1082 1008 1135 ut
1023 1070 1110 1135 dicat
1124 1068 1205 1134 velle
1222 1092 1269 1147 se,

283 1166 422 1233 Redde:
446 1170 496 1232 sin
511 1181 562 1233 est
577 1180 685 1233 autem
695 1182 734 1233 ut
746 1168 839 1245 nolit,
855 1182 943 1234 reete
958 1192 1020 1255 ego
1036 1166 1184 1234 consului
1197 1189 1289 1232 meae.

201 1337 204 1342 ¹
272 1320 311 1367 ³5.
329 1321 426 1367 Audisti
439 1335 467 1368 es
483 1320 560 1382 aliquo
569 1317 685 1382 sortasse]
703 1320 802 1369 Ἢθιιιῶς
832 1320 937 1369 suetudo
952 1335 1001 1368 non
1018 1328 1161 1375 commovet.
1188 1318 1285 1373 Οιιίειιιιι
1296 1326 1373 1365 tatros

239 1384 305 1441 satis,
323 1393 350 1432 et
367 1384 479 1433 oratorie.
509 1383 607 1447 Aliquo]
625 1386 683 1433 Non
699 1400 715 1432 a
734 1394 801 1433 certa
832 1393 918 1433 suesset
933 1383 1016 1447 minos]
1034 1384 1092 1432 Nou
1104 1384 1213 1443 Quaeres,
1225 1382 1270 1432 sed
1282 1382 1375 1436 Qn'mt

238 1463 349 1511 persons.
378 1450 447 1498 Bene
459 1451 553 1512 alono.-
570 1450 663 1499 ademit
678 1448 801 1497 iudicibus
833 1458 860 1497 ut
871 1468 886 1498 a
897 1453 984 1513 qubus,
997 1460 1023 1497 et
1038 1464 1088 1499 non
1104 1466 1119 1497 a
1136 1452 1194 1512 qais.
1224 1449 1374 1497 Eteosssessel

238 1514 414 1562 auctoritatem.
456 1517 502 1567 Qui
523 1516 607 1563 oidim
626 1532 677 1563 eene
698 1513 799 1577 diceret]
832 1514 931 1579 proprie
942 1514 1031 1563 dicitur
1042 1515 1068 1562 in
1080 1521 1171 1577 stupro.
1200 1514 1373 1562 Noneaosiosi·

238 1577 297 1625 Non
309 1582 350 1641 qm·
360 1582 461 1626 uidisset.
486 1578 518 1627 D.
830 1596 881 1627 nen
898 1577 1014 1641 damen]
1034 1579 1092 1627 Non
1111 1579 1198 1635 solum,
1217 1578 1303 1641 iuquit,
1317 1576 1374 1623 bomo

271 1643 310 1690 86.
322 1646 449 1691 litantem
461 1652 503 1691 aut
516 1642 680 1706 introeuntem]
698 1643 739 1691 Sic
755 1644 798 1692 Ci-
832 1660 881 1692 non
900 1654 971 1701 esset,
987 1644 1013 1692 id
1030 1644 1094 1707 quod
1111 1643 1213 1691 forsitan
1231 1642 1292 1691 nihil
1308 1650 1374 1689 notua

237 1721 294 1755 cero
310 1724 356 1771 pro
371 1708 431 1756 Coel.
443 1708 470 1755 ii.
500 1711 554 1756 Tibi
568 1716 651 1766 autern,
662 1712 745 1765 Balbe,
762 1726 799 1757 re·
831 1708 963 1758 intererat:
981 1708 1032 1765 sed,
1044 1708 1108 1772 quod
1120 1707 1190 1757 uobis
1202 1707 1331 1755 maximum
1340 1714 1374 1760 est,

236 1774 363 1832 spondebo:
375 1776 474 1833 prim
487 1777 633 1833 presarwi
649 1776 711 1831 lieet,
726 1771 800 1834 sisae
832 1772 870 1821 vir
888 1772 982 1823 stabilis
1002 1773 1058 1821 liliae
1078 1788 1132 1821 esse
1152 1787 1201 1821 uon
1220 1780 1309 1837 posset.
1333 1771 1374 1817 bis

236 1835 573 1900 mdesmdiamemqui
588 1840 614 1885 s'n
629 1836 797 1899 bortissuerit,
830 1854 880 1886 eust
893 1842 1001 1887 lomim
1016 1836 1373 1895 Menandromulta»

238 1905 280 1963 qni
294 1910 411 1964 anguem
429 1905 543 1960 sument,
560 1906 600 1964 qai
616 1904 690 1951 Baias
705 1906 797 1952 uiderit.
829 1920 890 1951 non
899 1901 989 1967 pote]
1008 1903 1093 1951 Potest
1108 1902 1184 1951 etsie
1201 1900 1312 1965 intelligi,
1328 1900 1373 1946 bion

238 1964 296 2014 Nou
317 1966 384 2015 enim
411 1967 482 2024 dixit,
501 1970 672 2029 amplectentem
693 1971 797 2016 animaru.
830 1983 886 2016 eum
903 1967 1027 2017 bominem
1043 1967 1165 2024 ducerem,
1176 1966 1219 2030 qui
1234 1962 1371 2015 consuetudi·

235 2033 287 2079 Aut
295 2031 459 2095 mmmnten]
474 2032 688 2097 tinniuprima
698 2032 796 2094 (prino.
829 2048 886 2081 uero
902 2032 968 2096 longi
984 2032 1101 2096 temporis
1117 2044 1210 2081 temere
1228 2033 1372 2093 abrumperet

240 2098 274 2144 Ut
284 2096 333 2145 Ma.
345 2097 374 2145 R
387 2106 414 2146 et
423 2098 477 2146 edd.
489 2106 547 2145 sote
555 2094 662 2163 Stepb.).
680 2099 796 2145 inludens
829 2098 1015 2146 D.-Horninen
1026 2096 1144 2160 daemon]
1157 2096 1187 2144 V.
1199 2096 1228 2145 C.
1239 2100 1336 2145 diserta
1351 2092 1372 2139 L·

234 2162 349 2210 dosereet
358 2164 473 2213 reclusere.
495 2165 622 2211 Euareten
629 2166 794 2210 autintroenn·
861 2164 900 2210 41.
912 2164 964 2211 Neo
973 2161 1060 2224 airum]
1076 2164 1118 2210 Vir
1129 2162 1201 2211 modo
1212 2160 1318 2210 meritus.
1333 2158 1372 2205 ries

236 2225 293 2287 ten]
306 2225 430 2289 Σύλληψιι
436 2225 538 2275 διανοίας
546 2226 657 2275 etmollis
668 2237 720 2275 est:
738 2225 795 2289 quis
827 2230 1061 2286 oirnmsotisfinnurn
1067 2224 1159 2289 grmtae]
1169 2226 1251 2280 Quem
1259 2242 1298 2275 res
1306 2224 1371 2271 Vens·

234 2289 329 2339 luditur
338 2292 369 2340 de
379 2292 538 2354 sequentibus
554 2292 713 2347 adamieem;
731 2292 794 2353 ἐειυ-
827 2307 876 2340 rem
895 2306 945 2340 non
964 2302 1106 2340 moverent:
1132 2306 1188 2339 uam
1202 2294 1295 2351 finan
1313 2287 1372 2336 eura

235 2356 345 2415 &neuls
354 2356 465 2405 criminis
480 2358 510 2406 de
521 2356 705 2405 consuetudine.
735 2354 798 2409 Quid
829 2357 874 2405 boo
886 2372 1015 2421 possumus
1026 2356 1171 2420 intelligere,
1181 2356 1290 2405 validum
1298 2354 1322 2402 in
1330 2350 1371 2399 offl-

235 2420 384 2484 tussposuo]
397 2420 797 2484 'llmlrubnquoooutemnimua
828 2421 867 2469 cio
885 2421 971 2471 coitus.
1006 2420 1047 2469 Sia
1064 2421 1152 2469 Horat.
1169 2420 1285 2469 Sermii.
1297 2414 1371 2466 &lib

234 2484 447 2535 criminaleviora.
476 2488 507 2534 D.
821 2485 926 2549 sortique
948 2490 1031 2535 marito
1052 2489 1158 2535 Destinet
1180 2502 1280 2535 emess-
1316 2484 1371 2531 ffltlt

267 2551 307 2601 tl.
327 2554 355 2599 Si
372 2550 493 2614 modeste]
506 2550 624 2600 Adhibito
643 2551 732 2599 modo:
757 2549 796 2599 vel
827 2548 1110 2613 adoksmtemabseero]
1129 2548 1177 2599 His
1191 2550 1274 2599 verbis
1283 2546 1371 2598 solemur

234 2624 364 2663 certorum
375 2617 469 2680 pudore
479 2632 507 2664 ae
519 2616 644 2674 modoedu
653 2626 682 2665 ut
689 2615 795 2663 celauu'n
826 2616 994 2665 commentitia
1009 2625 1152 2679 argumenta
1164 2626 1329 2663 contemnere:
1345 2619 1370 2663 ut,
1410 2636 1411 2641 ¹

234 2678 346 2728 voluerit.
374 2679 710 2743 Nosneeadisss'ssalarsnor]
725 2681 794 2729 Duo·
826 2683 995 2739 Misericordia,
1013 2684 1102 2730 asinus
1116 2688 1250 2729 mamm:
1266 2684 1318 2729 sino·
1346 2673 1372 2721 Et

234 2744 281 2793 bus
299 2744 378 2794 modis
394 2746 506 2795 teruntur
523 2756 636 2809 peecata:
653 2745 693 2793 rel
711 2745 793 2808 ignos-
826 2744 1064 2803 alibiffitloomnia.
1092 2748 1160 2793 Adde
1175 2748 1244 2803 utne,
1257 2742 1371 2805 Iapudes

233 2809 319 2866 eeudo,
332 2810 370 2858 rel
385 2811 528 2859 cohibendo.
557 2810 633 2858 Modo
650 2812 794 2858 ἀὶιιίιιιιιὶιιιι
827 2814 905 2858 tinuit
919 2813 1062 2859 adolescens.-
1078 2814 1143 2859 sino:
1161 2818 1186 2856 ta
1202 2826 1287 2858 seme
1313 2808 1369 2853 ΜΨ

234 2883 273 2923 est
288 2874 450 2938 ignomntiam
463 2875 562 2938 lingere.
585 2874 729 2924 D.—Reete
741 2874 793 2937 ple·
826 2874 1002 2937 adolescentem]
1020 2875 1120 2923 Etenim
1135 2872 1177 2922 ille
1188 2874 1291 2931 dixerat,
1306 2872 1371 2919 Vm·

232 2939 302 3002 rique
311 2940 389 2988 nostri
397 2940 458 2989 illud
466 2958 494 2989 ea
502 2940 626 2988 omittunt.
655 2939 720 2987 Nam
731 2954 793 3002 pre·
826 2943 853 2988 id
869 2943 950 2988 nitimn
968 2957 1082 3003 ιιιιιιᾳιιαιιι
1101 2942 1190 2988 ἅιινειιι·
1209 2956 1258 2989 esse
1274 2954 1313 3001 ego
1327 2935 1369 2981 adr

233 3004 299 3053 cedit
306 3008 354 3063 boe,
366 3016 391 3053 et
400 3006 557 3067 subsequitur
567 3008 599 3053 id.
624 3005 652 3051 B.
827 3007 946 3053 harentia.
975 3008 1062 3053 Adeon'
1078 3008 1194 3067 peroieaei
1205 3022 1254 3053 esse
1269 3005 1342 3055 asino
1351 3003 1370 3043 'l

266 3071 304 3117 88.
317 3072 398 3133 Magis
411 3074 533 3119 mesanam
543 3070 591 3133 est]
608 3070 683 3126 Bene,
699 3068 758 3131 quia
768 3078 793 3117 et
823 3086 919 3132 puerunt
927 3078 1068 3131 preoptores
1076 3074 1154 3131 perire
1165 3071 1256 3126 Polias,
1267 3083 1328 3131 quan
1337 3064 1370 3111 od·

231 3133 431 3183 illudbumanum
438 3138 599 3184 waslare.-
614 3149 646 3182 au
656 3134 735 3196 magis
745 3133 791 3181 hu·
825 3151 904 3183 nessus
921 3138 992 3183 enini
1013 3139 1048 3183 tsi
1066 3136 1190 3183 lubidinem
1206 3142 1266 3183 esset
1282 3148 1327 3181 ess
1340 3128 1370 3173 511⁰

232 3212 332 3247 menum
353 3199 523 3249 dissimulare:
546 3200 605 3263 quia
622 3208 647 3247 et
664 3198 744 3256 irasci,
767 3208 793 3247 et
824 3203 920 3261 nepta!
941 3199 973 3248 D.

231 3278 335 3325 arguere
345 3265 479 3313 humanum
491 3266 543 3313 esti
563 3267 643 3327 Magis
656 3262 791 3326 lemanum]
855 3266 895 3312 42
907 3267 940 3313 Et
956 3281 1006 3326 que
1017 3280 1051 3311 nse
1065 3280 1170 3325 peream
1180 3266 1232 3312 ais.-
1250 3263 1304 3311 obi:
1317 3259 1366 3331 solu

232 3326 727 3392 Noupraluaastofferenuanomore.
746 3328 792 3382 Qui
824 3332 895 3377 solum
912 3328 1017 3391 amoeni]
1041 3328 1119 3377 Recte
1139 3328 1191 3375 brec
1210 3328 1273 3377 dieit
1291 3322 1369 3393 mullet,

231 3392 369 3456 mandarit]
382 3393 738 3456 Qaiundevelqusmobrem.
759 3394 794 3441 Et
825 3403 910 3457 utpote
931 3408 1025 3443 memor
1042 3392 1107 3457 quod
1128 3408 1184 3441 cum
1208 3389 1329 3455 Pamphilo
1345 3392 1369 3457 ⁵3¹

230 3467 312 3506 recte:
330 3458 485 3516 nemoenim,
497 3458 583 3507 dolens
591 3457 655 3520 quod
666 3473 717 3506 nou
725 3473 791 3506 ame·
824 3456 913 3509 locuta.
941 3458 976 3507 Et
991 3460 1051 3507 salas
1067 3460 1137 3506 sdan
1153 3456 1217 3516 ideo,
1229 3457 1285 3521 quia
1299 3455 1369 3502 merul

231 3521 445 3585 tonitruisque
455 3523 534 3587 magis
545 3522 601 3571 odio
611 3522 651 3571 sit.
676 3523 708 3571 Ι).
824 3538 857 3571 ne
875 3532 943 3572 orata
960 3539 1005 3571 sua
1022 3538 1071 3571 non
1088 3532 1170 3571 servet
1187 3519 1336 3586 Pamphilus:
1349 3522 1368 3561 et

265 3590 304 3636 39.
316 3590 525 3651 Naossis'sposset
535 3591 565 3637 ab
576 3603 662 3636 essese
673 3592 792 3648 derepente
824 3587 881 3637 ideo
891 3588 962 3636 multi
973 3588 1058 3637 sciant.
1082 3586 1207 3635 D.-—Non
1216 3586 1278 3635 belle
1286 3584 1310 3633 in
1320 3582 1367 3651 ἀνθῇ

232 3652 341 3716 aullere]
359 3654 480 3712 oratorie,
498 3668 547 3701 non
564 3662 693 3701 contentus
706 3651 793 3699 delen·
825 3652 901 3716 pedes
923 3652 1077 3701 distribuitur
1095 3656 1138 3700 oie.
1172 3652 1282 3716 Repone,
1300 3658 1325 3697 ut
1342 3657 1367 3691 tlt

230 3718 297 3767 disse
309 3718 471 3783 Pamphilum,
482 3719 529 3767 boe
540 3717 681 3782 ipsoillum,
693 3732 741 3780 quo
752 3732 793 3765 sc·
824 3717 1016 3781 monosyllabon,
1033 3721 1085 3765 ais:
1106 3720 1154 3777 obi,
1171 3734 1222 3766 eam
1239 3719 1305 3765 satu
1319 3711 1366 3759 ΝΜ

230 3792 385 3842 connisum,
397 3783 487 3832 laudat.
514 3782 794 3846 DuepequUuapare
824 3786 923 3831 mouent.
947 3783 976 3831 B.

231 3849 349 3898 untionis
361 3858 406 3897 est.
435 3849 467 3896 l).
858 3849 897 3895 48.
909 3849 976 3909 liuga
986 3850 1075 3903 velitne,
1088 3864 1118 3894 an
1129 3842 1289 3907 nomasoreas]
1300 3836 1365 3889 vell*

263 3918 303 3963 40.
317 3917 419 3967 wenna
428 3910 685 3975 totoonmessetansos]
697 3912 793 3961 Laudat
825 3912 914 3974 quibus
926 3928 982 3961 aum
994 3910 1122 3975 Pamphilo
1132 3911 1247 3973 loquatur
1257 3922 1330 3959 soter:
1340 3914 1363 3948 nt

231 3978 322 4043 ubique
338 3994 381 4028 eos
397 3978 534 4036 Terentius,
554 3976 597 4041 qui
615 3976 792 4025 cousuetudine
824 3976 847 4025 si
869 3976 941 4025 aliter
962 3986 1025 4040 aget,
1048 3976 1225 4040 respondeatur
1252 3992 1266 4023 a
1289 3979 1363 4035 genem

230 4044 363 4093 vincuntur
369 4045 513 4102 (nolliastsor
522 4042 576 4090 edd.
586 4051 644 4090 vett.
655 4058 792 4090 saumones-
825 4039 916 4105 (seems
933 4050 960 4089 ut
976 4046 997 4090 si
1012 4058 1050 4090 res
1065 4050 1168 4103 negetur,
1180 4042 1296 4101 repudiatas
1309 4036 1364 4083 dett!

231 4117 271 4157 tar
286 4110 327 4157 W.
347 4108 442 4167 Malim,
457 4112 589 4157 vinciantur
606 4106 662 4168 Z.):
679 4117 708 4155 ut
724 4106 790 4165 alibi,
819 4122 911 4169 genero.
929 4105 978 4169 Ζ.).
1008 4106 1169 4155 n--vessus
1183 4105 1262 4168 gratia
1277 4116 1304 4151 ex
1318 4110 1362 4146 ¹1⁰⁵·

230 4176 280 4222 His
291 4176 638 4234 pommaetudisisooasa,
648 4173 718 4234 lajas
729 4188 788 4219 asor-
822 4172 875 4219 tris.
890 4171 940 4219 lere
969 4171 1090 4229 omnibus,
1116 4172 1179 4234 liaga
1201 4172 1282 4219 oelitse
1304 4172 1362 4211 W

229 4246 274 4285 teos
296 4246 343 4286 taes
358 4237 410 4299 sert
426 4237 589 4300 familiariter.
623 4237 658 4284 Et
677 4251 744 4294 mox,
763 4245 790 4285 at
820 4252 920 4284 uroreau
944 4236 973 4285 B.
1342 4286 1346 4297 ,

228 4318 301 4365 seque
319 4319 353 4350 ne
373 4306 514 4361 mlada,
537 4318 608 4365 seqre
626 4319 696 4359 assor,
718 4318 789 4363 neque
854 4302 893 4348 44.
904 4303 975 4349 Recte
990 4302 1093 4349 oonsalui
1108 4298 1176 4375 osee]
1196 4297 1275 4354 illum,
1291 4292 1360 4351 inqut

225 4371 303 4428 peda
316 4376 538 4430 emotaeque
549 4376 690 4424 meumst,
701 4376 728 4415 st
738 4382 789 4425 ser·¹
821 4365 996 4429 nollesignum
1003 4364 1049 4414 erit
1056 4381 1095 4414 me
1101 4364 1237 4430 providisse
1242 4362 1301 4412 filis.
1309 4356 1360 4405 D.-

228 4435 371 4495 oenfideasl
393 4432 460 4497 Ergo
471 4432 543 4491 ierus,
555 4446 628 4496 quem
643 4432 717 4495 longa
728 4446 786 4481 con·
820 4430 851 4479 ln
864 4431 954 4481 nostris
965 4430 1035 4481 deest
1044 4448 1092 4494 ega,
1105 4444 1177 4480 versu
1188 4428 1322 4493 gratulante·
1338 4416 1358 4463 Β·
