2834 4759
234 166 294 230 166
670 163 950 230 TERENTII
1217 165 1337 249 [aeros
1353 186 1385 228 ιι.

275 299 362 363 Part.
386 298 593 363 Incommode
606 297 727 363 hercle.
767 299 832 363 Cn.
848 300 918 364 Irno
933 301 1098 367 enimvero
1113 299 1302 366 infeliciter:

275 397 364 462 Nam
378 396 582 461 incommoda
596 395 657 460 alia
671 407 747 460 aunt
762 397 913 475 dicenda,
929 399 1102 465 Parmeno.

275 495 381 573 Illum,
397 493 499 580 liquet
513 494 592 557 mihi
607 494 767 579 dejerare,
784 494 835 559 his
851 498 1016 561 mensibus

234 606 267 652 ιι
279 594 358 670 Sex,
375 604 511 678 septem,
526 616 677 677 prorsum
692 616 757 657 non
773 594 892 658 vidisse
908 596 1075 679 proximiS,

275 691 351 756 Nisi
365 714 461 768 nune,
478 714 576 775 quum
592 692 719 754 minime
735 689 859 769 vellem,
874 692 1068 776 minimeque
1083 716 1166 778 opus
1181 694 1254 759 fuit.

276 788 372 855 Eho!
396 811 502 853 nonne
517 789 579 853 hoc
589 791 724 852 monstri
740 789 902 854 simile'sti
926 791 1085 873 quiduis?
1117 790 1204 855 Pta.
1221 792 1385 856 Maxume.

276 888 340 952 Cn.
357 887 519 951 Continuo
534 886 673 952 accurrit
686 886 729 950 ad
746 908 807 963 me,
824 910 921 970 quam
934 886 1031 973 longe
1047 889 1189 971 quidem,

275 984 444 1061 incurvus,
461 983 629 1062 tremulus,
646 984 740 1048 labiis
757 984 916 1062 demissis,
933 1007 1084 1069 gemens:

233 1125 326 1175 Partim
337 1126 368 1175 ob
380 1127 449 1175 codd.
466 1128 555 1191 partim
573 1128 604 1175 ob
616 1142 712 1176 versum
730 1136 795 1176 recte
861 1128 900 1175 41.
931 1130 988 1176 Nisi
1009 1146 1076 1186 nnnc,
1097 1146 1165 1192 quarn
1187 1134 1280 1179 minime
1302 1128 1387 1191 milen]

235 1190 344 1239 Faernus
355 1191 428 1254 legit:
447 1194 563 1240 Nostine?
588 1191 616 1239 P.
630 1192 738 1244 Quidni?
768 1196 793 1241 C.
828 1192 892 1247 Quia
910 1208 961 1241 sem
980 1208 1007 1241 er
1024 1193 1099 1251 nolui,
1123 1194 1178 1243 ideo
1196 1210 1264 1243 nunc
1285 1195 1387 1249 minime,

233 1258 682 1318 Ie,dumltdnceequor‚fitmifbriorn.
707 1257 736 1305 B.
828 1209 1161 1320 utpoteadoieaeenssenem.
1192 1261 1389 1322 ffininreqneopns

266 1320 305 1370 37.
322 1322 371 1369 lna
383 1324 494 1369 erinnem
509 1319 645 1385 infeliciter]
664 1322 733 1369 Bene
749 1322 795 1370 hoe
821 1320 886 1383 snit]
906 1322 976 1385 Stepe
994 1322 1060 1370 enirn
1076 1323 1189 1371 nolumus
1205 1333 1310 1381 tanturn,
1328 1340 1387 1371 nunc

232 1384 375 1449 interponit,
384 1385 448 1447 quod
458 1385 600 1434 incredibile
610 1395 654 1443 eat,
663 1386 795 1435 tardiorem
828 1386 902 1434 etiam
914 1402 976 1451 opus
987 1402 1036 1435 non
1048 1397 1092 1435 est.
1117 1388 1148 1435 D.

233 1450 341 1498 futurum
354 1460 486 1498 amatorem
497 1450 593 1498 incessu
605 1449 708 1513 virginis
720 1451 794 1513 (Edd.
860 1453 900 1498 43.
931 1454 1004 1503 Quam
1024 1455 1089 1515 longe
1110 1450 1212 1515 quiden]
1236 1452 1308 1501 Bene
1330 1454 1389 1513 large

233 1523 291 1563 vett.
304 1518 364 1577 qnod
374 1517 508 1563 incredibile
516 1513 695 1577 eatrcpdicior,
706 1518 793 1563 fordio·
828 1514 906 1563 dixit:
925 1515 982 1577 quia
993 1534 1007 1563 a
1019 1519 1084 1579 lorrge
1096 1532 1144 1565 non
1157 1518 1237 1580 potuit
1249 1517 1342 1565 dicere:
1359 1532 1387 1563 ιιι

232 1596 388 1627 rememorem
397 1578 474 1641 sabae
487 1583 510 1626 in
522 1583 610 1627 incessu
621 1580 737 1642 virginis).
762 1579 794 1628 D.
828 1580 1040 1637 subauditurerct,
1057 1588 1085 1629 ut
1098 1581 1137 1637 sit,
1155 1598 1222 1643 ᾳιιαπι
1238 1584 1307 1644 longe
1322 1584 1387 1628 not!

232 1646 315 1691 -fmo
325 1648 384 1691 enim
392 1642 457 1705 aere]
470 1644 547 1691 Recte
558 1644 699 1691 adolescens
709 1660 794 1707 repre·
829 1645 1005 1692 D.—Acearrit
1016 1648 1048 1693 cd
1057 1644 1105 1708 me]
1120 1646 1169 1693 liic
1183 1646 1210 1693 in
1222 1646 1337 1693 omnibus
1348 1660 1386 1692 ex·

232 1707 318 1755 bendit
329 1722 426 1756 servum
438 1709 567 1765 dicentem,
579 1712 720 1757 incommode.
751 1710 793 1757 ln·
827 1710 957 1772 primenda
973 1720 1011 1757 eat
1027 1710 1136 1768 tarditas,
1147 1714 1211 1773 quod
1228 1710 1385 1774 impedimen-

232 1772 385 1820 commodum
396 1782 433 1820 est
444 1772 517 1829 enim,
527 1788 583 1820 cum
593 1774 715 1821 nosnobis
723 1789 796 1822 causa
828 1783 880 1821 tum
892 1788 941 1821 non
953 1774 1023 1836 parvi
1035 1774 1151 1838 temporis
1167 1775 1246 1838 possit
1258 1775 1385 1823 ostendere.

232 1851 324 1892 sumus,
336 1845 364 1884 ut
378 1836 469 1898 aliquid
486 1836 569 1884 damni
585 1838 726 1885 sentiamus
761 1840 796 1886 At
829 1838 894 1885 Nam
911 1838 969 1886 licet
979 1842 1081 1887 accurrit
1092 1840 1189 1895 dixerit,
1202 1849 1286 1888 tamen
1300 1852 1385 1887 certum

234 1915 292 1948 vero
303 1900 342 1947 bic
353 1916 439 1964 parum
451 1901 555 1949 feliciter
569 1913 639 1964 geste
650 1917 689 1951 res
699 1912 743 1960 est,
756 1903 795 1950 vel
829 1913 866 1949 est
879 1902 950 1951 istam
967 1904 1163 1967 properationem
1174 1905 1202 1951 in
1218 1918 1305 1952 senem
1317 1903 1385 1965 (rene)

232 1963 363 2013 infeliciter
381 1964 470 2028 potius,
488 1982 543 2013 cum
562 1982 594 2016 ex
612 1980 701 2015 eventu
723 1977 796 2015 etex
828 1967 902 2015 fuisse
915 1968 1084 2016 tardissimam.
1115 1968 1212 2017 Deinde
1221 1968 1312 2030 adjecit
1320 1978 1344 2017 et
1353 1968 1384 2014 lo-

231 2028 433 2092 fortunaquidam
445 2041 583 2078 occurreret
591 2036 674 2087 senex,
682 2041 709 2079 ut
717 2032 795 2095 impe·
828 2047 891 2087 cum,
905 2032 1317 2095 quoddixit,quonrlongequidenn
1346 2030 1385 2078 feti

232 2093 342 2142 dimento
362 2104 433 2143 esset
474 2095 507 2142 Et
529 2105 595 2143 certe
616 2095 677 2143 mibi
699 2096 796 2144 videtur
828 2096 937 2159 corporis
946 2096 1087 2159 qualitatem
1099 2098 1224 2160 subjungit
1235 2106 1338 2153 tremens,
1348 2096 1385 2142 de-

232 2157 323 2206 idcirco
332 2167 439 2207 mutasse
448 2174 526 2222 genus
534 2160 686 2216 calamitatis,
695 2171 723 2208 ιιι
732 2160 794 2209 infe·
826 2160 885 2208 inde
897 2163 970 2209 lebria
979 2164 1090 2209 denunti.
1126 2162 1187 2209 Huc
1199 2164 1253 2223 iam
1266 2162 1298 2210 ad
1313 2162 1383 2223 impe·

232 2222 348 2271 licitatem
361 2222 523 2286 potiusquam
536 2224 716 2272 incommodum
727 2226 794 2273 dicc-
827 2224 936 2273 dimonte
958 2224 1073 2288 loquendi
1091 2226 1205 2275 videntur
1226 2227 1345 2290 apposita,
1363 2232 1384 2270 et

232 2298 283 2336 ret:
307 2288 372 2350 quod
388 2288 569 2337 incommodum
584 2291 634 2350 jam
651 2288 742 2337 malum
758 2300 796 2338 est
827 2290 891 2351 quod
903 2289 967 2337 dixit
977 2299 1090 2345 irenem,-
1108 2290 1198 2339 scimus
1209 2291 1278 2339 enim
1294 2291 1384 2339 retortia

232 2353 297 2415 quod
308 2352 432 2408 evenerit;
449 2352 579 2400 infelicitas
590 2368 648 2401 vero
665 2353 690 2400 id
703 2353 794 2402 malum
827 2354 857 2401 ad
876 2354 968 2402 hiatum
989 2353 1070 2411 labris,
1089 2356 1132 2403 sed
1151 2354 1384 2419 prominentioribus,

233 2426 277 2472 est,
286 2418 350 2479 quod
358 2432 473 2480 perversa
484 2417 582 2465 fortuna
592 2418 720 2480 contingit,
731 2418 796 2481 quod
828 2418 909 2467 minus
920 2418 991 2466 facile
1006 2434 1081 2468 sonus
1092 2420 1204 2483 exprimi.
1238 2420 1337 2482 Adiecit
1352 2424 1382 2465 lr-

231 2492 313 2529 tamen
324 2481 463 2529 concilicet
478 2481 569 2530 virtute
580 2481 669 2545 corrigi
685 2493 711 2530 et
722 2483 796 2531 susti·
828 2497 884 2530 men
898 2500 997 2545 genere,
1010 2484 1073 2546 quod
1090 2485 1183 2532 tardius
1198 2484 1224 2531 in
1241 2485 1333 2547 gemitu
1344 2498 1382 2530 ιιι-

278 2545 284 2556 .
909 2550 924 2581 1
1235 2548 1241 2559 .

231 2555 384 2658 ”titii
401 2546 538 2659 dmm
553 2615 603 2659 n.
618 2611 794 2674 ...rernm
827 2548 1382 2677 {titiqittiztilttittit‘itit

232 2675 294 2729 Quat
305 2674 738 2733 minorasuntscilicetsutsimifia.
763 2676 793 2724 D.
827 2678 982 2739 congeminet
992 2677 1060 2739 quasi
1071 2678 1252 2725 revocationem
1265 2688 1290 2727 et
1300 2677 1381 2725 salun-

266 2741 304 2787 te.
322 2742 399 2798 illurn,
414 2742 485 2803 liquet
500 2744 556 2788 milti
572 2740 689 2803 dejerare]
708 2739 793 2803 Liqui-
827 2739 927 2797 tionem,
946 2744 1019 2797 Heus,
1042 2744 1115 2799 Heus,
1136 2741 1224 2805 inquit]
1247 2742 1383 2791 Ostenditur

232 2803 290 2851 dum
302 2813 339 2851 est
355 2814 514 2861 consternet
530 2804 692 2862 manifestum,
705 2814 730 2852 et
741 2820 794 2853 cer·
828 2805 936 2863 tarditas,
948 2805 1069 2869 simulque
1084 2807 1150 2855 istud
1166 2806 1311 2862 declaratur,
1327 2802 1383 2867 quod

233 2878 292 2916 tum.
336 2868 370 2917 Et
389 2869 424 2917 sic
444 2873 522 2932 liquet,
543 2884 588 2932 pro
607 2868 726 2931 liquidum
743 2879 793 2918 est:
827 2884 885 2917 vere
897 2885 944 2918 vox
955 2869 1003 2919 ista
1017 2872 1048 2919 eb
1065 2886 1094 2918 eo
1110 2872 1213 2934 coeperit
1228 2888 1296 2929 cono,
1309 2870 1346 2933 qui
1361 2878 1382 2915 et

231 2942 261 2981 ut
277 2936 372 2991 clandit,
395 2949 440 2997 pro
460 2933 573 2982 claudum
596 2944 640 2982 eat.
675 2934 709 2982 Ut
730 2934 796 2998 apud
828 2948 912 2982 vocem
925 2945 950 2983 et
960 2935 1078 2997 gemitum
1090 2935 1231 2984 declareret
1259 2938 1289 2985 E.

232 2998 375 3047 Sallustium
402 2998 429 3046 in
458 2999 562 3061 Frsgm„
596 3001 666 3047 Niiil
691 3002 795 3048 amendia
859 3000 899 3046 44.
921 3001 1040 3055 incurvae,
1058 3002 1174 3056 tremulae.
1195 3003 1266 3049 latiis
1281 3001 1381 3051 dmum.

232 3065 359 3112 candebat.
395 3063 428 3111 Et
450 3074 488 3112 est
510 3066 581 3126 liqna
602 3064 704 3111 verbum
723 3064 794 3124 juris,
824 3062 929 3125 genera]
943 3063 978 3111 Ut
989 3064 1070 3112 omnia
1082 3065 1194 3113 ostendat
1204 3065 1230 3113 in
1242 3063 1380 3114 contrarium

232 3142 280 3189 quo
303 3129 434 3176 utebantur
451 3127 555 3189 judices,
577 3143 652 3191 quum
673 3141 794 3175 auritus
827 3127 874 3175 sibi
895 3143 965 3177 verae
985 3144 1047 3185 esse,
1068 3130 1141 3177 etiam
1162 3144 1261 3178 cursum
1282 3124 1382 3178 attribuit

231 3192 433 3255 pronunciabant,
447 3192 594 3240 obscuritate
610 3192 725 3240 commoti
736 3208 793 3240 cau-
827 3192 879 3240 aeni
889 3191 957 3254 (Hoc
968 3193 1077 3241 scholion
1087 3193 1194 3257 explieat
1204 3204 1299 3243 tentum
1309 3192 1380 3245 verbe

232 3255 794 3320 aemegicquamuegotiiaimplicitate(forte,
829 3259 941 3306 Continuo
958 3262 1066 3316 accurrit,
1085 3274 1140 3320 quse
1159 3258 1309 3308 exciderunt
1338 3256 1379 3315 Ζ.).

232 3322 375 3380 inplicitcie,
388 3322 441 3369 b.e.
453 3320 639 3384 implicatione).
654 3325 658 3334 '
674 3320 794 3383 Dejercrn
827 3324 915 3380 Labra,
932 3332 990 3371 sunt
1007 3323 1149 3387 superiora:
1179 3326 1249 3381 lobia,
1269 3322 1380 3371 inferiora.

232 3384 303 3431 valde
320 3386 419 3445 jurare:
446 3395 474 3432 ut
493 3388 598 3444 densim
616 3396 641 3433 et
663 3389 742 3434 &arna
765 3395 794 3445 te,
827 3387 908 3434 Labra
919 3386 1042 3435 asinorum
1053 3388 1171 3451 (tinearum
1181 3387 1311 3451 legendum
1320 3392 1381 3450 putat

233 3451 298 3511 Syre,
312 3448 373 3497 side
388 3450 507 3513 producte
522 3449 624 3513 legerim
642 3450 664 3498 ai
674 3460 794 3515 correpte,
828 3450 1052 3513 Bynkershoeltius.
1081 3452 1190 3509 Flaccus,
1200 3462 1263 3501 tecte
1271 3449 1379 3503 Charino.

231 3512 291 3561 deos
298 3515 381 3576 jurare
398 3514 550 3577 intelligitur.
577 3516 795 3578 D.-Liqaetntilti
827 3514 861 3563 ite
880 3515 1025 3579 distinguit:
1050 3516 1145 3565 modica
1162 3532 1215 3565 osse
1234 3520 1307 3574 labin
1326 3516 1380 3562 labin

232 3578 349 3641 dejerare]
359 3578 793 3644 Manifestainquitpossumjmare.
828 3579 964 3639 immodica,
977 3591 1002 3628 et
1017 3580 1075 3629 inde
1093 3582 1209 3630 Labeonee
1219 3581 1279 3643 dici)
1292 3578 1380 3646 proprie

231 3644 402 3706 Liqcetenim,
419 3644 465 3692 hoc
476 3644 624 3702 est,clarum
637 3655 662 3692 et
677 3644 793 3693 manifes-
827 3645 949 3693 dicuntur.
986 3648 1080 3695 Gemens
1098 3658 1187 3703 autem,
1202 3648 1233 3695 ob
1249 3646 1379 3696 continuem

231 3718 284 3757 tum
302 3718 345 3756 est.
380 3709 415 3756 Ut
427 3709 513 3757 Cicero
530 3710 653 3766 Cluentio,
666 3709 752 3757 xxviii.
771 3719 796 3758 et
829 3708 922 3757 tussim.
957 3709 997 3757 Sic
1015 3710 1137 3759 Lucilius:
1156 3714 1218 3759 Ante
1226 3710 1378 3773 serenantem.

231 3772 335 3822 xxxviii.
342 3774 793 3835 Quidomeibijadicetnonliqeeredixe·
827 3783 850 3821 et
867 3777 955 3821 triclini
972 3777 1052 3823 limina
1063 3778 1155 3837 quidone
1172 3778 1283 3824 Perditrn
1301 3774 1379 3823 Tiresia

231 3846 292 3887 rant.
322 3839 435 3901 Dejerarc
446 3848 484 3886 est
494 3848 578 3887 sancte
586 3840 676 3901 jurare.
700 3838 729 3885 E.
827 3843 885 3887 turri
893 3842 1031 3901 mandanae
1042 3842 1155 3901 gemebat.
1189 3842 1306 3897 Incaruut,
1318 3834 1378 3885 raldo

263 3906 303 3952 40.
320 3905 580 3952 Prorenmnonuidiese
593 3902 717 3965 macine]
730 3902 794 3957 Quia
827 3918 922 3951 curvus
957 3904 998 3952 Sic
1011 3904 1079 3967 Virg.
1091 3904 1149 3952 AEn.
1161 3904 1203 3952 xii.
1220 3906 1239 3952 l.
1263 3906 1378 3953 fumarat

231 3984 280 4017 non
298 3968 388 4016 vidisse
401 3966 465 4015 dixit
478 3970 596 4028 praeierit,
607 3967 739 4030 praeteritis
754 3967 793 4015 in·
827 3965 938 4029 infractor
955 3972 1048 4017 αάιιινιο
1066 3971 1144 4017 Marte
1162 3972 1259 4017 Latmos
1274 3965 1378 4029 Defecitrt

232 4032 371 4095 telligimua.
400 4032 516 4080 Proxima
527 4032 593 4080 enim
601 4031 672 4079 uobis
680 4042 723 4080 aut
730 4048 793 4107 prae·
826 4032 1044 4093 videt—Infreetoe
1054 4033 1120 4081 enim
1132 4033 1203 4082 valde
1212 4034 1300 4083 fractos
1311 4028 1376 4093 signi-

231 4096 311 4152 terite,
321 4107 363 4144 aut
374 4097 537 4145 futurasunt:
556 4112 612 4144 num
623 4108 754 4159 presentie
766 4112 795 4145 ea
827 4097 891 4145 licat.
925 4098 990 4145 Nem
1013 4102 1038 4145 in
1061 4098 1201 4161 prepositio
1223 4114 1287 4146 nunc
1307 4104 1376 4157 suget,

231 4170 296 4216 crint,
313 4160 339 4208 in
356 4162 444 4223 quibua
458 4176 523 4210 nune
540 4176 631 4208 sumus
661 4160 794 4224 l).—Lege
826 4176 892 4210 nunc
904 4161 994 4211 minuit
1004 4162 1143 4210 dictionem.
1172 4162 1249 4211 Recte
1261 4163 1329 4211 etiam
1340 4158 1375 4205 de·

230 4239 330 4284 prorsas,
351 4225 416 4286 quod
434 4242 484 4274 non
507 4225 579 4274 modo
599 4225 706 4288 quinque
723 4226 792 4275 codd.
825 4226 972 4274 formitatem
993 4226 1109 4275 describit
1135 4228 1209 4285 senia,
1231 4228 1273 4290 qui
1299 4235 1376 4289 pretet

231 4288 462 4338 conconvenit
476 4290 552 4339 Prisc.
567 4306 592 4365 p
608 4292 677 4338 1200.
695 4291 793 4348 habent,
827 4294 934 4353 (propter
946 4288 988 4353 Z.)
1004 4300 1109 4347 etatem,
1125 4302 1183 4355 post
1197 4291 1319 4356 pulchram
1333 4288 1375 4334 rir-

231 4356 275 4402 aed
286 4361 311 4400 et
320 4352 464 4402 concinnius
475 4363 520 4412 eat,
533 4370 589 4417 quta
599 4354 701 4418 praeced
713 4370 794 4404 vonna
825 4354 915 4418 ginem,
932 4356 1020 4403 foedior
1037 4355 1171 4405 videbatur.
1206 4357 1240 4405 Et
1253 4371 1320 4419 quem
1335 4352 1374 4399 im·

231 4417 382 4467 terminatur.
408 4418 436 4465 B.
827 4420 1041 4482 portuneomniai
1059 4420 1204 4483 propnelfa,
1217 4430 1372 4470 senexoccut·
