2834 4759
263 184 340 251 *sxiv
630 188 886 251 ιΤΕΒΕΝΤΙΙ
916 186 1046 250 VITA.

266 318 367 398 Scipio
387 314 598 399 Carthaginem
621 320 742 399 quidem
764 318 844 387 vicit,
866 332 897 377 et
917 318 1103 379 tributariam
1125 312 1204 391 fecit,
1226 311 1286 380 non
1308 321 1398 380 evertit

264 414 363 460 tamen
374 400 467 479 ipsam
478 400 683 480 Carthaginem
696 423 704 472 3
727 400 782 459 sed
794 419 885 477 nepos
897 399 963 476 ejus
971 399 1137 477 adoptivus,
1147 400 1301 461 Africanus
1310 402 1396 460 minor.

265 480 440 541 Annibalem
454 496 599 559 praeterea
612 482 690 543 bello
704 482 784 551 vicit,
800 480 982 558 fugavitque,
997 480 1050 538 sed
1062 500 1246 559 nequaquam
1260 482 1396 541 interiecit

263 560 382 641 ¹Nempe
396 563 446 639 qui
461 563 555 622 victus
570 564 598 622 in
607 563 716 621 ‘Asiam
737 562 878 640 profugit,
893 574 923 619 et
936 563 992 619 sub
1008 561 1153 621 Antiocho
1166 583 1236 641 rege
1256 564 1343 641 Syriae
1354 564 1397 621 mi-

266 642 354 703 litans
373 643 494 703 consilio
508 658 596 721 atque
610 663 701 722 opera
715 663 768 702 sua
781 654 813 701 et
824 642 904 719 regis
923 643 1055 719 potentia
1068 663 1176 701 novum
1191 664 1257 703 eum
1278 644 1398 703 Romanis

263 723 377 782 bellum
391 724 489 783 denuo
503 726 602 802 gessit.
646 724 726 790 Quae
740 723 862 781 historia
874 723 1018 789 omnibus,
1034 723 1129 799 quiin
1150 723 1257 783 talibus
1270 725 1399 802 ingenium

262 816 417 873 exercent,
433 803 600 882 planissime
617 817 687 863 nota
700 818 755 863 est.
790 802 906 861 Deinde
921 803 1065 880 Scipionis
1080 805 1284 883 triumphantis
1298 825 1398 863 curmu

266 904 325 942 nnn
348 885 395 943 hic
416 884 572 944 Terentius
593 884 719 965 pileatus
740 898 913 963 prosecutus
933 898 987 954 est,
1009 883 1060 942 sed
1081 884 1156 943 alter
1176 885 1263 963 hujus
1283 886 1398 952 nominis,

267 962 417 1024 Romanus
439 966 531 1025 civis:
560 980 590 1025 et
611 978 644 1026 ut
665 966 800 1047 Valerius
824 964 975 1023 Maximus
996 978 1130 1034 testatur,
1152 967 1290 1043 praetoria
1308 966 1399 1025 familia

261 1060 359 1111 ortus,
374 1060 405 1105 et
419 1048 492 1104 inter
509 1066 618 1125 pauens
633 1047 771 1105 senatorii
785 1044 896 1104 ordinis
910 1045 1091 1123 splendidus.
1131 1046 1193 1111 Qui
1206 1049 1292 1106 etiam
1306 1061 1366 1125 post
1376 1046 1400 1103 id

268 1140 393 1203 tempus,
410 1142 479 1185 tunc
495 1122 604 1186 scilicet
618 1148 709 1204 quum
724 1126 868 1204 Scipionis
881 1126 971 1184 irater
983 1140 1136 1185 accusatus
1151 1140 1196 1185 est
1214 1128 1324 1197 Romae,
1337 1148 1399 1205 prae·

268 1220 364 1265 turam
386 1208 486 1284 gessit.
529 1207 589 1267 Hic
611 1228 681 1285 ergo
703 1207 909 1284 triumphantis
934 1227 1050 1265 currum
1075 1208 1220 1285 Scipionis
1245 1226 1400 1287 prosecutus

267 1302 322 1356 est,
338 1287 415 1365 pileo
430 1289 516 1365 capiti
538 1289 685 1367 imposito,
700 1287 782 1365 quod
795 1287 912 1346 douatae
933 1287 1076 1347 libertatis
1090 1288 1207 1367 signum
1221 1303 1293 1349 erat.
1333 1290 1400 1354 Qua·

267 1381 335 1427 tuor
348 1368 437 1427 millia
450 1369 593 1446 siquidem
609 1367 808 1428 Rornanorum
822 1368 939 1436 civium,
955 1368 1005 1444 qui
1019 1367 1098 1427 bello
1119 1368 1230 1429 Punico
1244 1371 1320 1449 capti
1333 1384 1401 1427 erant

266 1449 347 1507 etin
368 1450 538 1509 servitutem
559 1449 678 1520 redacti,
699 1450 794 1509 victor
815 1448 914 1525 Scipio
933 1448 1073 1508 liberatos
1093 1449 1123 1507 in
1144 1452 1269 1527 patriam
1288 1451 1400 1509 reduxit.

266 1529 347 1589 Inter
362 1550 435 1607 quos
449 1530 506 1589 fuit
519 1530 566 1589 hie
580 1530 745 1599 Terentius,
760 1530 797 1588 dc
811 1550 870 1609 quo
884 1529 956 1595 dixi,
970 1543 1000 1588 et
1014 1544 1074 1589 tarn
1087 1550 1200 1589 memor
1220 1532 1350 1591 beneficii
1362 1550 1401 1589 ac·

261 1612 354 1689 cepti,
378 1625 495 1688 tamque
516 1610 701 1689 singulariter
722 1623 789 1669 ante
810 1630 913 1669 omnes
933 1623 1044 1688 gratus,
1065 1623 1099 1669 ut
1118 1632 1171 1689 per
1191 1632 1307 1671 ornnem
1326 1612 1401 1670 vitam

266 1689 453 1749 liberatorem
468 1712 552 1751 suum
567 1692 735 1770 Scipionem
749 1692 828 1750 omni
838 1691 982 1767 obsequio
992 1711 1026 1750 ac
1040 1693 1209 1769 patrociniis
1219 1692 1402 1752 debitavene·

260 1771 379 1829 ratione
394 1771 525 1831 coluerit.
567 1770 722 1849 Triumphi
736 1785 834 1831 autem
848 1772 896 1830 dia
913 1784 982 1849 post
994 1792 1060 1830 eum
1081 1773 1206 1850 pileatus
1220 1774 1345 1840 incessit,
1357 1774 1402 1831 hoc

267 1864 313 1910 est
326 1851 423 1911 liberti
437 1853 558 1911 habitu:
580 1854 662 1929 quasi
677 1872 730 1933 per
750 1853 829 1911 illius
842 1853 898 1909 viri
916 1852 1055 1913 virtutem
1068 1874 1100 1912 se
1120 1853 1249 1913 libertati
1271 1855 1402 1914 redditum

266 1931 376 2011 populo
398 1933 531 1992 Romano
551 1932 628 2010 pileo
647 1946 772 1992 testante
785 1933 973 1992 denuncians.
1015 1933 1093 1999 Quae
1107 1936 1204 1995 ornnia
1216 1935 1298 2014 apud
1316 1936 1403 1993 Titum

266 2012 383 2071 Livium
405 2012 625 2072 celeberrimum
646 2015 817 2073 historicum
830 2026 900 2073 nota
920 2026 997 2073 sunt.
1040 2014 1100 2073 Sed
1113 2016 1209 2075 minus
1223 2018 1313 2075 miror
1330 2016 1402 2074 schn-

266 2092 384 2152 lasticos
405 2094 574 2153 hocerrore
594 2094 743 2172 deceptus,
759 2115 825 2153 cum
846 2094 956 2153 Paulus
969 2094 1094 2154 Orosius
1114 2096 1171 2155 hoc
1192 2096 1355 2175 scripserit:
1373 2094 1403 2153 dc

267 2194 326 2252 quo
341 2174 498 2233 admodum
519 2175 649 2244 mirarer,
664 2176 720 2234 nisi
733 2175 813 2253 quod
834 2175 979 2233 interdurn
998 2195 1106 2253 magna
1118 2177 1236 2253 quidem
1259 2177 1369 2257 ingenia
1379 2188 1403 2233 et

266 2256 296 2313 in
311 2255 410 2314 multis
423 2268 566 2335 occupata
580 2268 610 2315 et
623 2257 697 2315 inter
711 2255 899 2315 difficultates
912 2268 1010 2315 erecta
1023 2276 1165 2333 equorum
1186 2258 1278 2317 instar
1298 2268 1403 2338 propter

266 2336 411 2395 incautam
426 2337 610 2395 securitatem
630 2337 658 2395 in
672 2337 762 2416 plano
775 2336 929 2415 cespitant.
972 2336 1114 2396 Identitas
1127 2338 1263 2409 nominis,
1279 2342 1308 2398 ni
1321 2338 1403 2404 fallor,

266 2436 395 2475 errorem
416 2417 494 2486 fecit,
516 2417 597 2496 quod
617 2418 729 2477 scilIcet
749 2430 873 2495 uterque
895 2417 1062 2477 Terentius.
1104 2418 1163 2477 Sed
1186 2419 1403 2498 circumspectus

266 2496 354 2556 homo
368 2518 428 2556 non
442 2497 525 2567 vidit,
541 2497 621 2575 quod
634 2518 665 2557 se
680 2497 772 2557 oculis
792 2496 951 2576 ingerebat,
966 2498 997 2557 in
1015 2499 1118 2577 primis
1132 2499 1332 2560 diversitatem
1344 2518 1409 2576 cog*

265 2579 423 2649 nominum,
438 2598 505 2656 quae
519 2578 557 2637 ad
578 2578 782 2638 discretionem
802 2579 953 2637 nominum
974 2592 1042 2637 sunt
1061 2580 1187 2651 inventa,
1203 2582 1287 2658 quod
1307 2580 1410 2650 scilicet,

266 2658 315 2717 ille
328 2658 483 2717 Terentius
494 2658 595 2730 Culeo,
608 2660 654 2718 hio
668 2658 825 2718 Terentius
833 2659 917 2728 Afer,
930 2673 963 2717 ut
973 2660 1050 2719 tituli
1062 2660 1150 2739 hujus
1160 2662 1258 2738 operis
1268 2663 1403 2727 indicant3

265 2738 315 2797 ille
330 2740 488 2809 Romanus,
511 2741 566 2799 iste
580 2738 849 2818 Carthaginiensis:
870 2739 919 2798 ille
933 2760 950 2798 e
964 2741 1106 2799 servitute
1120 2743 1151 2800 in
1171 2741 1346 2811 libertatem,
1359 2742 1410 2799 iste

265 2832 362 2879 antem
377 2834 478 2880 contra
491 2841 507 2879 e
521 2820 655 2879 libertate
671 2821 699 2878 iu
710 2821 881 2880 servitutem
895 2820 1018 2891 ductus3
1040 2820 1090 2880 illc
1103 2836 1228 2894 senator,
1241 2823 1290 2883 hic
1310 2834 1404 2901 poeta;

265 2900 314 2959 ille
332 2900 395 2979 jam
418 2902 513 2961 senior
540 2920 585 2972 eo,
609 2902 656 2961 hio
679 2921 752 2978 puer
775 2922 811 2961 co
835 2914 976 2979 tempore,
1001 2922 1061 2980 quo
1081 2923 1100 2961 a
1123 2903 1265 2965 Romanis
1293 2904 1406 2964 ducibus

267 2994 369 3059 captus
391 2995 452 3040 estt
482 2982 510 3040 in
532 3002 590 3059 qua
610 2983 778 3060 captivitate
799 2984 837 3040 ob
859 2982 1031 3059 elegantiam
1051 3003 1165 3042 morum
1187 2984 1225 3043 ad
1243 3000 1407 3064 magnorum

265 3062 348 3121 venit
361 3062 519 3131 amicitias;
541 3075 631 3140 utque
645 3062 686 3121 ait
705 3061 853 3121 Eusebius
868 3060 943 3121 libro
958 3063 995 3121 de
1009 3066 1199 3142 temporibus,
1214 3065 1252 3124 ob
1268 3065 1406 3143 ingenium

265 3155 296 3201 ct
310 3142 432 3201 sormam
445 3142 581 3202 libertate
595 3143 721 3202 donatus
735 3156 790 3202 est.
826 3142 906 3202 Inter
921 3156 965 3202 tot
976 3144 1159 3204 diversitates
1175 3145 1276 3206 fallere
1288 3168 1345 3205 una
1357 3164 1406 3203 non

265 3222 416 3281 debuisset
436 3224 583 3282 identitas.
637 3224 697 3283 Hic
719 3242 787 3282 sane
800 3223 988 3300 Terentiusa
1007 3225 1150 3303 principio
1166 3226 1333 3304 juventutis
1352 3244 1407 3283 sure

265 3304 386 3363 fertura
400 3304 540 3363 Terentio
554 3305 681 3382 quodam
695 3305 815 3364 Lucano
832 3318 936 3374 emtus,
951 3326 969 3363 a
989 3326 1048 3383 qno
1061 3319 1091 3364 et
1111 3326 1217 3365 nomen
1238 3308 1335 3385 ipsum
1355 3306 1407 3364 sor-

266 3398 342 3463 tasse
363 3386 458 3462 potuit
480 3386 620 3462 accipere,
636 3384 720 3443 aliter
741 3398 826 3445 antea
839 3386 935 3445 dictus
956 3386 1035 3463 apud
1056 3408 1135 3446 suos.
1178 3388 1225 3450 De
1244 3388 1302 3447 hoc
1321 3402 1408 3447 tamen

259 3478 373 3543 'praeter
397 3466 595 3545 conjecturam
617 3465 711 3525 habeo
735 3466 816 3525 nihil.
858 3465 895 3524 Id
917 3466 997 3543 qnod
1016 3480 1138 3537 constat,
1161 3467 1275 3528 litteras
1296 3470 1407 3528 Latinas

265 3546 369 3605 Romae
389 3545 499 3615 didicit,
515 3546 551 3605 ad
573 3546 716 3625 poeticam
732 3566 850 3625 pronus,
872 3559 902 3605 et
922 3548 1071 3626 praecipue
1092 3549 1287 3620 comoediam3
1310 3549 1407 3628 quoin

263 3646 370 3705 genere
385 3626 479 3698 facile,
494 3641 528 3686 nt
548 3627 618 3686 mihi
640 3628 765 3696 videtur,
780 3648 882 3686 omnes
901 3640 967 3686 ante
988 3648 1020 3687 se
1041 3629 1120 3688 vicit.
1163 3628 1239 3688 Nam
1261 3641 1406 3710 sequentes

256 3708 352 3767 'etiam
366 3728 383 3766 a
398 3708 552 3767 scribendo
566 3708 717 3777 deterruit,
728 3728 781 3767 nec
791 3709 861 3777 fere,
874 3728 961 3785 quern
975 3706 1115 3780 noverim,
1128 3711 1282 3771 comoediae
1291 3713 1407 3789 scriptor

262 3786 359 3867 clarus
380 3802 448 3866 post
469 3786 639 3847 Terentium
660 3789 725 3847 fuit.
769 3788 894 3868 Scripsit
914 3790 1074 3849 cnmoedias
1095 3790 1192 3849 forsan
1213 3791 1330 3870 plures3
1362 3788 1407 3849 sed

262 3890 331 3949 quae
352 3869 495 3928 hahentur
509 3870 546 3928 in
567 3870 711 3939 manibus,
726 3890 780 3928 sex
801 3882 877 3939 sunt,
893 3890 960 3947 qnae
981 3890 1034 3948 per
1047 3870 1179 3930 ordinem
1199 3872 1255 3931 hoc
1268 3872 1407 3931 volumine

263 3951 465 4009 continentur:
487 3950 620 4027 quamvis
636 3950 697 4028 ipse
713 3950 787 4009 ordo
800 3970 858 4009 non
874 3950 902 4008 in
916 3951 1053 4009 omnibns
1066 3950 1262 4012 voluminibus
1276 3974 1351 4013 unus
1364 3950 1406 4008 sit.

264 4028 422 4107 Utcunque
443 4050 514 4089 vero
532 4030 589 4089 sint
609 4029 684 4101 aliae,
697 4032 816 4108 'ubique
836 4030 930 4109 prima
949 4032 1080 4091 omnium
1099 4046 1145 4092 est
1165 4033 1295 4093 Andria:
1327 4050 1407 4111 quarn

263 4112 437 4171 comoediam
458 4111 628 4189 priusquam
650 4110 787 4171 aedilibus
805 4112 955 4181 venderet,
969 4125 1002 4170 ut
1023 4112 1170 4172 Eusebius
1190 4114 1269 4173 idem
1282 4115 1333 4181 ait,
1347 4112 1409 4171 Cre·

263 4191 331 4250 cilio
351 4192 474 4251 multum
497 4212 527 4251 se
548 4193 663 4251 miranti
685 4191 766 4271 legit.
809 4190 856 4250 De
873 4193 996 4251 materia
1015 4194 1226 4254 comoediarum
1246 4194 1327 4273 loqui
1346 4212 1409 4273 pro·

262 4272 356 4331 lixum
382 4285 447 4331 est:
479 4272 517 4330 de
544 4274 727 4351 expositione
756 4272 908 4351 prolixius.
952 4274 1011 4333 Sed
1038 4273 1181 4353 cujusque
1207 4277 1358 4335 materiam
1383 4272 1410 4331 in

262 4366 435 4431 argumento
459 4352 523 4432 ejus
537 4353 732 4431 perbreviter
756 4354 995 4432 comprehensam
1013 4354 1105 4414 lector
1124 4356 1272 4427 inveniet3
1294 4354 1407 4434 exposi-

254 4434 373 4495 tionem
386 4430 489 4496 studi'n'
498 4434 655 4514 etingenio
665 4434 812 4495 molietur.
847 4434 950 4496 Genus
963 4437 1236 4515 poematis-carmen
1248 4438 1409 4502 iambicum,
