2834 4759
43 202 148 249 secun
164 184 217 269 n.]
492 184 766 252 PHORMIO.
1136 188 1199 253 567

129 318 264 399 Sectari,
279 322 314 386 in
328 319 442 387 ludum
455 322 587 400 ducere,
603 334 637 387 et
651 321 852 389 redducere:

128 417 202 483 Nos
215 420 312 484 otiosi
325 442 459 505 operam
474 422 631 485 dabamus
646 420 818 485 Phaedriae.

130 515 167 581 ln
181 540 248 601 quo
262 517 334 584 haec
349 519 496 584 discebat
510 519 599 597 ludo,
615 520 831 583 exadvorsum
846 520 876 583 ei
891 517 962 583 loco

129 614 306 681 Tonstrina
318 631 391 682 erat
405 619 572 703 quaedam:
595 617 649 681 hic
664 615 846 681 solebamus
861 617 929 681 iere

84 726 118 773 to
130 710 326 799 Plerumque
341 739 413 781 eam
427 717 581 801 opperiri,
596 716 674 780 dum
689 716 765 781 inde
780 716 842 781 iret
857 717 997 781 domum.

129 812 259 877 interea
273 813 351 877 dum
367 816 517 879 sedemus
532 814 587 891 illi,
604 815 776 878 intervenit

128 910 333 976 Adolescens
349 912 480 997 quidam
496 913 694 977 lacrumans:
719 934 778 977 nos
793 912 948 977 mirarier.

128 1008 299 1093 Rogamus
313 1008 392 1095 quid
408 1011 472 1075 sitt
496 1011 672 1095 Nunquam
687 1032 791 1094 seque,
808 1011 923 1095 inquit,
939 1032 976 1075 ac
992 1013 1089 1077 modo

127 1106 311 1193 Paupertas
326 1109 404 1172 mibi
417 1130 499 1173 onus
513 1108 657 1174 visum'st
671 1120 705 1172 et
719 1110 880 1186 miserum,
896 1120 930 1173 et
944 1132 1053 1195 grave.

83 1218 117 1265 4⁵
130 1205 235 1271 Modo
250 1208 414 1291 quandem
429 1206 494 1271 vidi
508 1208 662 1292 virginem
679 1207 732 1273 hic
747 1210 869 1273 viciniae

127 1304 296 1383 Miseram,
313 1328 404 1371 suam
418 1318 553 1370 matrem
567 1305 735 1372 lamentari
748 1320 924 1372 mortuam:

39 1470 103 1518 bros.
128 1468 210 1533 Episc.
233 1468 345 1517 Heriem.
366 1467 401 1516 iii.
422 1470 444 1516 8.
472 1471 603 1517 Pascuntur
635 1468 760 1532 tiopinrror
780 1468 886 1526 tertium,
899 1468 953 1533 sere
968 1473 1105 1535 pierumque.
1130 1472 1196 1521 D.-

41 1538 102 1582 ocuti
111 1543 182 1597 grato
192 1537 328 1595 spectaculo.
352 1533 380 1581 1..
637 1536 759 1583 Tonstrina
790 1534 904 1597 quadarn]
933 1535 1038 1584 officina
1063 1546 1195 1587 tonsorum.

72 1600 112 1647 86.
125 1602 222 1656 meran,
232 1602 256 1645 in
264 1601 341 1646 isdum
350 1601 439 1655 decere,
449 1606 473 1646 et
480 1598 601 1661 reducere]
636 1598 665 1647 Ε.

41 1664 110 1712 Beue
121 1663 248 1712 cavillatus
259 1673 297 1711 est
307 1672 333 1711 et
346 1662 489 1724 joculariter
499 1663 525 1711 in
543 1664 601 1711 ado·
666 1666 706 1712 40.
719 1666 780 1711 Dum
792 1667 844 1712 inde
855 1668 901 1713 iret
917 1663 1018 1729 dornnn]
1035 1666 1075 1713 Ad
1086 1682 1113 1715 ee
1129 1666 1196 1715 scili-

40 1728 182 1786 tenentem,
198 1728 239 1776 cui
255 1739 314 1776 setes
330 1727 361 1775 ad
379 1727 508 1777 sectandos
521 1727 602 1791 pbilo-
635 1737 681 1776 cet.
715 1730 765 1777 Iret
775 1728 875 1791 domun]
896 1730 945 1777 Pro
961 1730 1059 1789 rediret,
1071 1731 1111 1780 rel
1122 1742 1197 1793 certe,

41 1794 132 1858 sophos
149 1803 206 1857 epto
223 1803 281 1840 erat.
316 1792 383 1840 ilinc
400 1792 474 1840 etiam
493 1792 602 1856 pbiloso-
635 1793 699 1841 iret:
716 1792 837 1856 παρέλιπον
847 1794 931 1857 ligura.
954 1794 985 1842 D.

39 1859 147 1921 phorum
164 1866 242 1906 seete.
277 1857 327 1905 Sed
344 1861 429 1905 rectori
442 1857 541 1921 proprie
558 1868 603 1915 est,
668 1860 707 1905 41.
721 1858 906 1921 Dnmredemue]
925 1858 1027 1922 Proprie
1043 1862 1151 1920 redense,
1169 1870 1198 1910 ut

42 1934 70 1971 ut
82 1934 169 1971 taonis
181 1921 300 1979 bmnium,
312 1932 340 1970 ut
353 1922 417 1970 eries
428 1938 505 1970 ovem.
534 1922 603 1985 Virg.
636 1921 662 1970 in
675 1923 803 1972 tonstrina.
832 1924 873 1971 Illi
885 1924 1018 1987 interuenit]
1031 1926 1196 1991 Illi,proibr'.·

42 1987 94 2035 Boi.
115 1987 143 2035 ii.
162 1987 201 2034 65.
219 1990 293 2035 tradit
311 2004 354 2035 eno
368 2003 475 2048 quemque
492 1989 601 2049 oolnptct.
634 1999 669 2043 ut,
691 1988 749 2036 AEn.
769 1988 795 2035 ii.
817 1990 872 2036 548.
901 1990 943 2037 lut
960 2006 1009 2037 men
1028 1994 1106 2038 tristia
1118 1990 1195 2053 sueto.

40 2051 172 2115 Redneere]
189 2050 319 2114 limenun,
331 2069 347 2100 a
361 2055 415 2099 indo
431 2051 496 2100 enim
513 2053 602 2101 subau-
636 2052 669 2101 Et
685 2062 743 2100 nota
760 2056 803 2109 ilii,
820 2068 865 2115 pro
881 2055 936 2101 run.
966 2056 1092 2103 Intervenit
1107 2058 1195 2103 odoler-

41 2118 114 2166 ditur.
146 2118 308 2173 D.-Sretnrr',
328 2121 353 2165 in
373 2115 462 2178 tadum]
480 2118 543 2165 Cum
560 2116 604 2165 illa
634 2134 687 2166 cens
700 2120 793 2180 quidum
808 2116 949 2180 neronam]
967 2118 1196 2182 Apollodoruston-
1233 2160 1236 2167 .

40 2194 156 2246 pergeret
173 2186 198 2229 in
209 2184 294 2240 udan,
305 2181 351 2230 boc
362 2191 407 2239 est,
418 2181 445 2229 in
463 2180 543 2229 locum
561 2181 603 2230 ubi
635 2196 715 2230 sorem
732 2182 813 2245 ipsum
832 2181 948 2230 nuncium
959 2182 1024 2240 iacit,
1037 2184 1078 2246 qui
1090 2184 1155 2232 dicut
1169 2200 1196 2233 se

41 2247 102 2295 torte
114 2248 230 2295 discebat.
253 2246 284 2294 E.
635 2262 714 2310 nuper
731 2245 819 2309 puelloe
836 2261 929 2294 comam
948 2248 979 2295 ob
1000 2246 1093 2296 luctum
1112 2250 1195 2298 abstu-

73 2312 112 2363 37.
125 2314 465 2373 Norotiosioprrcmdcbcsnne
472 2310 601 2374 Paeane]
634 2310 706 2359 lisse:
725 2311 789 2373 quod
805 2310 856 2359 scio
872 2320 979 2359 mutasse
991 2312 1063 2375 <qnod
1073 2316 1129 2361 scite
1145 2332 1195 2363 rnn-

41 2376 103 2425 Cum
123 2375 191 2437 eden
213 2376 276 2424 dixit
295 2393 350 2425 noe.-
377 2376 444 2423 reiut
460 2375 602 2439 magistrum
635 2380 693 2425 tavit
711 2376 751 2437 Z.)
764 2375 914 2431 Terentium.
928 2391 959 2424 ne
970 2377 1078 2425 externi
1088 2378 1196 2429 moribus

42 2456 163 2490 excussus
180 2442 352 2504 obsequentem
372 2440 404 2497 ei,
415 2440 455 2488 cui
471 2452 552 2489 eustos
570 2441 603 2488 sit
634 2450 795 2504 spectatorem
809 2441 947 2489 Romanum
958 2441 1097 2490 offenderet.
1122 2444 1154 2491 D.

43 2506 126 2555 datus:
146 2515 172 2553 et
188 2505 244 2554 ideo
261 2505 355 2554 addidit
370 2509 443 2554 otiosi
471 2508 520 2553 Nos
537 2509 604 2553 otiosi
667 2508 706 2554 tt.
721 2508 768 2553 Nos
783 2504 902 2568 mirarier]
921 2506 1010 2555 Recte:
1029 2506 1117 2555 mirum
1130 2508 1196 2557 enim

42 2569 391 2633 manumittente]
411 2570 507 2625 Relatio
525 2570 556 2619 ad
572 2570 603 2617 il·
635 2569 661 2618 in
684 2570 879 2619 adolescentibus
902 2571 1030 2619 lacrumis:
1054 2582 1082 2620 ut
1102 2582 1196 2631 contre,

43 2634 91 2693 lud,
114 2635 180 2699 quod
202 2650 260 2683 mox
280 2635 350 2683 otiosi
372 2650 420 2682 non
442 2645 520 2683 erunt.
553 2638 604 2683 Nor
635 2636 726 2698 Georg.
747 2635 783 2683 iii.
805 2636 843 2686 67.
863 2638 980 2697 tristisque
997 2645 1106 2685 renerius.
1147 2640 1197 2686 Nos

42 2704 108 2748 niori
124 2716 214 2762 mane
231 2702 341 2748 &ianus
356 2698 486 2762 Piaedrr'ae]
504 2701 556 2747 Aut
571 2700 603 2749 sd
634 2699 753 2763 nnana]
766 2700 807 2757 Ut,
817 2700 874 2747 AEn.
887 2700 919 2747 iv.
931 2702 986 2748 421.
999 2704 1132 2750 edwinum
1139 2718 1204 2766 μμ·

42 2766 161 2829 pudorem
173 2765 279 2813 sumitur
295 2766 340 2813 hoc
373 2779 491 2816 ronomen
507 2764 534 2812 in
550 2764 602 2814 siu·
628 2768 692 2825 fidus
702 2768 743 2812 iile
756 2768 787 2813 Te
796 2768 874 2813 colere.
901 2766 931 2813 D.

42 2830 120 2893 gauri
137 2846 252 2878 numero:
276 2840 349 2877 oute
382 2829 541 2892 dignitatem:
559 2829 603 2878 sed
666 2832 706 2877 43.
719 2832 833 2892 lingonen
844 2832 901 2893 quid
911 2829 974 2893 siti]
984 2830 1050 2885 Quid
1062 2830 1194 2880 lacrumetz

42 2904 316 2959 potestsoe,etpropter
326 2893 492 2957 Antiphonem
502 2894 601 2943 dixisse.
634 2910 692 2952 non,
707 2899 765 2958 qnid
774 2898 806 2943 rit
818 2898 873 2956 ipre,
885 2904 912 2941 ut
922 2894 992 2943 stulti
1004 2905 1097 2959 putant.
1126 2899 1194 2945 Nun·

43 2962 165 3008 Nocots'oes'
172 2976 261 3021 operosa
266 2963 378 3007 Mimas
385 2957 512 3022 caedria]
525 2958 601 3024 Apol-
634 2976 701 3023 quam
713 2976 782 3023 reque,
795 2962 876 3022 inquit,
886 2976 914 3006 cc
924 2959 1000 3023 modo]
1014 2960 1079 3007 Mire
1089 2962 1196 3010 ostendit

42 3022 117 3073 lodor.
146 3025 277 3072 nunnus
300 3026 327 3071 te
348 3032 464 3082 omnm
485 3029 564 3082 neon
586 3026 602 3057 '
634 3040 731 3088 semper
747 3024 793 3072 sibi
810 3024 855 3072 boc
871 3024 958 3082 visum,
976 3026 1041 3088 quod
1056 3024 1131 3074 dicit:
1151 3026 1196 3074 sed
1268 3029 1270 3033 '

41 3088 383 3151 (Nopnnieevrepmovpeta,
395 3088 455 3137 Tan.
469 3088 527 3136 Feb.
553 3088 602 3136 Sed
634 3102 759 3151 uunquam
771 3104 847 3151 aeque.
871 3088 902 3137 D.

42 3154 120 3202 codici
138 3155 261 3217 Antuerp.
278 3169 293 3203 a
309 3152 385 3202 veteri
402 3168 476 3201 manu
492 3152 602 3217 adscrip-
666 3156 706 3201 44.
719 3155 848 3216 Paupertas
865 3156 921 3201 nitri
931 3170 986 3202 onus
996 3156 1068 3202 ninom
1079 3154 1127 3217 est]
1139 3156 1195 3205 Ste-

43 3228 95 3266 unu
117 3234 132 3267 e
155 3218 204 3267 Me.
230 3220 358 3267 Ἀναλκεις
380 3220 407 3266 δε
431 3234 603 3278 emonensem
634 3218 678 3265 tim
687 3218 1196 3283 titmentiopaupertetis‚utsitcauosisl·

42 3285 401 3343 ααρηςθεσυνπιμλομεθι
428 3283 600 3345 Βεςυβλναλ-
634 3282 702 3331 lsciae
712 3283 872 3331 Phormionis.
896 3283 1196 3347 D.-ApudPriscianum

42 3348 93 3396 seis
108 3349 134 3396 bl
150 3347 325 3408 menelrnper,
341 3347 448 3408 drupneit
464 3346 490 3395 dl
506 3364 601 3395 συνετι-
652 3348 743 3397 .1026.
756 3348 874 3396 etincod.
888 3350 915 3396 0.
928 3349 955 3396 C.
969 3360 1006 3397 est
1016 3352 1065 3397 visa
1075 3358 1125 3405 eet,-
1142 3365 1196 3414 que

42 3410 170 3472 μιλόμθα.
183 3412 232 3475 Ζ.).
251 3416 348 3474 operare
356 3415 466 3461 &boner
475 3410 602 3475 Piedi-te]
634 3362 707 3461 lectio
718 3412 842 3461 meliorem
855 3412 928 3461 efficit
939 3414 1153 3463 constructionem.
1165 3416 1195 3465 B.

45 3476 91 3525 lile
102 3477 192 3535 amice,
204 3493 249 3526 uos
259 3475 302 3525 illi.
327 3477 358 3526 D.
667 3479 706 3525 45.
725 3480 794 3526 Modo
805 3481 917 3541 quondam
929 3481 977 3527 etet
987 3478 1110 3543 virginem]
1128 3480 1196 3529 Beue

75 3542 114 3590 att
126 3544 155 3590 In
165 3560 209 3605 qno
224 3546 273 3591 lraee
289 3545 392 3590 discebat
401 3540 467 3604 ledo]
485 3540 601 3604 Figurate
633 3546 764 3604 quondan.-
787 3558 818 3590 ne
841 3544 872 3591 ob
894 3542 1082 3592 familiaritatem
1102 3544 1195 3593 laudari

44 3606 545 3668 lnqsoiaecdieceiotisdnestsdditum.
563 3609 601 3655 Es
633 3607 764 3655 videretur.
793 3608 862 3655 Modo
879 3610 992 3669 qnondam
1009 3611 1057 3655 cidi
1070 3610 1194 3674 uirginem]

43 3674 161 3720 odeum
171 3676 194 3721 ei
205 3670 265 3735 tono]
276 3674 309 3720 itt
321 3674 373 3728 loeo,
386 3671 476 3735 legitur
491 3682 517 3718 et
532 3673 601 3720 dieo.-
634 3672 699 3720 Vide
714 3672 749 3721 sic
764 3671 811 3735 agi,
823 3683 851 3719 ut
868 3686 916 3719 non
928 3681 978 3719 tam
990 3683 1068 3721 morte
1077 3674 1195 3733 mulieris,

44 3744 70 3782 et
85 3735 214 3785 adnoutur
232 3752 264 3785 ex
283 3736 417 3785 abundanti
436 3736 553 3794 additum,
573 3747 603 3784 ut
633 3752 705 3798 quam
718 3736 849 3785 solitudine
859 3736 967 3800 puiclrrae
978 3736 1070 3799 virgini
1098 3753 1196 3788 moves·

43 3800 108 3862 apud
125 3813 220 3850 veteres
239 3801 316 3849 mults
333 3809 397 3849 sunt.
431 3804 468 3849 Er
483 3804 602 3849 adwrnn
634 3811 675 3850 tur
690 3801 797 3849 affectus.
833 3800 910 3849 Simul
927 3800 1124 3861 sessonensi,
1141 3819 1196 3866 quor

41 3868 66 3911 er·
80 3868 126 3913 tem
154 3865 279 3928 Παρέλκον
294 3875 414 3928 quartum.
439 3866 542 3913 D.-ln'x
557 3868 601 3913 ed·
633 3876 751 3915 matrone
766 3866 854 3914 iutune
870 3864 947 3928 magis
958 3866 1112 3925 conveniant,
1123 3883 1196 3930 quem

42 3944 130 3977 meuse
153 3932 264 3979 Contrsi
296 3929 436 3979 umlocum.
455 3931 603 3993 E.-inqno
634 3946 688 3993 quse
699 3940 791 3977 temere
802 3930 907 3977 amanda
917 3930 956 3977 sit.
985 3930 1101 3979 Nimbic
1114 3932 1195 3981 obitus

43 3996 92 4041 iae
102 3995 215 4059 dimtct]
226 3997 265 4044 Ge
275 3994 322 4044 lius
333 3996 375 4043 vii.
388 3996 410 4046 t.
437 3994 555 4044 Priscian.
572 3996 600 4043 L.
634 3995 732 4043 femina²
759 3994 791 4042 sd
816 3994 936 4042 comicum
963 3994 1057 4042 exitum
1084 4006 1194 4059 spectet:

41 4061 114 4106 -Ee
123 4063 216 4109 mereo
227 4061 311 4109 Bemb.
322 4070 348 4109 et
359 4070 409 4109 tres
420 4075 434 4108 e
449 4059 539 4109 uostris
555 4060 599 4109 ba·
632 4058 827 4123 quandoquidem
839 4058 894 4123 plus
905 4074 937 4107 ex
949 4060 1001 4121 ejus
1012 4068 1090 4108 morte
1102 4062 1195 4111 securi-

42 4122 107 4170 bent.
140 4125 189 4173 Sed
199 4124 324 4188 vulgarem
335 4125 471 4182 lectionem,
483 4140 537 4187 quse
547 4124 601 4188 ipse
632 4124 696 4183 tatis,
704 4139 776 4186 quam
786 4123 910 4182 molestiis,
919 4124 1010 4173 sentiet
1017 4138 1195 4189 argumentum.

43 4188 108 4249 apud
117 4189 191 4239 Prisc
203 4206 227 4253 p
240 4190 310 4240 tout.
321 4189 435 4246 occurrit,
446 4189 601 4238 retinendum
633 4192 681 4238 Hie
697 4188 801 4253 steorte]
821 4188 971 4239 Adversum
990 4190 1016 4237 in
1032 4190 1086 4238 ioco
1103 4201 1147 4250 est,
1159 4196 1197 4242 bic

41 4266 175 4303 cenamus.
191 4254 304 4302 ctuett
316 4254 357 4303 rii.
370 4255 393 4305 7.
418 4256 446 4303 Β.
592 4307 594 4316 Ι
631 4257 739 4303 vicinio.-
755 4253 1021 4317 cujusudlocum‚nue
1032 4258 1127 4303 nervus
1163 4258 1198 4307 lte

75 4318 114 4365 89.
127 4320 248 4367 reunion
261 4319 325 4381 not]
347 4320 413 4381 Apta
427 4318 497 4367 sedes
507 4318 599 4367 otiosis.
633 4318 715 4367 stetim
732 4317 876 4384 proximitas
892 4318 1037 4379 insinuetur,
1050 4328 1078 4369 ut
1091 4322 1123 4369 sit
1139 4338 1196 4386 spes

46 4382 167 4432 Tonsuinn
175 4392 227 4431 erat
237 4382 352 4447 quadan]
366 4382 491 4511 uranos
501 4384 601 4432 tertium
633 4383 859 4433 etcaumideudi.
884 4384 915 4433 D.

41 4449 151 4507 qudem.
185 4450 232 4497 ure
249 4450 373 4498 wimer
400 4466 439 4499 ere
455 4448 600 4513 plerunque]
665 4450 704 4498 46.
725 4446 848 4512 Miserunt]
868 4449 907 4499 Ab
926 4450 1030 4500 effectur
1055 4458 1081 4499 et
1100 4450 1195 4501 subdis·
