2834 4759
232 162 293 227 128
659 158 959 225 PROLOGUS

314 296 355 361 In
368 295 420 360 his
435 307 534 381 poeta
547 294 602 361 hic
617 318 734 361 nomen
750 294 926 380 profitetur
942 316 1047 359 suum.

314 397 402 462 Tum
416 398 444 461 si
458 399 530 483 quis
546 409 608 475 est,
625 399 681 482 qui
696 398 821 461 dictum
834 396 867 459 in
884 418 919 459 se
935 394 1157 460 inclementius

284 506 298 551 ⁵
317 495 526 559 Existimavit
540 518 632 574 esse3
656 497 703 561 sic
718 495 892 571 existimet,

311 592 537 679 Responsum,
552 616 618 658 non
633 595 758 658 dictum
772 614 857 668 esse,
874 590 951 675 quia
965 588 1048 655 loesit
1063 591 1165 675 prius,

312 691 382 765 Qui
395 692 479 755 bene
494 691 663 769 vertendo,
679 702 713 756 et
728 690 859 756 easdem
875 692 1048 757 scribendo
1062 690 1156 769 male,

313 788 370 852 Ex
385 787 513 853 Graecis
529 789 622 853 bonis
639 789 776 853 Latinas
792 788 869 854 fecit
884 812 950 853 non
964 790 1086 855 bones:

312 885 405 951 Idem
420 885 596 950 Menandri
612 886 755 951 Phasma
769 908 856 952 nunc
869 908 975 972 nuper
989 886 1092 951 dedit.

260 1046 282 1092 3.
295 1046 440 1107 labicpaeta
449 1041 791 1107 temptaturumque]
858 1043 880 1095 7.
901 1046 948 1097 Qut
964 1046 1018 1093 bene
1030 1040 1149 1106 acrtcrscla]
1167 1044 1237 1101 Besa,
1255 1058 1302 1107 pro
1314 1043 1386 1093 valde.

226 1109 289 1157 Cum
301 1108 404 1157 dixisset
413 1113 540 1184 quisquam,
551 1110 636 1158 intulit
646 1113 671 1157 in
681 1112 725 1158 bis.
750 1109 791 1167 Et,
824 1111 858 1157 m
869 1112 982 1167 vertendo,
994 1108 1021 1156 in
1038 1108 1147 1171 linguam
1160 1108 1275 1156 Latinam
1288 1109 1386 1156 maie-

227 1171 431 1236 (lege‚st,)alibr,
444 1174 790 1236 Cujummmaeimcestcon·
824 1171 907 1221 rendo.
953 1172 1062 1231 Plautus,
1093 1174 1170 1221 Vertit
1196 1175 1295 1221 barbare
1319 1173 1386 1235 (lege,

226 1240 308 1285 anilis
318 1240 719 1301 cestrumbs'readaotnpplieaat.
743 1239 774 1285 D.
824 1239 941 1285 Plautus:
965 1240 1064 1285 Plautus
1086 1240 1155 1285 vortit
1178 1239 1285 1285 barbare.
1322 1236 1385 1284 Trin.

258 1304 282 1349 4.
303 1303 360 1350 Tuas
375 1306 397 1350 εἰ
412 1301 476 1365 qaia]
495 1303 563 1351 Bene
578 1305 680 1366 siquis:
697 1302 791 1351 cumL.
826 1301 891 1349 Ptol.
912 1300 970 1363 19.).
1000 1302 1052 1349 Aut
1070 1304 1183 1359 vertendo,
1202 1301 1386 1365 cormmpendo.

227 1365 358 1415 Lavinium
378 1366 506 1430 significet,
525 1366 612 1416 nevel
631 1366 711 1431 ipsum
734 1381 793 1415 ase
826 1366 956 1414 D.-Bcne
967 1374 1054 1414 vertcrc
1062 1374 1100 1413 est
1108 1365 1214 1413 fideliter
1223 1376 1326 1421 vertere,
1334 1380 1384 1413 ver·

225 1430 311 1480 lesum
331 1431 455 1480 fateretur.
479 1432 514 1479 Et
527 1433 591 1489 Tam,
607 1441 739 1495 pratereac
757 1439 792 1489 ut,
826 1431 883 1479 bum
904 1431 978 1479 verbo
995 1429 1097 1479 reddere
1114 1444 1129 1478 e
1146 1431 1246 1485 Graem
1268 1429 1385 1493 idipsum

227 1495 296 1559 Virg.
308 1495 362 1543 Ecl.
375 1495 406 1544 vi.
419 1497 458 1544 61.
478 1497 535 1543 Tum
551 1500 615 1544 cauit
630 1498 791 1557 Hesperidum.
825 1510 890 1553 vero,
903 1496 935 1543 ob
947 1494 1072 1557 utriusque
1088 1494 1209 1543 sermonis
1221 1494 1385 1543 diversitatem

226 1560 399 1623 Imkmentius]
413 1560 631 1615 Proiaeienenter,·
647 1560 750 1617 utAEu.
758 1560 790 1608 ri.
824 1561 1143 1608 estmalescriberebatiae.
1177 1558 1264 1607 Talem
1275 1559 1347 1607 anxie
1358 1560 1384 1605 fi·

227 1626 283 1673 sos
308 1627 362 1673 Jasa
377 1628 459 1682 senior,
470 1627 511 1673 aed
526 1628 599 1673 auda
614 1628 792 1687 deomdisqac
823 1623 883 1673 dum
905 1623 1065 1687 interpretem
1083 1632 1168 1687 egerat
1186 1623 1308 1673 Lavinius
1327 1624 1384 1671 Lus·

226 1696 335 1737 asncetrs.
364 1688 604 1752 D.-Iaclemeatias]
635 1688 666 1737 ld
686 1698 731 1746 est,
751 1690 790 1737 in·
824 1688 884 1737 cius.
910 1689 939 1736 B.

224 1753 322 1814 justiam,
335 1752 452 1801 acerbius
480 1753 790 1802 E.—Dietams'ascinele·
857 1756 879 1801 8.
904 1755 942 1801 Er
964 1755 1052 1803 Gracia
1073 1750 1149 1815 bonis]
1174 1750 1279 1800 Hieron.
1304 1752 1329 1799 in
1346 1750 1383 1799 lib

226 1815 338 1880 mtim]
361 1817 402 1865 ste
414 1817 516 1866 Plautus
532 1818 625 1882 passim
640 1820 791 1866 Iaclementer
824 1817 926 1881 Didymi
938 1817 968 1865 de
979 1818 1002 1865 S.
1011 1818 1035 1865 S.
1064 1819 1137 1865 Juxta
1150 1820 1234 1865 Corsici
1244 1820 1384 1871 micatus,

227 1884 295 1944 ioqui.
313 1880 642 1942 Greciattuatasatyew.
666 1882 715 1930 Dio
728 1883 790 1930 Pru·
824 1884 1021 1929 esGraeeiabonit
1030 1883 1302 1929 Latiaaaidiaoabona.
1328 1882 1385 1927 L.-

227 1961 291 1993 sseus
305 1945 359 2008 sepi
375 1945 507 2001 βασιλείας.
532 1946 633 1995 Plautus
650 1946 789 1995 inBachiel.
825 1946 891 1995 Illud
902 1949 940 1994 Es
952 1945 1027 2009 priori
1039 1960 1135 2009 appone
1147 1945 1236 1993 versui.
1262 1946 1291 1993 B.

228 2026 257 2058 ae
267 2018 336 2058 reete.
364 2010 392 2058 1.
856 2012 879 2059 9.
901 2013 965 2058 ldem
983 2012 1107 2058 Menandri
1124 2012 1224 2058 Phasma
1240 2027 1303 2058 susc
1318 2026 1384 2070 nuper

260 2076 283 2121 5.
294 2073 430 2138 brunner]
444 2076 492 2123 Pro
502 2079 643 2124 esiatimacit
651 2075 791 2137 (Bentleius
823 2073 901 2138 dedit]
912 2074 945 2121 'rb
957 2076 1015 2123 αὐτὸ
1026 2074 1156 2137 (Erasmus
1162 2074 1280 2133 restituit,
1290 2074 1384 2134 drapan-

226 2138 328 2202 corrigit
344 2143 498 2194 existimarit,-
515 2140 559 2188 sed
574 2140 694 2188 western.
712 2144 791 2188 caiati-
824 2138 882 2200 κῶς)
906 2148 1009 2203 apparet
1030 2138 1227 2202 pronunciatum,
1250 2138 1321 2201 quasi
1343 2138 1383 2184 boc

227 2206 299 2251 arabit
316 2203 356 2265 Z.)
385 2204 539 2253 D.—Plures
561 2220 575 2252 e
594 2204 684 2252 nostris
699 2204 791 2252 habent
823 2202 878 2267 ipso
895 2203 1049 2251 admonuerit
1064 2212 1234 2265 spectatorem,
1246 2218 1320 2265 quam
1336 2212 1382 2249 tur-

227 2271 383 2322 caiatimaoit‚·
408 2284 473 2316 unus
494 2271 642 2317 existimabit
678 2268 713 2316 Et
731 2284 791 2317 sane
841 2266 888 2317 iter
904 2278 929 2315 et
945 2267 1058 2332 imperite
1075 2268 1127 2315 lrtac
1143 2266 1225 2315 sabula
1240 2267 1333 2331 scripta
1348 2265 1383 2313 sit.

227 2348 313 2381 sensus
323 2332 431 2396 postulat
442 2332 564 2381 futurum:
579 2332 633 2396 lege
644 2336 790 2391 existimarit,
823 2284 858 2380 Et
880 2333 949 2389 bene,
972 2348 1031 2380 nunc
1049 2348 1138 2393 asper.-
1161 2339 1189 2379 ut
1211 2346 1243 2379 ex
1262 2329 1383 2380 vicinitate

227 2397 367 2445 obversum
381 2398 401 2445 l.
436 2396 465 2444 B.
823 2396 880 2445 faeti
897 2396 1011 2444 ostendat
1026 2395 1087 2444 nihil
1100 2410 1153 2444 ease
1165 2395 1304 2454 dicendum,
1315 2408 1383 2457 quarn

260 2461 283 2509 6.
300 2464 446 2523 Responsum,
462 2478 506 2509 aaa
525 2464 611 2509 dietum
630 2459 690 2524 este]
715 2462 792 2510 Deest
824 2460 977 2525 displicuerit
1000 2461 1052 2509 lateo
1080 2459 1200 2509 comedia
1222 2460 1251 2508 L.
1276 2458 1382 2508 Lauinii:

227 2528 257 2582 ιε’,
271 2534 299 2573 ut
314 2525 341 2574 in
356 2525 511 2583 Phormione,
526 2529 548 2573 si
564 2529 617 2588 qais
632 2530 689 2588 qaid
705 2529 791 2582 reddit,
823 2534 954 2590 propterea
970 2526 1034 2588 quod
1050 2539 1091 2573 res
1108 2539 1192 2573 reeens
1208 2525 1247 2583 sit,
1262 2535 1288 2574 ct
1304 2538 1382 2571 omues

228 2593 560 2652 aagmbabeadcestgratia
578 2589 790 2653 detetamease]
824 2589 990 2639 meminerint.
1029 2592 1130 2638 Phasma
1146 2598 1227 2638 summ
1244 2604 1334 2637 nomen
1350 2596 1383 2635 est

228 2654 347 2718 Superius
366 2658 459 2712 dutum,
481 2654 638 2719 participium
655 2663 706 2703 est:
728 2654 791 2703 inie-
823 2654 911 2703 fabulae
925 2653 1071 2703 Menandri:
1090 2653 1117 2702 in
1129 2668 1176 2729 qua
1185 2668 1292 2702 noverea
1302 2666 1381 2716 super-

227 2718 286 2777 rius‚
299 2734 395 2767 nomen.
422 2721 445 2768 Α
457 2734 506 2782 quo
518 2719 592 2767 etiam
603 2719 792 2768 dicamdicun-
825 2718 899 2767 dueta
909 2718 1065 2776 adolescenti,
1083 2720 1211 2781 virginem.
1223 2734 1297 2781 quam
1309 2732 1338 2765 ex
1348 2715 1380 2763 ri·

230 2792 277 2842 tur,
289 2783 330 2845 qui
345 2783 436 2846 jocosis
454 2783 544 2832 salibus
562 2782 718 2832 maledicunt.
744 2786 791 2833 lta-
825 2782 880 2831 cino
892 2784 996 2846 quodam
1007 2792 1160 2847 conceperat,
1172 2782 1257 2831 turrim
1269 2783 1381 2834 eductam

227 2862 339 2908 semesa,
355 2865 399 2896 aaa
413 2852 501 2896 dmum
517 2846 577 2910 esec]
596 2847 688 2911 Figura
703 2848 791 2907 πλοκῇ.
824 2863 880 2896 cum
902 2848 1005 2897 haberet
1026 2848 1051 2895 in
1074 2847 1174 2896 latebris
1196 2862 1210 2895 a
1229 2846 1262 2895 ud
1282 2846 1381 2895 vicinum

229 2912 295 2960 Nam
308 2914 394 2960 dictust
411 2913 484 2961 modo
499 2913 537 2961 bis
556 2928 659 2962 numero
675 2913 791 2989 positum,
824 2910 971 2975 proximum,
980 2912 1026 2960 hoc
1038 2912 1110 2961 modo
1120 2927 1203 2961 aecum
1243 2909 1379 2960 bebatassi-

227 2976 792 3091 :reuerterentur
824 2974 1382 3096 texturarum.rerer

227 3107 309 3153 baran
326 3122 403 3154 rerum
419 3110 528 3163 emacuit,
546 3122 596 3169 qua
613 3058 748 3155 &dicta
767 3110 792 3155 t'n
824 3105 937 3169 perfodit,
947 3106 1008 3155 utin
1020 3106 1075 3169 ipao
1086 3104 1191 3155 mentitu
1200 3120 1298 3154 marum
1308 3105 1380 3152 lorum

226 3173 330 3218 stultam.
359 3171 791 3232 D.-Respoasaas,aoadictumesae,
825 3184 878 3219 esse
901 3170 1034 3219 simularet.
1067 3171 1180 3233 Cumque
1200 3170 1329 3219 tramitum
1347 3168 1381 3214 in·

227 3237 282 3296 quia
303 3237 363 3282 lesit
379 3233 457 3297 prior]
476 3236 516 3283 Ne
535 3234 647 3283 videatur
665 3234 794 3299 (ridentur
825 3235 938 3283 tenderet
951 3234 1093 3296 (obtenderet
1110 3235 1150 3295 Z.)
1167 3235 1240 3283 sertis
1257 3250 1287 3283 ae
1303 3232 1382 3281 fronde

227 3298 271 3358 Z.)
286 3298 417 3347 Terentius
432 3299 567 3362 improbam
582 3299 699 3349 continuo
717 3300 792 3348 male·
825 3298 898 3357 telier,
910 3314 962 3347 rem
971 3299 1079 3348 divinam
1091 3314 1156 3362 sepe
1165 3298 1264 3358 iaciens,
1274 3297 1382 3347 evocabat

227 3360 278 3410 dici
288 3362 382 3410 subisse
392 3378 528 3426 personam,
536 3363 601 3426 quod
609 3364 676 3428 prior
685 3364 792 3422 laederet,
825 3362 856 3411 ad
872 3378 899 3411 se
913 3362 1039 3427 virginem.
1073 3364 1146 3419 Quod
1162 3378 1217 3412 cum
1234 3363 1381 3411 animadver-

226 3425 459 3491 dixitrespondisse
468 3428 614 3492 potiuanon
622 3428 791 3477 maledixisse:
825 3426 1383 3492 tissetadolescens,primumuspectupulchre

227 3490 274 3538 hoc
282 3490 347 3539 enim
357 3492 466 3555 estquod
474 3492 582 3556 positum
592 3502 637 3549 est,
645 3510 688 3540 aaa
697 3496 791 3541 dictum
825 3492 935 3555 virginis,
956 3492 1024 3540 velut
1045 3491 1154 3541 numinis
1176 3492 1231 3541 visu
1252 3491 1380 3556 perculsus.

227 3558 323 3604 mium
338 3556 405 3605 enim
416 3557 503 3604 Cicero
513 3557 544 3604 de
555 3558 659 3605 Oratore
674 3556 790 3605 maledic·
825 3556 965 3605 exhorruit:
984 3556 1049 3604 unde
1057 3559 1159 3605 Pbaaara
1170 3566 1207 3605 est
1218 3571 1307 3605 nomen
1318 3554 1380 3602 iubu-

227 3630 279 3669 tum
287 3620 418 3684 ponithoc
429 3630 473 3679 est,
482 3621 635 3677 maledicere,
644 3623 708 3669 dieta
716 3626 792 3670 dicere
824 3620 867 3675 loe3
892 3620 981 3670 deinde
996 3621 1115 3685 paulatim
1131 3636 1158 3669 re
1175 3621 1280 3684 cognita,
1297 3616 1382 3668 exarsit

228 3684 402 3745 (omittendum
429 3700 518 3734 censeo
545 3688 686 3734 maledicere.
719 3686 792 3735 Forte
824 3685 851 3733 in
859 3684 1074 3749 amorempuclle:
1092 3685 1162 3733 itaut
1170 3684 1305 3734 remedium
1314 3690 1381 3731 tante

228 3750 294 3797 enim
307 3750 418 3813 respexit
432 3750 512 3799 locum
525 3750 576 3798 Cic.
588 3750 619 3797 de
631 3752 699 3798 Orat.
712 3750 738 3798 ii.
751 3751 790 3799 60.
823 3749 972 3813 cupiditatis,
985 3749 1033 3797 nisi
1044 3764 1076 3797 ex
1091 3748 1193 3813 nuptiis,
1206 3764 1254 3798 non
1267 3747 1380 3825 reperire·

227 3816 458 3878 Numidamque
466 3814 790 3877 mmtdictumatctme-
824 3822 871 3862 tur.
907 3814 1126 3862 ltaexcommodo
1143 3810 1381 3875 mauisacnrgr'nia.

226 3896 287 3928 cessa
302 3883 425 3928 babemus
435 3878 536 3943 dicere).
564 3878 679 3941 Sequitur
693 3888 791 3927 contro-
824 3888 893 3926 etex
906 3887 962 3925 voto
978 3878 1102 3934 amatoris,
1118 3892 1287 3941 consensuque
1303 3874 1380 3941 patrie

226 3944 307 3992 versia
317 3944 379 4008 ipsa,
394 3954 419 3991 et
433 3943 596 3992 criminatioa
612 3952 681 4007 parte
692 3958 791 3992 accusa·
825 3942 966 4007 nuptiarum
983 3942 1147 3991 celebratione
1163 3943 1238 3991 finem
1251 3941 1339 4006 accipit
1349 3938 1381 3985 is·

227 4008 299 4056 toris:
320 4012 366 4061 Ου’
382 4012 436 4057 bene
453 4011 560 4057 serundo
569 4016 593 4056 st
603 4010 693 4056 easdem
704 4010 790 4056 dcccm-
823 4008 888 4055 bule.
918 4007 1007 4055 Utrum
1018 4022 1077 4070 ergo
1087 4008 1133 4055 hoc
1142 4007 1215 4063 dieat,
1228 4007 1299 4069 quod,
1311 4014 1380 4055 totam

227 4071 380 4136 messab]
400 4074 468 4121 Bene
480 4073 554 4121 vertit
564 4072 595 4120 de
606 4073 693 4120 Greeo
703 4073 730 4119 in
744 4072 790 4120 La·
824 4072 930 4120 fabulam
953 4070 1128 4129 transferendo,
1150 4070 1240 4119 leserit
1265 4072 1293 4119 I..
1313 4066 1379 4118 Lavi·

226 4134 320 4185 tinum:
337 4138 401 4186 male
418 4138 511 4194 scribit,
523 4138 586 4185 male
602 4136 677 4184 verba
691 4151 791 4201 compo·
824 4136 894 4184 nius:
912 4150 944 4184 un
956 4136 1002 4184 hoc
1012 4146 1115 4193 tantum,
1127 4136 1158 4184 de
1166 4150 1214 4198 quo
1225 4133 1380 4198 reprehendat

226 4198 270 4247 nit.
303 4200 454 4251 E.·-Nostri
473 4202 530 4250 libri
547 4202 638 4250 babent
651 4203 726 4263 prisc,
748 4202 791 4250 aed
825 4199 887 4262 (Me.
907 4200 989 4249 Hulst.
1007 4200 1101 4248 Boend.
1118 4210 1145 4248 et
1160 4200 1197 4248 ed.
1216 4200 1303 4247 Vener.
1317 4197 1379 4245 1490.

222 4267 296 4325 prior,
304 4266 369 4327 quod
377 4266 403 4315 in
415 4266 541 4323 Bembina,
552 4266 678 4323 Vaticano,
689 4274 714 4314 et
725 4266 790 4329 apud
823 4282 851 4313 ac
872 4282 916 4313 aon
938 4268 986 4321 boc,
1009 4268 1037 4313 dc
1057 4282 1101 4327 qao
1122 4273 1210 4313 tantam
1230 4264 1378 4325 reprebendat-

225 4327 394 4392 Eupraplrium
406 4332 535 4395 reperitur,
549 4332 645 4379 Faemo
656 4340 789 4394 reetepro-
825 4330 898 4377 Forte
914 4330 994 4379 locum
1014 4340 1155 4393 corruptum
1176 4328 1211 4377 sic
1233 4325 1378 4377 restitueris:

224 4394 302 4442 batur.
330 4393 359 4441 B.
823 4398 1004 4442 retractantem
1016 4398 1094 4447 dicat,¹
1114 4410 1156 4442 non
1172 4392 1376 4455 quorepnaentat
