2834 4759
259 214 312 273 xiv
640 207 878 270 TERENTII
907 208 1034 270 VITA.

260 341 455 408 accumberet,
471 357 601 397 crenasse
615 358 690 409 nna:
713 338 818 397 deinde
831 350 939 399 cratera
951 337 1141 417 percurrisse,
1154 358 1215 399 non
1228 338 1289 399 sine
1300 358 1394 417 magna

260 420 350 480 caerii
363 420 563 479 admiratione.
596 418 636 478 Et
648 418 724 478 hanc
738 433 845 486 autem,
860 433 890 478 et
903 420 1032 498 quinque
1046 419 1175 498 reliquas
1187 420 1336 499 :equaliter
1347 440 1392 497 po·

259 502 331 581 pulo
342 501 494 579 probavit:
515 500 648 578 quamvis
661 499 813 559 Volcatius
825 500 861 559 de
872 502 1089 560 enumeratione
1099 501 1229 560 omnium
1239 502 1279 560 ita
1288 502 1392 569 scribat,

261 583 390 643 Sumatur
403 582 520 659 Hecyra
533 590 613 639 reeta
627 600 661 639 es
675 580 720 639 liis
728 580 848 657 sabula.

301 663 462 721 Eunuchus
482 660 600 738 quidem
621 662 667 720 bis
687 662 735 719 die
754 674 821 719 acta
838 672 903 732 est3
932 662 1096 739 meruitque
1113 663 1394 741 pretium,quantu1n

259 744 339 803 nulla
351 758 437 801 antea
447 740 618 820 cujusquam
629 740 783 810 comoedia,
792 741 823 799 id
831 753 885 807 est,
896 756 963 801 octo
974 742 1065 801 millia
1072 763 1237 813 nummum:
1252 756 1394 822 propterea

260 844 374 882 summa
382 842 500 901 quoque
512 820 614 883 'titulo
625 822 810 881 adscribitur.
833 822 909 883 Nam
920 822 1121 901 Adelphorum
1130 824 1303 903 principium
1311 822 1395 881 Varro

260 906 347 963 etiam
369 904 490 983 praefert
509 904 653 981 principio
675 902 840 962 Menandri.
883 902 950 962 Non
970 907 1095 964 obscura
1112 904 1190 963 mma
1203 918 1259 972 est,
1273 903 1395 981 adjutam

260 984 431 1044 Terentium
452 985 481 1043 in
504 984 619 1061 scriptis
644 1005 661 1042 a
683 982 777 1043 Laelio
802 996 833 1041 ct
859 984 1004 1062 Scipione,
1030 985 1205 1062 quibuscum
1230 985 1395 1044 familiariter

260 1066 346 1125 vixit.
383 1064 513 1125 Eandem
528 1065 590 1142 ipse
604 1065 696 1126 auxit.
733 1063 891 1141 Nunquam
910 1066 995 1134 etaim,
1010 1066 1066 1128 nisi
1079 1066 1193 1136 leviter,
1209 1087 1241 1125 se
1254 1066 1340 1124 tutari
1353 1085 1394 1122 co·

260 1160 356 1217 natur,
372 1160 405 1206 ut
418 1147 448 1205 in
463 1144 586 1224 prologo
602 1144 823 1223 Adelphorum:

470 1238 541 1292 Nam
554 1238 626 1308 quod
639 1238 683 1291 isti
696 1238 790 1293 dicunt
801 1238 937 1303 malevoli,
949 1239 1073 1293 homines
1084 1238 1189 1295 nobiles

469 1308 551 1363 Hune
564 1308 693 1391 adjutare,
707 1308 865 1379 assidueque
876 1328 931 1363 una
942 1310 1072 1365 scribere:

470 1378 552 1445 Quod
565 1380 603 1433 ill:
615 1378 786 1435 maledictum
798 1380 942 1434 vehemens
954 1382 1115 1446 existimant,

469 1450 536 1503 Eam
549 1449 654 1503 laudem
667 1449 712 1503 hic
724 1450 799 1504 ducit
809 1450 969 1506 maximam:
989 1468 1052 1505 cum
1063 1450 1117 1506 illis
1128 1452 1225 1522 placet,

469 1519 524 1585 Qui
537 1521 613 1574 vobis
627 1520 767 1585 universis,
782 1528 808 1573 et
820 1522 921 1591 populo
934 1522 1055 1591 placent:

470 1588 594 1655 Quorum
607 1608 687 1661 opera
698 1594 727 1645 iu
739 1590 820 1655 bello,
833 1592 861 1645 in
874 1592 940 1657 otio,
954 1592 982 1649 in
994 1591 1115 1663 negotio,

469 1660 525 1715 Suo
538 1662 650 1732 quisque
662 1670 783 1731 tempore
795 1679 859 1715 usus
872 1670 912 1715 est
925 1663 982 1715 sina
994 1662 1126 1733 superbia.

300 1748 426 1809 Videtur
444 1766 541 1809 autem
562 1770 593 1809 se
615 1750 708 1809 levius
730 1750 902 1819 defendisse,
918 1751 987 1828 quia
1004 1750 1115 1810 sciebat
1131 1750 1224 1811 Laelio
1238 1764 1268 1809 et
1280 1746 1395 1829 Scipioni

259 1850 319 1891 non
342 1832 483 1909 ingratam
504 1852 568 1889 esse
590 1831 663 1889 hanc
680 1831 869 1909 opinionem;
905 1851 972 1909 quae
994 1845 1091 1891 tamen
1112 1832 1205 1909 magis
1219 1846 1250 1890 et
1264 1828 1396 1908 usquead

259 1913 421 1991 posteriora
436 1925 567 1989 tempora
581 1911 683 1970 valuit.
787 1946 792 1961 ·

301 1990 340 2057 Q.
358 1990 516 2051 Memmius
531 1993 560 2049 in
575 1994 705 2051 oratione
719 2012 774 2070 pro
787 2013 818 2050 se
831 1992 889 2051 ait:
911 1992 984 2051 Pub.
999 1992 1166 2071 Africanus,
1181 1992 1229 2073 qui
1243 2013 1262 2050 o
1280 1990 1397 2053 Terentio

257 2092 406 2153 perronam
420 2082 569 2141 muluatus,
582 2094 648 2153 qua:
661 2070 734 2133 domi
748 2072 853 2133 luserat
866 2073 934 2152 ipre,
948 2074 1056 2131 nornine
1069 2074 1148 2131 illius
1162 2073 1191 2131 in
1206 2094 1316 2131 scenam
1327 2072 1397 2131 detu-

260 2152 303 2213 lit.
347 2152 449 2231 Nepos
469 2166 587 2213 auctore
609 2168 689 2213 certo
710 2154 886 2231 comperisse
906 2174 938 2213 se
959 2154 1008 2223 ait,
1026 2152 1060 2213 C.
1076 2152 1201 2213 Laelium
1217 2154 1360 2232 quondam
1372 2153 1397 2211 in

256 2232 422 2303 ,Puteolano
438 2232 521 2296 ⁸Kal.
540 2234 656 2293 Martiis
670 2234 849 2293 admonitum
863 2237 901 2295 ab
919 2255 1022 2304 uxore,
1044 2249 1103 2293 tem
1124 2236 1205 2295 orius
1225 2248 1260 2293 nt
1280 2234 1397 2295 discum·

259 2317 352 2379 beret,
368 2315 487 2394 petiisse
501 2318 537 2375 ab
552 2330 590 2375 ea'
600 2335 635 2373 ne
655 2314 908 2393 interpellaretur:
929 2316 1022 2376 serius
1044 2256 1160 2376 tandisrn
1176 2316 1339 2393 ingressum
1354 2313 1396 2371 tri·

259 2396 378 2455 clinium
392 2396 511 2467 dixisse,
526 2416 585 2455 non
600 2416 679 2474 saepe
690 2396 718 2453 in
733 2396 887 2455 scribendo
905 2397 998 2475 magis
1016 2397 1192 2456 successisse
1206 2396 1282 2456 sibi:
1304 2393 1396 2455 deinde

258 2489 394 2555 rogatum
417 2490 449 2535 ut
471 2477 580 2556 scripta
603 2476 652 2535 illa
675 2477 829 2554 proferret,
854 2477 1063 2555 pronunciasse
1086 2497 1189 2536 versus
1213 2477 1264 2556 qui
1288 2475 1397 2537 suntin

259 2556 593 2628 Heautontimorumeno
605 2578 612 2615 :

434 2650 504 2705 Satis
517 2654 563 2722 pol
575 2658 699 2722 proterve
711 2668 755 2705 me
766 2648 828 2722 Syri
839 2651 971 2721 promissa
981 2650 1036 2705 huc
1047 2650 1221 2707 induxerunt.

299 2740 408 2799 Santra
418 2738 590 2799 Terentium
606 2740 764 2809 existimat,
779 2740 907 2799 simodo
921 2741 950 2797 in
964 2740 1120 2799 scribendo
1134 2740 1319 2818 adjutoribus
1331 2736 1398 2796 indi·

258 2822 364 2897 guerit,
379 2840 437 2879 non
452 2834 510 2878 tam
526 2820 662 2899 Scipione
676 2834 705 2877 et
720 2818 813 2878 Laelio
830 2821 872 2878 uti
894 2821 1033 2899 potuisse,
1048 2822 1098 2899 qni
1112 2835 1182 2879 tunc
1198 2816 1398 2880 adolescentuli

259 2902 359 2959 fuere:
382 2922 468 2978 quam
491 2900 526 2959 C.
548 2901 674 2978 Sulpitio
692 2898 780 2959 Gallo
804 2900 919 2959 bomine
941 2902 1039 2970 docto,
1063 2900 1110 2959 'et
1134 2902 1184 2979 qni
1205 2900 1398 2960 consularibus

258 2980 336 3041 ludis
351 2982 465 3041 initium
486 2982 589 3040 fecerit
609 2980 771 3040 fabularum
793 2981 973 3040 dandarum:
997 2982 1043 3040 vel
1058 2980 1098 3049 Q.
1115 2981 1206 3041 Fabio
1219 2981 1361 3049 Labeone,
1374 2991 1399 3035 et

259 3060 304 3119 M.
320 3060 443 3139 Popilio,
459 3062 604 3121 consulari
618 3076 752 3138 utroque,
767 3082 801 3120 ac
815 3074 910 3140 poeta.
953 3062 1025 3122 ideo
1040 3062 1134 3141 ipsum
1149 3084 1206 3123 non
1216 3062 1341 3143 juvenes
1354 3060 1398 3117 de·

258 3142 398 3220 signasse,
414 3142 464 3219 qui
478 3162 509 3200 se
523 3142 671 3220 adjuvisse
685 3142 866 3201 dicerentur:
882 3142 934 3201 sed
949 3144 1036 3212 viros,
1052 3164 1177 3221 quorum
1191 3164 1319 3221 operam,
1334 3154 1361 3199 et
1374 3139 1399 3196 in

257 3222 345 3289 bello,
361 3236 390 3281 et
405 3223 433 3281 in
447 3224 517 3293 otio,
533 3238 562 3281 et
577 3224 605 3281 in
620 3224 739 3300 negotio
757 3223 883 3301 populus
901 3225 941 3283 sit
958 3238 1110 3302 expertus.
1153 3224 1225 3283 Post
1242 3223 1335 3283 editas
1356 3240 1398 3278 co·

257 3302 382 3363 moedias
403 3304 532 3362 nondum
554 3304 688 3382 quintum
711 3317 799 3381 atque
818 3304 1000 3382 trigesimum
1024 3325 1161 3383 egressus
1181 3325 1298 3375 annum,
1321 3320 1399 3362 causa

257 3383 404 3443 evitandae
419 3384 572 3462 opinionis,
588 3386 656 3461 quia
670 3384 825 3444 videbatur
845 3385 938 3443 aliena
957 3406 1012 3463 pro
1033 3386 1094 3443 suis
1115 3386 1218 3444 edere:
1241 3406 1294 3443 seu
1314 3381 1398 3462 perci·

254 3465 356 3542 piendi
381 3464 555 3525 Graecorum
582 3466 715 3524 instituta
740 3486 904 3543 moresque,
930 3486 1004 3543 quos
1028 3467 1150 3544 perinde
1172 3466 1350 3545 exprimeret
1373 3462 1399 3518 in

256 3545 382 3623 scriptis,
402 3566 536 3625 egressus
562 3548 665 3605 urbem
686 3561 741 3616 est,
765 3566 861 3625 neque
880 3548 1005 3626 amplius
1022 3546 1119 3607 rediit.
1162 3547 1209 3606 De
1229 3559 1325 3607 morte
1343 3543 1398 3621 ejas

257 3624 409 3686 Volcatius
423 3625 530 3686 tradit:

467 3719 519 3774 Sed
532 3730 563 3775 ut
576 3721 642 3774 Afer
653 3738 700 3774 sex
712 3722 814 3791 populo
825 3720 900 3777 dedit
911 3722 1065 3787 comoedias,

465 3790 521 3845 Iter
532 3791 595 3845 binc
608 3794 636 3845 in
649 3792 741 3845 Asiam
755 3793 837 3847 fecit:
859 3793 966 3846 ¹navirn
978 3811 1040 3847 cum
1053 3794 1137 3848 semel

465 3860 640 3927 Conscendit,
654 3862 729 3916 visus
740 3880 880 3934 nunqnam
892 3872 949 3917 eat:
970 3864 1009 3917 sic
1020 3864 1077 3917 vita
1087 3872 1174 3918 vacat.

294 3950 351 4017 Ὦ.
364 3950 526 4011 Cosconius
539 3951 710 4011 redeuntem
724 3974 742 4011 a
756 3952 874 4038 Graecia
890 3952 1011 4031 periisse
1030 3954 1059 4011 in
1081 3954 1153 4012 mari
1173 3951 1245 4011 dicit
1258 3970 1324 4011 cum
1338 3966 1398 4007 cen·

248 4160 250 4167 ¹
286 4136 403 4193 'Titulus
421 4136 444 4184 h.
462 4136 477 4184 l.
497 4136 659 4185 Didascaliam
683 4136 812 4201 significat.
846 4140 924 4186 ludis:
941 4137 983 4186 sed
997 4138 1076 4186 Faber
1086 4138 1139 4186 vult
1150 4137 1198 4196 legi
1211 4139 1347 4186 &restam
1364 4132 1388 4179 Z·

247 4200 814 4329 'E‘iir'ailliliillii'dliiiillnllss'.
846 4203 1058 4315 :illim
1067 4202 1146 4266 'ml
1166 4204 1214 4251 Μ*
1228 4200 1344 4257 ”⁰¹¹³‘l‘’
1359 4213 1396 4245 '⁶'

254 4346 313 4381 num
325 4342 488 4381 matronarum
502 4340 560 4380 erat.
584 4332 648 4380 Fra.
786 4282 803 4331 g
877 4333 889 4364 ¹
903 4334 947 4386 Qa.
961 4302 1093 4396 caecutis]
1107 4333 1147 4381 Ita
1161 4348 1193 4380 ex
1205 4332 1265 4381 Mra
1278 4330 1397 4401 edidimus.

286 4396 341 4445 ⁹2:
351 4400 391 4459 qui
401 4394 568 4459 emulatione]
582 4396 629 4445 Ms.
644 4396 673 4445 R.
685 4396 752 4459 cajus
762 4414 815 4445 eoa·
846 4396 911 4461 vulg.
924 4398 1042 4445 hactenus
1057 4397 1105 4446 init
1117 4400 1257 4446 mentina
1289 4397 1397 4445 coaeum·

253 4464 374 4512 sularibus.
388 4462 416 4511 L.
441 4461 816 4526 MuretuaconjicitCoruaallbua
847 4462 1073 4512 umlaudatvarra
1083 4460 1350 4526 dalinglsatlibv.
1373 4454 1397 4503 l·
