2834 4759
262 150 348 211 DE·
381 152 585 213 METRIS
608 152 954 215 TERENTIANIS.
1154 156 1207 215 lxv

53 282 147 346 Tantum
157 283 253 350 abest,
269 295 315 339 ut
331 302 377 341 eo
392 294 492 359 pacto
503 282 571 361 plus
586 281 697 363 gratie
709 281 843 343 solnm
854 293 927 343 ems
936 284 1055 362 sabulo,
1068 296 1103 345 ut
1114 306 1205 363 qusn-

56 365 133 423 tunris
139 366 206 423 bene
220 376 376 431 morata,
390 363 585 441 quantumvis
600 362 674 422 belle
688 364 807 441 scripta,
818 364 941 442 gratiam
954 385 1075 443 prorsus
1087 386 1205 426 omnem

58 444 201 527 perdidisset.
248 442 296 501 la
319 444 426 521 primi
441 443 513 503 artis
527 456 690 523 repertores
709 442 830 521 pulchre
844 444 999 516 ridcbsut3
1021 446 1206 507 delectabant

59 548 107 604 ergo
120 527 258 585 varietata
281 525 373 603 ipssa,
398 524 578 603 diversaque
597 530 645 597 ἤδη
665 530 706 582 nal
723 530 793 598 πάθη
812 524 931 585 diverso
950 528 1078 585 carmine
1096 546 1205 607 repra·

61 610 185 667 sentabnnt.
217 604 559 675 Mariuavictorinus,
574 626 602 683 p.
619 612 706 665 2500.
721 604 801 664 Nam
812 616 840 663 et
852 604 1011 666 Menander
1023 608 1053 666 its
1064 608 1206 669 comdiis

55 688 208 827 iiiiii
222 685 753 845 &tzittttttlt'tttitttt
763 685 1206 836 titltffiltmtt

57 850 117 927 plane
129 850 325 909 massarium
340 859 467 925 repente
482 846 634 917 exilirent3
657 849 694 907 ab
709 848 840 908 iambicis
859 848 890 907 in
903 848 1085 928 dactylicos;
1107 850 1204 911 sedin

55 932 211 1010 propinquos
226 928 423 997 trochaicus,
438 928 502 1005 ipso
516 927 639 987 transitu
659 948 745 1006 paene
765 928 892 990 fallente.
933 929 1024 996 Quod
1043 943 1077 989 ut
1096 930 1203 991 clarius

55 1012 232 1090 conspiciatur
242 1032 252 1079 ;
279 1028 406 1067 omnem
417 1006 621 1068 Terentianam
632 1008 744 1087 copiam
754 1008 802 1068 hic
810 1010 920 1080 sistam,
932 1030 1047 1091 unoque
1057 1024 1088 1071 et
1099 1012 1202 1071 eodem

53 1093 109 1169 pede
122 1092 302 1151 ditrochaeo
317 1090 488 1148 universam
502 1089 563 1149 fere
577 1090 706 1149 emetiar.

78 1173 154 1231 Illud
171 1187 284 1231 tamen
307 1170 394 1247 prius
406 1170 637 1239 admonendum
659 1184 724 1229 uta
744 1170 882 1231 trimetris
897 1192 964 1231 auss
978 1172 1102 1243 fabulas,
1116 1174 1204 1233 rebus

52 1254 250 1321 sedationhus,
267 1264 407 1310 nostrum
422 1250 590 1321 inchoasse;
612 1251 653 1309 ita
667 1271 781 1331 semper
795 1254 970 1312 tetrametris
984 1253 1101 1324 linissc;
1124 1254 1205 1331 quod

51 1335 144 1394 labnlae
159 1330 374 1409 catastrophe,
390 1352 455 1390 cum
469 1351 516 1390 res
537 1330 714 1391 turbulenta
735 1331 874 1411 paulatim
888 1346 918 1391 et
931 1354 1011 1413 segre
1030 1334 1204 1394 consilesce-

52 1429 113 1484 rent,
139 1416 202 1474 hoc
229 1412 376 1472 carminis
402 1432 494 1489 genus
521 1411 690 1491 postularet,
719 1433 824 1492 magno
852 1415 957 1492 spiritu
983 1414 1203 1475 effundendum.

53 1494 110 1555 Prae
121 1496 269 1555 omnibus
286 1506 385 1551 tamen
401 1493 538 1552 trochaici
559 1493 638 1573 pleni
653 1492 769 1552 firmum
782 1498 889 1554 actoris
908 1494 984 1553 latus
997 1496 1203 1573 requirebant;

54 1578 97 1651 qni
107 1596 264 1654 nunquam
280 1572 395 1632 scilicet
409 1574 463 1631 nisi
482 1574 510 1632 in
525 1574 653 1633 maximo
666 1574 824 1633 affectuum
845 1590 960 1635 tumore
972 1576 1111 1647 veniunt3
1133 1574 1205 1635 effe-

54 1657 137 1725 rendi,
148 1678 212 1716 non
230 1670 266 1714 ut
282 1652 403 1732 quidam
417 1668 578 1724 autumant,
587 1652 668 1713 tarde
683 1654 815 1735 doteque,
825 1656 878 1715 sed
887 1655 1007 1716 clamore
1020 1676 1131 1728 musmo,
1144 1678 1205 1716 cam

54 1737 141 1795 utere
152 1754 305 1795 mxumo

87 1818 175 1878 Unde
198 1819 328 1887 facturn,
344 1826 378 1874 ut
400 1835 464 1874 cum
487 1816 557 1875 alias
570 1818 599 1875 in
619 1820 722 1892 διποδίᾳ
735 1816 856 1895 spondei
869 1817 917 1877 vel
930 1818 1071 1897 anapsesti
1088 1817 1206 1897 placue-

50 1900 123 1971 riut;
152 1900 184 1957 in
197 1899 249 1957 his
264 1897 387 1958 uochaei
401 1896 447 1956 rel
461 1896 569 1975 dactyli
583 1897 679 1957 studio
693 1912 872 1975 quaerantur,

115 2007 211 2063 Credo
225 2006 354 2079 equidem
365 2008 441 2061 illum
450 2006 506 2078 jam
517 2006 684 2072 strumum,
698 2015 730 2061 ut
740 2006 815 2063 illam
825 2025 842 2061 a
853 2024 897 2061 mc
908 2008 1015 2079 cripitt:
1030 2009 1087 2064 sins
1098 2009 1204 2065 ramat:

113 2080 216 2151 'Atqui
228 2080 253 2132 si
265 2078 342 2132 illam
354 2077 438 2149 digito
450 2078 577 2147 attigerit,
590 2078 662 2133 siculi
673 2078 713 2133 illi
723 2078 796 2133 illico
807 2077 975 2135 dffodicntur.

49 2184 108 2251 Qui
123 2205 244 2253 versus,
256 2184 314 2241 nisi
329 2196 390 2242 toto
405 2183 541 2261 pulmone
556 2183 708 2254 exhausto,
722 2182 907 2261 pronunciari
918 2195 986 2261 apte
996 2204 1055 2243 non
1068 2196 1206 2263 possunt:

48 2266 239 2325 irrtrimctris
249 2285 322 2324 vero
336 2264 463 2349 clamosa
476 2264 539 2325 haec
552 2268 620 2338 πάθη
635 2264 832 2323 increscerent
845 2282 965 2342 prorsas
979 2279 1009 2324 et
1022 2266 1205 2325 obmutesce-

48 2361 121 2405 tenl-

84 2426 278 2487 Ditrochaeis
293 2426 381 2505 igitur
395 2426 437 2485 sic
452 2425 638 2485 constituitur
652 2425 766 2484 iambus
780 2425 948 2485 trimetros:

270 2537 303 2591 ld
337 2536 493 2609 sibinsgoti
537 2535 648 2591 crddidit
666 2553 697 2591 ao
738 2535 797 2591 tum
807 2536 874 2591 dari.

267 2607 304 2662 Vi
337 2607 506 2663 commodari
538 2605 706 2663 commodari
740 2606 889 2663 commoda

52 2714 204 2775 lumbicus
220 2726 407 2775 tetrametrus
421 2714 542 2794 plenus:

119 2808 463 2941 Dumptdmpusadeam
494 2808 551 2863 τέω
562 2809 625 2864 tulit
637 2808 843 2951 sivlpnuimnm
853 2818 889 2892 ut
901 2811 979 2881 axplc
1011 2809 1151 2866 retonans.
1183 2835 1191 2851 ι

120 2880 159 2935 Vs
240 2879 410 2934 commodari
495 2879 665 2935 cimmodssr
722 2878 892 2935 commodari
1011 2880 1161 2939 commoda

53 2984 240 3045 Trochaicus
254 2997 440 3045 tetrametrus
453 2984 566 3063 plenus,
580 2985 642 3043 sive
654 2989 836 3057 armum,

122 3096 244 3152 ‘Adeon’
263 3095 402 3151 hominem
424 3112 482 3151 esec
495 3096 502 3169 1
515 3094 690 3150 invenustum
708 3103 756 3149 aut
777 3094 783 3166 Ι
804 3094 939 3151 infelicem
959 3096 966 3169 Ι
987 3097 1148 3171 qudanusrn
1177 3108 1209 3156 nt

124 3182 334 3292 oemggpdsappn
491 3236 498 3309 1
513 3235 683 3291 commodavi
697 3234 703 3309 Ι
719 3235 888 3292 commodari
901 3235 908 3309 Ι
923 3236 1101 3297 commodavi.

63 3338 239 3402 Trochaicus
254 3354 439 3401 tetrametrus
454 3340 566 3421 syllaba
579 3340 727 3412 deficiens,
742 3341 804 3399 sive
818 3349 1007 3416 κωαληκτικόσ,

122 3450 371 3521 Qndtmndiscon
401 3452 501 3507 temtus
513 3454 636 3521 spretus?
671 3450 752 3515 licta,
765 3459 898 3506 transacta
929 3452 1035 3508 omnia:
1055 3454 1127 3510 hcm.

119 3522 309 3580 commodari
384 3455 572 3588 icdmmodavi
652 3452 841 3584 icdmmodavi
930 3523 1080 3580 cummods.

62 3626 264 3690 Pentametrus
279 3634 473 3701 καταληκτικόςς
497 3628 548 3707 qui
563 3626 652 3687 semel
666 3626 808 3686 iterumve
822 3627 985 3698 adhibetur,

87 3740 177 3797 &nus
189 3744 241 3823 cs?
263 3738 408 3822 Domum]
422 3738 460 3793 ire
471 3756 597 3811 pergam:
615 3738 654 3794 ibi
669 3736 674 3809 Ι
689 3738 836 3809 plurimum
854 3746 902 3793 cst
934 3738 1011 3794 Rern
1025 3738 1032 3813 Ι
1047 3737 1138 3796 cemus
1156 3740 1206 3796 ho·

79 3828 274 3939 ciffi
286 3808 296 3951 i
308 3808 477 3936 diffiido
491 3880 497 3952 ι
513 3878 680 3935 ctmmodavi
695 3878 702 3951 ι
716 3876 885 3941 mmmmm
899 3876 905 3949 ι
921 3879 1070 3935 commode

44 3986 79 4047 ln
100 3990 150 4047 his
166 3988 310 4046 omnibus
325 3985 506 4045 commodius
521 3998 574 4053 est,
587 4005 653 4044 meo
670 3984 794 4063 judicio,
808 3989 927 4043 &sotim
945 3990 1082 4061 τροχαῖκὴν
1094 4005 1207 4044 caesnra

43 4068 309 4129 accommodatam
323 4080 353 4125 et
365 4086 534 4145 congruam,
549 4086 635 4145 quam
650 4068 769 4141 ἰαμβικὴν
781 4067 818 4123 ab
836 4084 872 4123 cs
888 4064 1081 4134 deerrantem,
1095 4065 1125 4123 iu
1144 4086 1207 4125 me·

43 4150 149 4209 tiendo
165 4169 262 4208 versu
276 4146 449 4207 adsciscere.

84 4232 241 4309 Superest
262 4242 361 4287 nmen
382 4241 457 4286 unus
478 4226 592 4287 iambici
613 4226 737 4306 generis,
753 4236 940 4285 tetrametrus
960 4230 1155 4295 καταληπικόςς
1177 4224 1209 4280 in

45 4330 107 4386 qno
115 4316 230 4369 &rodda
244 4321 381 4368 veterum
388 4308 594 4385 magistrorum
609 4312 713 4383 ἰαμβυθ]
724 4307 785 4365 sine
799 4302 999 4365 controversis
1009 4303 1134 4363 tenenda
1145 4314 1208 4369 estc

46 4392 87 4447 oh
100 4392 216 4469 ipsam,
232 4410 252 4450 a
263 4410 324 4466 qua
336 4388 367 4447 in
381 4388 445 4447 aliis
459 4387 588 4461 discedit,
601 4408 724 4449 caesuroe
739 4384 978 4446 concinnitatem:
