2834 4759
218 156 284 233 626
652 156 948 225 TERENTIL
1194 159 1326 242 [acm
1339 177 1386 228 π.

262 290 417 379 Aruspex
432 291 544 370 vetuit,
553 300 636 359 -snte
649 294 797 359 brumam
810 293 1022 379 aliquidnovi

261 388 397 475 Negotii
411 392 565 477 incipere,
580 414 654 476 quae
669 394 809 457 causa’st
817 395 1009 478 justissima.

219 502 251 548 so
263 488 346 567 Haec
360 489 451 554 fient.
489 489 559 555 An.
577 488 625 554 Ut
638 490 736 555 modo
750 490 841 556 liant.
878 490 945 557 Gn.
962 492 1074 557 Fient:
1096 514 1148 558 me
1159 493 1246 558 ride.

233 574 237 651 Ῐ
262 586 363 655 Pater
377 590 463 654 exit:
481 588 546 666 abi,
563 588 615 655 dic
630 612 703 655 esse
717 602 887 675 argentum
902 591 1075 657 Phoedriae.

360 865 574 939 ACTUS
626 865 882 949 QUARTI
936 868 1147 943 SCENA
1187 869 1235 943 V.

540 1054 717 1105 DEMIPHO.
743 1056 848 1105 GETA·
874 1057 1054 1107 CHREMES.

263 1180 418 1254 Qumrus
432 1190 514 1257 esto,
530 1180 676 1264 inquam:
701 1202 764 1265 ego
778 1182 911 1258 curabo,
927 1204 968 1246 ne
982 1183 1246 1266 quidverborum
1258 1184 1335 1249 duit
1349 1209 1358 1248 z

233 1342 234 1350 ,
263 1277 339 1345 Hoc
369 1290 489 1343 temere
513 1300 676 1363 nunquam
702 1280 845 1344 amittam
868 1301 929 1365 ego
954 1303 974 1343 a
997 1304 1060 1358 me,
1083 1283 1161 1367 quin
1181 1283 1260 1347 mihi
1285 1285 1385 1348 testis

325 1376 515 1443 adhibeam:

261 1474 323 1541 Cui
338 1476 422 1554 dem,
438 1489 471 1539 et
486 1476 695 1561 quamobrem
711 1475 795 1554 dem,
811 1478 1078 1541 commemorabo.
1116 1478 1183 1543 Gs.
1199 1478 1249 1543 Ut
1259 1490 1384 1544 cantus

326 1586 387 1652 est,
404 1575 460 1638 ubi
475 1572 553 1638 nihil
568 1574 693 1658 opus'st
708 1577 716 1637 i

262 1672 325 1737 Cn.
350 1670 471 1757 Atque¹
484 1674 529 1737 ita
545 1695 627 1757 opus
641 1671 729 1737 facto
744 1683 812 1737 est:
835 1682 869 1736 at
883 1683 1027 1752 matura,
1047 1675 1125 1739 dum
1145 1675 1246 1741 libido
1260 1678 1384 1743 eadem

323 1771 395 1836 haec
409 1782 539 1835 manet:

232 1868 347 1935 tNem
363 1870 390 1933 si
404 1868 505 1934 alters
518 1867 599 1935 illaec
613 1870 716 1954 magis
731 1869 874 1945 instabit,
891 1868 1025 1933 forsitan
1039 1893 1098 1935 nos
1110 1872 1249 1957 rejiciat.

260 1969 328 2035 Gn.
353 1968 438 2032 Rem
459 1968 562 2053 ipsam
584 1969 718 2053 putasti.
765 1967 833 2031 Ds.
859 1967 936 2032 Duo
949 1990 1000 2033 me
1015 1968 1058 2033 ad
1074 1992 1147 2034 eum
1168 1992 1258 2055 ergo.
1310 1971 1381 2035 Ge.

231 2054 234 2059 ¹
324 2065 401 2132 Non
417 2086 535 2131 moror.
574 2066 637 2131 Cn.
655 2066 723 2132 Ubi
738 2066 801 2132 hoc
815 2068 933 2151 egeris,

230 2184 233 2191 '
259 2166 415 2231 Transito
437 2165 479 2230 ad
506 2186 641 2230 uxorem
660 2188 775 2243 meam,
797 2176 834 2229 ut
856 2167 1023 2230 conveniat
1045 2166 1130 2231 hanc
1150 2168 1254 2251 prius,
1279 2190 1383 2253 quarn

231 2322 235 2327 .
323 2260 399 2329 hino
414 2265 529 2328 abeat:

250 2421 288 2467 2⁸.
306 2421 430 2480 Haruspex
439 2415 524 2479 uetuit]
542 2418 673 2479 Haruspex,
686 2419 717 2467 ub
732 2418 776 2466 ha·
810 2418 859 2465 Pro
880 2420 947 2467 dirim
970 2426 1036 2466 reete
1055 2433 1142 2469 omnes
1152 2417 1209 2467 libri
1231 2430 1293 2470 vett.
1311 2425 1382 2470 fir.

214 2482 449 2597 initiis.
462 2482 778 2610 ,lintitttltif
810 2482 1211 2609 lat.lt.⁸⁰.¹.⁰..¹'lt‘tl”t““
1226 2500 1383 2545 '‘W‘’

214 2624 298 2662 vatur:
316 2616 466 2661 tornantem
479 2620 522 2669 est,
535 2612 559 2659 in
572 2626 619 2674 qus
635 2628 724 2677 pecora
739 2612 778 2660 in·
844 2614 866 2659 8.
892 2615 923 2661 Ul
937 2622 1018 2661 caurus
1035 2621 1077 2670 ert,
1098 2618 1138 2662 sii
1155 2618 1216 2663 nillil
1231 2632 1291 2677 opus
1310 2618 1383 2681 esu]

216 2678 354 2727 eluduntur.
387 2677 494 2733 Plautus,
511 2680 619 2735 miricis,
635 2680 719 2734 birrus,
734 2680 777 2725 lia·
810 2676 930 2734 Consulit,
937 2677 1024 2739 inquit,
1033 2680 1237 2741 quemadmodum
1244 2682 1327 2739 detur,
1337 2684 1382 2731 ubi

215 2760 260 2792 ru:
279 2742 437 2799 Mostellaria,
449 2743 465 2789 l.
486 2743 560 2790 1.39.
584 2745 645 2790 Ante
663 2741 777 2805 trunam]
811 2741 979 2791 omninodure
997 2758 1045 2790 non
1057 2744 1183 2793 debuerit:
1200 2743 1328 2808 siquidem
1340 2764 1383 2796 er·

215 2809 277 2857 Arte
297 2807 373 2856 irrisit
395 2806 506 2855 homines
529 2806 668 2865 Terentius,
690 2808 779 2869 quibus
810 2816 910 2869 gentum
935 2806 1053 2857 Phaedrioe
1074 2809 1146 2858 detur
1166 2809 1248 2873 (darer
1269 2812 1344 2861 ebert
1366 2828 1383 2860 a

215 2873 302 2937 religio
319 2872 351 2921 sit
366 2871 464 2935 aggredi
481 2870 606 2934 negotium
617 2870 714 2934 aliquod
726 2873 778 2920 die·
811 2881 869 2920 vett
888 2871 963 2919 libris
999 2872 1072 2935 lege,
1090 2878 1202 2937 siquidm
1219 2879 1272 2923 den
1290 2894 1316 2925 u.
1336 2878 1383 2939 Ρ.)

214 2938 260 2987 bus
271 2937 473 2987 decrescentibus.
507 2936 693 2999 Aulelrumam]
706 2936 779 2991 Quod
809 2936 965 2985 subnomine
983 2936 1144 2988 Phormioni&
1173 2941 1278 2989 lie-vr
1295 2952 1383 2990 ωιιυ

215 3014 272 3053 erite
290 3004 400 3052 brumam
419 3000 471 3049 dies
491 3000 631 3049 decrescere
651 3001 777 3065 incipiant.
809 3010 851 3058 at,
863 3004 903 3049 ubi
913 3004 1038 3065 niillopes
1050 3003 1116 3067 ml]
1133 3005 1189 3053 Jam
1201 3015 1381 3065 nomtsenem,

215 3067 359 3117 D.-liuno
375 3076 401 3115 et
416 3082 465 3129 seq.
483 3067 518 3114 sie
534 3065 588 3127 lege
606 3075 630 3114 et
646 3066 778 3129 distingue,
810 3065 874 3129 quod
886 3065 936 3114 illic
948 3067 999 3128 (ille
1009 3071 1084 3126 nimia
1095 3068 1142 3127 rel,
1154 3072 1212 3128 illie,
1221 3074 1264 3118 ubi
1278 3088 1328 3120 m
1338 3075 1381 3121 de·

214 3136 321 3193 Aruaper
337 3136 425 3180 minii:
448 3140 501 3179 ante
518 3133 619 3179 trunam
635 3140 710 3180 autem
728 3135 780 3180 nori
812 3134 849 3179 tet
859 3129 900 3193 Z.)
909 3130 1014 3194 diligens
1022 3134 1061 3189 rit,
1073 3146 1204 3199 propterea
1210 3138 1278 3197 quod
1286 3152 1380 3200 ergen-

228 3194 334 3261 {Negoti
352 3198 411 3244 nihil
427 3199 527 3258 incipere
543 3212 613 3243 eausa
631 3205 665 3243 ert
683 3199 777 3245 sontica.
811 3206 873 3256 tune,
886 3211 936 3244 non
959 3212 1015 3246 vere
1039 3198 1180 3247 Phormioni
1202 3199 1312 3257 dabitur,
1336 3203 1382 3251 sed

216 3262 280 3311 Nam
293 3276 337 3324 pro
348 3263 438 3323 aliquid
447 3258 609 3323 antiquissimi
620 3260 677 3309 libri
689 3261 779 3310 Faerni
811 3260 937 3309 Pbredriae.
960 3260 1260 3313 E.-—1>r0mouoliofi
1271 3268 1381 3325 w,sed

215 3336 242 3375 st
257 3325 333 3374 nostri
355 3325 446 3373 habent
461 3334 543 3373 autem.
578 3325 707 3387 Reliquam
725 3341 778 3375 eor·
810 3325 1026 3382 rectiuseuidem
1042 3332 1185 3389 quamnim
1199 3332 1268 3378 den:
1284 3343 1381 3381 uttam

214 3390 347 3441 rectionem
359 3404 445 3439 sensus
456 3389 558 3452 requirit
566 3400 591 3437 et
604 3406 692 3439 versus.
723 3394 779 3439 Son-
812 3390 842 3438 de
853 3391 959 3448 homine,
971 3408 1042 3454 quam
1054 3394 1086 3441 de
1095 3394 1194 3457 negotio
1201 3397 1380 3457 jusjmdnn

215 3460 284 3506 rimor
307 3454 412 3519 explicet
438 3455 532 3511 Festus,
554 3454 663 3516 jutemur
691 3464 778 3504 rerem
809 3454 867 3503 dare
878 3456 979 3519 possint.
1003 3458 1032 3505 B.

214 3536 265 3570 oum
279 3522 349 3583 juata
367 3538 452 3575 rausa:
473 3527 567 3581 propter
585 3524 650 3583 quod,
668 3524 729 3583 quod
743 3530 778 3569 ert
841 3522 864 3567 4.
882 3524 943 3571 Dum
957 3523 1028 3570 libido
1038 3526 1116 3573 eudem
1131 3527 1180 3573 lae
1195 3524 1288 3588 nuel]
1309 3527 1380 3576 Bene

212 3587 343 3650 gerendum.
356 3588 570 3648 agerederirlimus.
596 3585 623 3632 B.
809 3586 926 3634 libidinem
994 3587 1031 3635 uit
1051 3604 1097 3651 pro
1118 3588 1246 3637 voluntate
1268 3592 1380 3641 hominia

225 3684 229 3693 -
248 3653 287 3699 80.
304 3652 390 3699 star:
415 3666 450 3698 ine
468 3647 532 3712 uide]
555 3648 666 3725 Respice,
685 3649 711 3698 id
731 3659 776 3708 est,
808 3649 936 3699 incertiac
956 3652 1014 3699 evis.
1043 3652 1218 3715 D.-d{atsra]
1235 3655 1381 3716 ldeseae·

214 3716 297 3767 rullus
313 3714 361 3763 mei
378 3715 490 3763 lldnninm
502 3730 572 3778 gere=
591 3715 779 3777 siquidemquie
810 3714 897 3773 celera,
917 3716 974 3764 dum
993 3717 1107 3767 voluntas
1126 3730 1170 3767 est.
1204 3718 1379 3785 u-Antiqui

214 3781 309 3830 nullum
327 3780 462 3843 periculum
481 3792 525 3828 est.
559 3778 599 3827 Sic
617 3779 704 3837 Graeci,
721 3795 777 3827 narn
809 3779 866 3830 libri
885 3781 980 3837 Faenri,
992 3790 1015 3830 et
1026 3792 1124 3832 nature
1159 3784 1245 3833 Nostri
1281 3786 1380 3849 lerique

214 3846 286 3895 aliter
309 3844 398 3893 Latini.
440 3848 479 3893 Me
500 3844 565 3907 uide]
588 3845 653 3899 Quia
675 3845 701 3891 in
721 3847 777 3906 jure
809 3854 843 3894 ni.
878 3846 943 3909 Lege
954 3858 1043 3905 sertem,
1053 3852 1127 3911 Atqui
1142 3852 1244 3911 itaopu
1270 3860 1380 3910 moed,

214 3910 343 3975 promittit,
352 3920 377 3958 et
388 3909 521 3973 interponit
531 3924 598 3957 suern
608 3908 694 3957 fidem:
712 3910 777 3973 quod
809 3914 1064 3967 audiendarum.
1089 3914 1117 3962 B.

213 3990 259 4025 nos
270 3976 381 4031 dicimus,
393 3976 433 4023 Me
441 3977 515 4023 tales.
537 3972 607 4036 Vide]
617 3974 729 4038 Respice.
744 3975 774 4023 D.
841 3977 864 4025 ὅ.
876 3979 985 4024 Forsitan
994 3994 1034 4025 nor
1043 3978 1149 4043 rejiciat]
1162 3979 1298 4030 Mulierem
1311 3984 1381 4032 stili·

249 4043 269 4089 l.
295 4044 390 4093 Quietus
407 4048 461 4097 erto,
481 4043 590 4101 inquom:
618 4056 658 4101 ego
678 4038 775 4102 curam]
808 4050 854 4088 eet.
889 4043 929 4089 An
946 4057 1002 4089 vere
1015 4060 1062 4099 nor,
1078 4043 1159 4103 idest,
1171 4046 1301 4109 negotium
1319 4064 1379 4097 m..

217 4104 319 4161 Quietus,
332 4104 411 4163 idest,
424 4120 537 4153 secuturi
555 4105 585 4153 ub
593 4120 625 4161 ¹eo
637 4104 701 4166 quod
712 4120 776 4167 prre·
809 4114 873 4154 trum
885 4116 911 4153 et
922 4106 1103 4155 conditioneml
1128 4110 1160 4157 D.

213 4169 286 4226 dedit,
294 4169 319 4217 id
327 4172 390 4231 quod
402 4170 518 4231 sequitur.
540 4169 774 4231 Druantium]
842 4171 864 4218 6.
882 4173 940 4219 Rem
957 4174 1031 4233 ipson
1046 4174 1150 4236 puniti]
1171 4174 1220 4222 Pro
1242 4175 1380 4240 dispurnfi

214 4233 246 4283 In
270 4233 409 4283 heustena
436 4234 598 4298 Demiphonie
620 4234 777 4283 continentur
807 4237 887 4283 modo.
912 4236 944 4283 D.

212 4298 288 4347 verbe
306 4298 471 4361 promittentis
487 4300 563 4358 fratri,
580 4298 663 4347 omnir
678 4314 705 4347 se
722 4315 776 4347 esee
841 4300 864 4351 7.
882 4299 931 4349 Pro
946 4304 1016 4350 admi
1030 4301 1077 4367 leg.
1094 4305 1160 4351 alit:
1177 4303 1245 4365 quod
1261 4306 1379 4357 meliore

211 4362 340 4421 fleturum,
351 4362 389 4411 uti
402 4363 520 4425 l’horrnio
536 4373 637 4428 cogetur
652 4372 677 4413 et
688 4378 775 4427 argen-
808 4365 876 4414 oodd.
894 4366 985 4414 Feerni
998 4377 1026 4424 >et
1041 4367 1119 4418 nerui
1134 4382 1221 4418 orum
1235 4369 1341 4432 habnt,
1354 4381 1379 4421 et

212 4436 265 4477 mm
283 4426 401 4492 accipere,
422 4438 447 4478 st
464 4444 566 4481 uxorem
582 4429 680 4480 ducere.
711 4428 777 4491 R-
807 4430 986 4495 vernuexigit.
1010 4432 1041 4497 li.
