2834 4759
229 152 296 219 564
665 150 942 217 TERENTll
1224 152 1335 237 [serus
1347 175 1366 217 1.

272 287 378 353 Modo
391 299 429 353 ut
441 298 551 353 tacere
565 288 683 373 possis.
722 287 792 351 Ds.
806 286 876 353 Abi
892 290 949 367 sis,
964 290 1123 355 insciens:

231 400 263 447 lo
273 389 377 473 Cujus
393 400 430 453 tu
443 387 543 453 iidem
556 389 590 451 in
603 388 742 473 munia
756 388 975 473 perspexeris,

272 485 399 551 Verere
413 487 514 551 verba
528 487 559 551 ei
572 486 731 551 crederet
754 487 812 550 ubi
824 487 903 571 quid
918 486 997 552 mihi
1010 485 1092 553 lucri
1105 498 1156 551 est

272 584 325 649 Te
339 584 471 650 falleret
507 584 575 648 Gn.
592 584 685 669 Ergo
700 584 857 649 ausculta.
895 585 963 650 Du.
977 584 1074 651 Hanc
1085 608 1216 671 operam
1229 585 1368 651 tibidico.

273 682 342 749 Gn.
358 684 454 749 Senis
469 686 582 762 nostri,
599 684 705 761 Dave,
721 684 852 748 fratrem
866 685 1019 768 majorem
1034 683 1195 749 Chremen

272 780 422 847 Nostin’i
460 781 529 847 Ds.
543 781 690 855 Quidnil
722 782 791 847 Ga.
805 781 917 855 Quid?
940 782 1011 867 ejus
1026 794 1160 867 gnatum
1175 780 1369 846 Phaedsianl

231 890 262 939 1⁸
275 882 343 947 Dn.
359 883 532 967 Tanquam
548 894 591 948 te.
629 882 696 947 Gn.
715 882 835 947 Evenit
850 882 982 945 senibus
997 882 1154 945 ambobus
1170 879 1276 954 simul,

272 984 342 1049 Iter
355 982 400 1047 illi
414 984 447 1045 in
464 980 622 1046 Lemnum
637 994 675 1047 ut
687 992 787 1059 esset,
802 991 915 1045 nostro
929 980 963 1043 in
980 979 1122 1045 Ciliciam

271 1080 329 1146 Ad
343 1080 507 1165 hospitem
521 1080 706 1165 antiquom:
729 1082 757 1143 is
773 1102 882 1145 senem
898 1103 957 1165 per
970 1080 1125 1166 epistolas

227 1230 557 1297 ignarusinduciturDavus.
577 1229 789 1279 D.—ExBasilic.
822 1239 961 1294 precatores
981 1240 1070 1294 parant
1090 1240 1116 1279 et
1137 1230 1264 1290 adhibent,
1284 1246 1373 1296 quemn

228 1308 255 1347 et
272 1298 367 1347 ntione
384 1311 470 1345 versus
489 1296 550 1359 lege,
565 1298 658 1357 periclo.
693 1295 790 1343 Deinde
822 1296 900 1344 oratio
922 1296 974 1344 hac
992 1310 1045 1343 esse
1065 1306 1158 1360 potest:
1186 1297 1293 1345 Interim
1315 1297 1373 1345 senis

227 1378 273 1427 pro
284 1361 378 1426 vulgari
393 1365 444 1419 sinc
455 1376 488 1409 ex
500 1360 641 1409 melioribus
656 1360 726 1409 libris
742 1360 789 1424 leg.
822 1360 950 1416 tribuatur,
967 1370 1051 1425 postea
1067 1376 1123 1411 cum
1140 1362 1193 1425 ipse
1210 1362 1255 1425 qui
1274 1374 1374 1427 precatur

226 1432 304 1484 sinas,
314 1436 443 1490 scegnet
452 1425 537 1474 herilis
548 1426 619 1473 filins
643 1425 672 1473 B.
822 1424 968 1482 discesserit,
995 1425 1109 1475 dominun
1138 1426 1292 1476 iracundiam
1317 1442 1374 1475 mam

260 1495 283 1542 9.
290 1494 478 1541 Madoattacere
484 1489 571 1553 prsis]
586 1494 624 1547 Ut,
633 1505 717 1555 prone
724 1506 787 1539 non:
821 1490 942 1553 compleat
955 1490 1049 1553 (Verba
1070 1491 1127 1539 inde
1143 1506 1165 1549 a,
1182 1495 1286 1541 minas
1300 1500 1374 1555 regest.

226 1557 291 1621 quod
308 1557 329 1606 si
346 1566 398 1612 est:
415 1556 608 1604 subaudiendum
624 1566 662 1603 est
677 1558 735 1611 side,
747 1564 790 1605 sut
821 1556 910 1603 sinunt
927 1570 941 1603 a
960 1556 1020 1604 Mas.
1037 1566 1063 1605 ct
1078 1556 1193 1605 videntur
1209 1554 1371 1605 referendam

226 1622 285 1685 quid
305 1622 360 1670 tale.
394 1623 463 1669 Modo
480 1629 506 1668 ut
525 1629 600 1669 tacere
617 1619 703 1683 possis]
725 1620 790 1668 Vere
821 1636 918 1669 versum
942 1622 980 1670 90.
1002 1624 1067 1669 Senis
1083 1626 1162 1679 nostri,
1180 1624 1256 1681 Dese,
1272 1618 1373 1684 fratres]

226 1696 397 1747 argumentum
409 1696 447 1735 est
462 1686 537 1734 celari
552 1685 585 1742 id,
597 1684 662 1747 quod
678 1684 790 1749 Antipho
823 1685 937 1733 Narratio
959 1684 999 1733 hic
1018 1686 1092 1735 sumit
1112 1686 1250 1743 exordium,
1268 1688 1336 1751 quod,
1353 1696 1374 1733 ut

225 1766 276 1800 non
293 1761 399 1808 coactus,
417 1748 460 1798 sed
480 1750 564 1798 volens
585 1750 657 1798 duxit
678 1765 788 1799 uxorem.
821 1760 924 1814 oportet,
938 1752 969 1799 ab
986 1766 1016 1799 eo
1031 1751 1125 1814 incipit,
1141 1752 1206 1814 quod
1224 1752 1283 1801 sciri
1300 1762 1373 1815 potest

225 1818 333 1865 Hadsst
348 1824 424 1864 tacere
437 1814 524 1878 ponis]
537 1816 669 1879 Mads,pro
680 1825 788 1863 tantum-
820 1815 892 1869 Quod
915 1814 1003 1878 virgil.
1025 1816 1223 1879 frequentissime
1246 1816 1321 1865 dixit:
1346 1828 1374 1871 ut,

224 1881 314 1930 modo:
338 1891 374 1937 ut,
395 1880 453 1927 AEu.
471 1880 506 1927 iil.
526 1880 579 1928 116.
597 1882 665 1927 Modo
681 1882 790 1941 luppiter
821 1879 878 1927 AEn.
889 1880 914 1927 ii.
928 1882 966 1929 81.
979 1884 1058 1929 Fando
1068 1884 1159 1944 aliquid
1168 1886 1189 1929 si
1191 1880 1260 1943 sorte
1271 1891 1322 1929 teas
1329 1897 1374 1943 per·

224 1950 294 1995 adsit.
327 1943 789 2008 Atisisinsciens]1nseiensnuncpro
821 1948 882 1992 serit
901 1947 933 1993 ad
951 1962 1018 1993 aures
1038 1948 1128 1994 Belides
1145 1962 1225 1995 nomen
1248 1948 1373 1995 Paiamdis

223 2010 313 2060 inscito
327 2009 422 2074 posuit:
441 2009 479 2057 vel
491 2014 621 2058 inscientes:
637 2010 709 2057 modo
726 2010 787 2058 stul·
821 2009 861 2065 Et,
874 2009 932 2057 AEn.
944 2026 968 2058 x.
982 2012 1020 2057 20.
1035 2013 1114 2059 Cernis
1125 2020 1151 2058 at
1160 2014 1274 2061 insuunt
1285 2014 1376 2061 lisinii!

224 2086 276 2125 tum
293 2074 367 2124 dicit:
392 2075 453 2123 alias
470 2074 589 2137 ignarum
619 2075 733 2122 1).-Aa·
748 2079 787 2133 sis,
821 2074 885 2122 ltem
908 2074 934 2123 in
958 2076 1085 2134 Eunucho,
1112 2078 1188 2135 Hane,
1218 2094 1290 2140 quan
1315 2082 1374 2130 anat.

222 2139 334 2204 tardem]
347 2138 453 2188 Discede
461 2137 612 2196 stultissime,
620 2154 676 2187 cum
688 2151 716 2187 tu
727 2140 787 2188 mihi
820 2142 924 2187 nostin’t
947 2140 978 2188 Ε.

222 2205 353 2269 pecuniam
365 2204 505 2262 credideris,
517 2204 559 2253 ubi
571 2204 644 2252 fidem
656 2220 735 2252 meam
748 2205 786 2253 in·
855 2206 891 2252 la.
904 2208 970 2253 Senis
980 2208 1059 2261 nostri,
1072 2208 1143 2263 Dare,
1148 2205 1254 2267 fratres:
1265 2202 1374 2268 mejam]

223 2270 410 2334 tegritatemque
427 2269 518 2327 vidisti,
529 2270 605 2318 rerba
619 2268 681 2317 mihi
692 2280 787 2318 metues
820 2268 932 2319 Dicendo
951 2274 1017 2326 senis
1037 2271 1144 2319 ostendit
1161 2283 1185 2318 ct
1202 2271 1374 2320 adclamenteu

222 2336 392 2390 commodare:
410 2334 436 2383 in
448 2334 536 2397 quibus
548 2334 607 2398 quid
622 2333 684 2382 lucri
700 2334 785 2395 habeo,
818 2349 845 2383 se
861 2334 986 2383 dominum
1003 2336 1109 2384 habere:
1126 2335 1233 2385 dicendo
1249 2340 1327 2393 ιιωιή,
1342 2350 1374 2383 cs·

222 2400 280 2449 site
293 2400 418 2449 tetelterot
443 2400 472 2447 Ε.
819 2398 898 2447 tendit
919 2416 973 2449 esse
995 2400 1117 2449 alienum:
1147 2400 1255 2449 dicendo
1275 2400 1374 2463 fratres,

257 2467 294 2513 to.
306 2464 378 2527 cajus
386 2472 411 2512 ta
416 2466 486 2524 ,iden
495 2462 785 2527 inpecasdaperspeserie]
818 2478 867 2512 non
880 2480 955 2513 unum
967 2480 1020 2513 esse
1037 2468 1194 2515 monstrarit:
1212 2466 1319 2515 diaendo
1333 2482 1373 2511 ns·

222 2530 377 2579 Sententiose
388 2528 465 2577 dixit:
482 2528 551 2593 quqsi
567 2528 593 2576 in
609 2528 786 2577 omnihuscre-
810 2528 894 2591 jarem,
906 2528 979 2577 etiam
997 2530 1165 2579 minorisiecit
1181 2530 1310 2581 indicium.
1341 2529 1373 2577 Sic

222 2594 329 2644 dendum
346 2594 386 2652 sit,
396 2604 548 2642 servaturum
565 2592 638 2641 tidem
655 2610 708 2641 esse
721 2609 786 2653 eum,
817 2594 954 2657 argumenti
963 2606 1056 2657 partem
1066 2596 1195 2643 maximam
1205 2596 1317 2645 nondum
1326 2610 1373 2643 nar·

221 2658 263 2723 qui
282 2660 307 2707 in
325 2659 429 2723 pccuma
444 2658 584 2707 sanaverit.
619 2658 652 2706 Et
667 2658 714 2707 hoc
731 2658 786 2707 ideo
817 2674 881 2717 rann,
891 2659 1373 2733 juminipssinterrogationetransegit

220 2724 374 2788 interposuit,
392 2739 424 2771 ne
439 2723 527 2786 longus
542 2732 613 2781 esset,
625 2724 683 2771 dum
699 2724 786 2773 suadet
819 2722 881 2772 llaec
897 2734 978 2772 autem
995 2724 1077 2772 omnis
1093 2736 1193 2788 propter
1209 2726 1329 2791 populum
1344 2724 1373 2772 sic

219 2798 248 2837 ut
258 2788 340 2838 dicat:
358 2788 560 2852 quemadmodum
572 2788 597 2835 in
609 2788 664 2837 aliis
677 2788 782 2837 Fabulis.
816 2799 928 2853 aguntur.
963 2790 1023 2838 ldeo
1039 2790 1088 2848 ille,
1110 2794 1196 2842 Quidni
1211 2790 1285 2849 dixit,
1302 2806 1331 2839 ne
1346 2790 1373 2836 sit

221 2854 294 2930 Gejss
305 2863 330 2903 ta
335 2856 406 2916 ¹rideas
414 2858 439 2902 in
446 2856 546 2915 pecnnia
551 2852 709 2915 perspexeris]
722 2854 782 2901 Pro·
816 2868 878 2917 opus
893 2853 1004 2918 pluribus
1015 2854 1103 2903 verbis.
1137 2858 1202 2903 &nis
1213 2860 1297 2913 nestri,
1310 2858 1372 2909 Dare,

218 2935 273 2984 pne
288 2920 384 2968 locutus
400 2929 438 2967 est
453 2918 484 2966 de
500 2918 611 2981 pecunia,
623 2929 648 2967 et
657 2920 729 2979 fidem
745 2918 782 2966 di·
809 2917 925 2981 fratrem]
934 2918 1026 2967 Mirum
1036 2920 1207 2983 compendium
1217 2918 1371 2970 narrationis:

219 2985 305 3042 cende,
317 2996 343 3033 et
357 2986 456 3033 credere.
491 2983 554 3031 Nam
565 2986 626 3043 fides
642 2993 679 3032 est
690 2998 783 3039 eorum,
816 2984 884 3047 quasi
896 3000 941 3049 per
952 2984 1167 3047 interrogationem
1175 2985 1242 3044 iecit,
1253 3002 1284 3034 ne
1294 3002 1323 3033 ex
1330 2984 1372 3032 alto

218 3050 306 3113 quibru
317 3050 404 3098 datur:
422 3047 670 3097 creditoresdicuntur
681 3047 729 3113 ipsi
740 3048 782 3111 qui
814 3058 943 3112 repeteret.
977 3048 1018 3097 Sic
1036 3050 1104 3113 Virg.
1122 3050 1179 3097 AEn.
1197 3050 1225 3098 ii.
1245 3052 1285 3099 81.
1302 3052 1373 3099 Panda

218 3116 285 3163 dant.
318 3117 348 3163 la
364 3112 474 3175 peesma]
494 3113 516 3160 Α
535 3115 626 3175 majore
643 3112 674 3160 ad
691 3113 781 3161 minus.
814 3116 934 3175 aliquidsi
943 3112 1008 3177 sorte
1020 3122 1072 3163 tuas
1086 3118 1234 3176 pervenitad
1244 3133 1319 3173 aures,
1331 3116 1371 3162 Be·

218 3176 378 3241 Perspereris]
390 3178 448 3225 Non
460 3181 591 3239 inspexeris,
603 3176 646 3226 sed
659 3194 781 3241 perspers-
814 3180 868 3226 lida
890 3196 968 3227 smnen
990 3181 1128 3237 Palamedis,
1150 3188 1174 3227 et
1196 3184 1289 3229 incita
1303 3180 1370 3241 sana.

217 3247 259 3301 ris,
269 3243 334 3306 quod
345 3242 401 3307 plus
412 3251 456 3298 est,
468 3241 538 3290 dixit.
563 3243 594 3289 D.
814 3242 855 3301 Et,
873 3246 965 3293 Nestin'
983 3248 1049 3303 iane,
1069 3262 1136 3307 quens
1153 3254 1215 3293 mat
1247 3248 1329 3295 reteri
1348 3242 1370 3290 in

253 3310 290 3356 ll.
317 3310 400 3357 Verere
419 3310 488 3355 seria
509 3310 532 3355 ei
550 3306 674 3370 crederet]
697 3308 781 3357 Verba
814 3308 940 3357 Eunucho.
966 3309 997 3357 D.

217 3370 779 3485 cnmpmnuncistionedicitutostendstmul-
847 3375 883 3420 14.
908 3374 991 3427 Quid!
1018 3374 1069 3437 ejas
1087 3383 1184 3437 man
1207 3370 1369 3433 Ptaedrinnt]

218 3448 269 3486 tum
295 3436 442 3485 istareintcr
452 3436 701 3500 pecuniametverba.
735 3440 781 3485 Ubi
813 3438 870 3486 Non
887 3437 957 3496 dixit,
975 3442 1031 3501 qaid
1048 3438 1193 3487 Phaedriam:
1214 3440 1261 3489 sed
1278 3438 1371 3491 addidit,

217 3506 274 3567 quid
290 3506 345 3550 asilii
363 3506 422 3549 tucri
439 3508 475 3549 est
491 3509 513 3549 te
525 3499 646 3576 falleret]
664 3503 704 3577 Ah
724 3502 780 3577 utili
812 3502 861 3565 ejus
876 3513 988 3565 gnatam
1006 3514 1033 3552 ut
1050 3504 1126 3568 magis
1141 3505 1237 3561 docere,
1251 3520 1321 3567 qunm
1337 3503 1369 3550 in·

216 3565 780 3694 {titttnil‘tt·.t¹2t⁸tt⁰.itzlili
812 3568 1369 3697 ttmttidtz‘sst'nitsstttttt

216 3697 279 3747 dixit
290 3700 352 3761 qaid,
364 3712 436 3760 quam
448 3696 469 3745 si
481 3696 580 3753 diceret,
592 3700 656 3744 nihil
681 3697 713 3745 D.
812 3698 875 3745 ratio
891 3698 984 3756 sunder,
995 3710 1023 3747 ut
1034 3699 1108 3763 legas,
1120 3701 1240 3747 Nostine?
1271 3699 1370 3753 Quidni?

251 3766 287 3811 12
300 3761 723 3826 Ergoaascutta]Erganuncvelut
740 3761 779 3809 in·
815 3766 897 3815 Quem?
921 3764 950 3812 B.

214 3828 323 3893 crepatio
346 3827 413 3876 tarde
435 3826 547 3875 facientis
569 3838 616 3874 est.
649 3826 715 3880 Quia
737 3826 777 3875 hic
845 3830 880 3875 15.
905 3830 1020 3891 Tanquam
1039 3828 1074 3891 te]
1095 3830 1117 3876 0
1138 3828 1252 3886 varians
1271 3826 1367 3892 quidni!

214 3892 777 3957 igiturobloquendoimpediveratnarraturum,
810 3902 924 3955 tanquam
944 3904 974 3941 te.
1008 3896 1099 3950 Euenit,
1111 3897 1202 3942 sentias
1218 3896 1326 3943 amintas
1340 3893 1367 3939 si·

214 3976 268 4021 erga
284 3958 354 4007 dixit.
388 3957 429 4005 Sic
446 3957 514 4019 Virg.
533 3957 590 4004 AEn.
603 3955 628 4003 ii.
642 3956 696 4007 707.
716 3960 778 4019 Ergo
810 3962 858 4005 mul
873 3957 929 4020 iter]
941 3959 997 4006 Non
1010 3958 1092 4006 evenit
1106 3958 1166 4007 iter:
1184 3958 1235 4011 sed.
1249 3958 1330 4008 evenit
1344 3965 1367 4002 ut

214 4018 265 4085 age,
284 4041 338 4072 care
358 4031 434 4085 pater,
452 4024 535 4069 cervici
553 4025 666 4083 imponere
687 4030 777 4071 noema
810 4021 858 4070 iter
876 4034 946 4071 essct.
981 4022 1066 4085 Simul]
1086 4022 1141 4071 Uno
1162 4034 1280 4087 tempore.
1310 4024 1367 4069 D.-

213 4091 283 4135 Hanc
293 4106 383 4149 opernm
400 4091 443 4135 titi
454 4085 517 4149 dico]
531 4086 692 4134 Auscultandi
708 4086 774 4134 scili·
809 4086 899 4135 Divide
908 4090 1016 4143 verbum,
1028 4100 1053 4136 et
1065 4088 1118 4151 lege
1130 4090 1193 4145 Tam,
1205 4106 1273 4151 marn
1285 4097 1322 4137 te:
1337 4094 1366 4140 ut,

212 4164 252 4201 cet
268 4162 293 4200 et
305 4152 427 4201 audiendi
461 4154 531 4199 Hane
546 4168 635 4212 operam
652 4154 696 4199 tibi
712 4150 775 4214 dico]
809 4152 872 4199 Eun.
882 4152 914 4200 iv.
922 4156 944 4200 4.
953 4156 991 4200 50.
1003 4156 1057 4201 Tam
1064 4159 1118 4209 scio,
1126 4170 1191 4216 quan
1199 4170 1233 4201 me
1242 4159 1323 4202 ninere
1341 4150 1364 4196 li

214 4216 273 4265 Plus
281 4226 319 4265 est
327 4222 384 4276 dico,
394 4232 466 4280 quarn
476 4221 510 4264 do.
540 4218 640 4264 Dicatur
649 4228 775 4279 perpetuo,
844 4219 880 4265 16.
893 4220 969 4265 Iliiin
982 4218 1205 4281 Lemniamatesset]
1218 4220 1295 4267 Recte
1308 4230 1363 4265 race-

212 4284 283 4330 datur
304 4282 335 4329 ad
363 4294 466 4345 ternpus
501 4282 631 4343 D.-Ergo
657 4280 776 4345 auxatia]
809 4290 857 4341 tur,
879 4298 923 4331 cur
943 4284 1059 4331 Chremes
1083 4284 1198 4331 ierit:.et
1220 4282 1308 4331 dicitur
1327 4294 1364 4327 cur

212 4346 280 4410 Ergo
295 4346 359 4395 sudi.
392 4349 461 4395 lianc
477 4364 568 4408 qurum
584 4349 627 4393 titi
644 4346 707 4408 rimo]
721 4347 773 4395 Αιι-
808 4348 945 4412 Demipho:
965 4358 1094 4413 utrumque
1111 4364 1155 4413 pro
1166 4360 1310 4412 argumento
1324 4354 1362 4393 est

210 4411 295 4461 dicudi
311 4410 355 4459 tibi
372 4426 471 4475 operam
488 4412 564 4459 uado.
577 4414 592 4445 ⁶
605 4410 717 4459 dominos
733 4427 774 4459 ro·
809 4413 840 4461 D.

209 4486 277 4541 gent.
310 4476 384 4526 Nunc
399 4476 467 4536 dicit,
483 4476 558 4526 suslte
575 4490 617 4525 eos
632 4476 720 4535 iacere,
732 4478 774 4540 qui
841 4477 878 4529 17.
897 4481 938 4527 Aa
955 4480 1064 4541 hospitem
1084 4476 1217 4543 antiquum
1238 4478 1279 4528 Sic
1298 4475 1357 4535 virg.
