2834 4759
235 183 298 248 114
682 182 962 248 TERENTII
1226 189 1383 268 [scrusv.

277 318 422 383 Primum
437 318 479 383 ad
493 317 663 401 Chrysidis
678 327 805 401 patrem
821 339 866 381 se.
900 317 949 381 St.
967 318 1126 384 Fabulam
1139 322 1292 405 inceptat.
1326 320 1382 385 Cu.

344 416 432 481 Sine.

242 567 246 584 ,
277 515 340 579 Ca.
357 514 449 578 Itane
466 536 543 578 vero
556 513 734 578 obturbat?
768 512 833 579 Cu.
848 513 967 601 Perge.
1004 516 1067 581 Cn.
1084 516 1171 581 Tum
1186 519 1213 581 is
1228 516 1306 581 mihi
1320 538 1386 601 cog·

343 622 440 675 natus
455 609 528 688 iuit,

241 748 247 758 ·
278 708 347 782 Qui
360 732 435 774 eum
450 708 591 792 recepit:
615 708 660 771 ibi
675 730 739 791 ego
753 708 863 773 audivi
877 731 919 773 ex
934 708 1000 786 illo,
1017 733 1089 775 sese
1103 734 1177 777 esse
1192 710 1346 779 Atticum.

237 822 268 868 2⁵
280 807 314 871 Is
330 808 375 871 ibi
397 818 545 871 mortuus
559 817 621 869 est.
659 806 724 869 Cu.
743 805 827 889 Ejus
843 811 984 872 nomen?
1021 808 1084 875 Ca.
1102 810 1231 877 Nomen
1246 826 1312 877 tarn
1332 815 1388 877 cito

243 952 248 963 .
343 905 424 969 sibit
449 903 586 968 Phania

278 1002 343 1066 Cu.
360 1000 459 1077 Hem,
475 1001 567 1085 perii.
607 1000 670 1063 Cn.
687 998 812 1064 Verum
826 1000 937 1066 hercle
958 1003 1074 1087 opinor
1096 1004 1197 1069 fuisse
1217 1005 1385 1072 Phaniam:

343 1100 408 1163 hoc
422 1110 512 1163 certo
527 1099 606 1176 scio,

242 1233 250 1249 ··
281 1197 521 1262 Rhamnusium
548 1218 583 1261 se
605 1196 713 1261 aiebat
734 1218 819 1261 esse.
865 1197 930 1262 Cn.
947 1198 979 1262 Ο
994 1199 1143 1283 Jupiter!
1183 1202 1247 1265 Cs.
1272 1202 1388 1267 Eadem

343 1296 427 1365 haec.
444 1294 597 1371 Chreme,

274 1390 380 1456 Multi
393 1390 447 1455 alii
461 1392 495 1454 in
510 1390 627 1454 Andro
645 1401 714 1454 tum
737 1391 901 1458 audivere.
940 1394 1005 1459 Cu.
1029 1394 1164 1459 Utinam
1180 1396 1214 1460 id
1236 1398 1290 1475 sit,
1308 1398 1388 1482 quod

345 1510 463 1573 spero:
487 1486 562 1563 eho,
577 1488 630 1552 dio
644 1487 734 1566 mihi,

280 1586 371 1659 Quid
387 1586 549 1649 comtum?
573 1606 706 1649 suamne
729 1607 803 1649 esse
824 1586 955 1651 aiebat?
994 1586 1057 1650 Cn.
1074 1587 1163 1654 Non.
1203 1590 1269 1653 Cu.
1284 1589 1388 1674 Cujam

346 1683 468 1765 igitur?
506 1681 568 1746 Ca.
586 1681 710 1745 Fratris
725 1682 834 1746 filiam.

235 1886 266 1936 de
290 1885 407 1948 naufrago
424 1884 450 1932 in
466 1883 525 1933 litus
541 1887 619 1946 ejecto
635 1893 708 1946 atque
725 1899 800 1948 egen·
833 1882 922 1941 dicere,
935 1884 1081 1935 irascentem
1092 1885 1150 1943 filio,
1163 1886 1291 1937 Critonem
1301 1888 1387 1937 subno-

237 1950 261 1997 ti
286 1950 318 1997 Ι).
834 1949 910 1997 nenti.
945 1946 1023 2024 Perii]
1046 1948 1102 1999 Hoc
1119 1951 1264 2015 Pamphilus
1280 1964 1332 2017 post
1346 1952 1387 1999 ira·

269 2014 308 2061 22.
325 2015 428 2061 mass
439 2014 472 2060 ud
488 2014 607 2075 Chrysidis
615 2012 720 2075 putrem]
734 2012 801 2067 Quid
833 2012 948 2061 cundiam
959 2024 1043 2077 patns.
1061 2015 1103 2062 An
1115 2015 1229 2065 Chremis
1241 2028 1279 2065 est
1287 2016 1387 2069 dolentis,

234 2081 405 2139 estpriasuss?
421 2092 452 2125 an
481 2076 522 2124 uia
530 2086 615 2139 postea
626 2087 737 2125 mortuus
746 2078 799 2125 esti
834 2077 980 2139 selsdeJus
991 2078 1148 2137 mentionem,
1160 2079 1198 2127 vei
1211 2081 1277 2143 quod
1287 2082 1311 2128 in
1323 2079 1387 2127 filiam

236 2144 349 2191 Fabatum
363 2092 480 2203 incepturi
496 2141 547 2189 Aut
557 2140 589 2188 cd
603 2140 747 2189 comoediam
762 2156 802 2189 re·
835 2156 899 2205 pene
908 2142 1037 2205 peccarat?
1058 2144 1140 2191 Verum
1151 2147 1227 2193 hercle
1238 2144 1327 2207 ορῑιιον]
1342 2144 1387 2191 Hoc

237 2206 293 2254 tulit
308 2205 431 2268 subulam:
455 2204 512 2267 quia
527 2203 614 2266 sabain
629 2205 757 2263 comoedia,
778 2214 803 2253 et
834 2205 914 2253 adhuc
929 2214 1072 2254 cunctanter
1084 2216 1121 2255 est
1131 2207 1241 2257 dictum:
1260 2220 1285 2258 et
1296 2209 1347 2257 ideo
1357 2208 1388 2255 in-

236 2270 295 2334 quia
305 2280 476 2333 argumentum
488 2269 557 2331 quasi
569 2268 656 2316 tabule
672 2279 800 2324 narratur;
834 2267 902 2331 diget
926 2270 1117 2319 confirmatione.
1152 2272 1281 2323 D.—Hsss
1305 2286 1389 2337 appone

235 2345 279 2383 aut
289 2344 356 2383 certe
367 2334 399 2383 ad
410 2332 548 2381 irrisionem
564 2332 712 2380 narrationis
725 2332 800 2388 dicits
834 2332 962 2397 superiori,
975 2343 1003 2381 ut
1014 2350 1118 2399 semper.
1143 2334 1172 2383 B.

236 2398 327 2448 etenim
339 2402 392 2446 olim
401 2397 488 2445 fabulae
499 2396 633 2460 proprium,
642 2406 670 2444 ut
682 2395 802 2445 Horatius
868 2398 907 2447 27.
925 2400 1089 2446 Rhamnusium
1101 2398 1139 2462 se]
1159 2400 1254 2449 Piraeus
1270 2410 1295 2450 et
1307 2400 1388 2449 Rham-

237 2462 314 2511 Serm.
337 2462 362 2510 ii.
380 2463 402 2510 6.
420 2462 546 2512 iit-oiim
562 2462 671 2509 umacus
690 2464 803 2509 arbanam
835 2477 890 2517 uus,
908 2470 933 2509 et
959 2472 1048 2510 cetera
1078 2463 1247 2525 hujuscemodi
1280 2464 1389 2513 maritima

235 2543 383 2583 mennas
395 2541 498 2587 paupere
507 2524 588 2586 fertur
604 2527 725 2586 Accepisse
741 2542 802 2583 coeo,
836 2524 927 2573 Atticae
939 2526 1030 2590 oppida
1046 2526 1206 2591 intelligenda
1222 2538 1287 2579 sunt.
1314 2530 1388 2576 iiius·

235 2599 332 2640 estem
343 2592 611 2651 aetusbospesossieum.
636 2588 667 2636 D.
835 2606 885 2646 nus,
913 2605 991 2653 pagus
1020 2591 1111 2639 Attice
1137 2602 1182 2641 est.
1217 2592 1388 2641 D.—Rhunsu-

269 2657 308 2702 28.
327 2650 607 2714 Ituaeneroobtsrbutt]
625 2652 652 2699 si
666 2652 800 2701 subdistin-
834 2656 891 2701 eium
908 2670 933 2702 se
949 2652 1039 2717 debut]
1064 2656 1143 2705 Locus
1163 2666 1202 2705 est
1223 2672 1300 2721 prope
1322 2656 1389 2705 sue-

235 2719 290 2782 guit
302 2720 480 2780 (subdistinguit
492 2716 542 2776 Z.),
551 2720 696 2777 interstrepit
703 2716 801 2780 accipe:
835 2732 886 2765 nus.
911 2717 1041 2781 E.-Lege
1052 2722 1218 2769 Murranum
1231 2738 1279 2771 sese
1289 2724 1350 2769 aibat
1359 2736 1388 2767 ss·

236 2783 259 2831 si
281 2797 331 2830 non
347 2781 477 2844 distinguit
494 2780 630 2843 (distinguis
654 2780 704 2839 Z.),
722 2784 804 2829 evertit
835 2797 866 2829 ss.
892 2781 920 2829 Β.

236 2846 367 2909 inteiligas.
401 2848 469 2894 Itane
485 2861 537 2892 sero
552 2844 693 2906 obturbari]
711 2845 803 2902 Potest,
870 2846 908 2893 28.
926 2847 1000 2895 Mults·
1014 2850 1058 2895 uis'i
1073 2851 1098 2896 s's
1114 2848 1209 2911 Andro]
1228 2850 1285 2899 Hoc
1301 2852 1388 2897 teatine-

236 2915 299 2959 ituse
314 2926 373 2967 sero,
384 2907 562 2971 subdistingui:
580 2908 652 2956 etsie
663 2924 720 2956 cum
735 2924 801 2957 corn·
835 2912 897 2957 siam
909 2926 992 2958 eaecum
1003 2910 1099 2959 dicitur.
1117 2912 1323 2963 Testimoniorum
1333 2912 1390 2961 enin

236 2973 601 3031 minationeinierri,obtssrbnt.
629 2972 735 3021 u.-1ta
751 2989 808 3021 uero.
836 2973 922 3021 modus
944 2974 1037 3038 duplex
1053 2986 1104 3024 est:
1129 2976 1265 3039 srmffestas
1281 2988 1306 3027 et
1320 2992 1389 3025 cecus

237 3037 377 3105 obturbari]
395 3038 435 3087 lta
449 3037 544 3085 scilicet
557 3036 746 3098 interloquiturt
772 3037 802 3085 E.
835 3036 975 3098 Muss'jirstas
990 3049 1034 3097 est,
1050 3040 1093 3101 qui
1107 3052 1187 3089 certos
1205 3052 1282 3091 testes
1298 3051 1321 3089 et
1336 3054 1389 3103 pra·

237 3103 320 3150 -Pro
342 3111 396 3159 tun,
416 3102 482 3164 quod
504 3116 603 3165 prorsus
623 3100 736 3163 ineptum
758 3111 803 3159 cst,
835 3110 917 3149 sentes
934 3102 1015 3151 habet.
1051 3106 1136 3162 Cacus,
1153 3105 1246 3168 inquo
1265 3102 1389 3155 multitudi-

237 3166 332 3229 corrige
344 3174 376 3222 ts,
386 3175 411 3214 et
422 3166 486 3214 refer
496 3164 527 3213 ad
536 3180 613 3227 perge.
643 3165 672 3211 Β.
836 3178 901 3223 nem,
915 3176 959 3214 aut
973 3167 1096 3216 civitatem
1109 3168 1213 3218 dicimus
1225 3170 1302 3225 scires
1319 3179 1344 3217 ut
1355 3166 1389 3215 Ci-

271 3231 310 3277 24„
328 3232 366 3277 Ibi
377 3247 418 3291 ego
429 3232 508 3278 nudius·
518 3246 546 3277 es
564 3226 617 3290 iilo]
636 3228 729 3291 Magna
744 3244 803 3277 con·
836 3242 900 3285 cero,
919 3230 976 3293 (pro
993 3230 1052 3295 Leg.
1071 3232 1139 3281 Man.
1152 3232 1198 3295 ii),
1215 3236 1289 3283 Testis
1304 3242 1335 3283 est
1351 3240 1391 3279 totu

238 3292 344 3341 firmatio
355 3293 465 3342 veritatis
476 3302 521 3341 est.
551 3292 756 3340 D.-Menander
778 3292 804 3340 in
836 3295 935 3347 Sicine,-
958 3295 1023 3356 quod
1039 3306 1121 3344 tamen
1136 3298 1278 3347 audientem
1293 3308 1389 3347 conster-

237 3354 804 3481 {tssttt‘t‘ut‘zitiffttt'ssrti
836 3358 1392 3487 restntntrsuurtrn1.

686 3456 693 3478 i
900 3456 907 3479 2
1209 3460 1216 3473 ⁸
1271 3453 1311 3475 ¹-

238 3484 358 3535 roseus.
382 3481 618 3546 crederepossum
629 3482 805 3543 ιὶιτὴνοῑκῐιιν
837 3484 933 3597 Andre}
955 3486 994 3534 Ne
1015 3503 1102 3551 parum
1122 3488 1169 3539 sibi
1186 3490 1248 3539 iides
1264 3492 1390 3540 haberetur.

240 3547 386 3611 Εῑλὴφιιμιν.
411 3548 451 3596 W.
836 3548 915 3597 aliosi
945 3551 1193 3613 cognovisseasserit.
1217 3549 1389 3611 Utimidu't]

272 3615 311 3661 25.
329 3614 416 3661 Nosses
428 3621 475 3661 tuns
486 3616 531 3661 ein
543 3611 619 3676 tebit]
637 3612 695 3661 Non
711 3626 802 3675 negan-
836 3613 954 3663 Chremes
962 3625 1119 3678 posteaquam
1130 3618 1225 3667 audivit
1235 3634 1322 3668 nornen
1331 3614 1390 3665 iratis

238 3677 270 3726 tis
282 3686 327 3733 est,
338 3678 382 3725 scd
393 3676 492 3725 difficile
509 3692 537 3725 se
550 3676 673 3725 dicturum
688 3676 803 3724 ostendit.
837 3677 882 3734 sui,
895 3676 937 3740 qui
952 3678 1047 3728 Phania
1061 3680 1114 3738 fuit,
1129 3682 1268 3745 suspicatus
1284 3698 1335 3731 eam
1349 3695 1388 3745 pu·

238 3740 344 3804 Phania]
359 3742 415 3789 Hoc
425 3742 459 3789 ita
470 3740 531 3789 dicit
545 3740 622 3797 Crito,
634 3751 745 3787 usnemu
759 3756 803 3789 au·
837 3740 917 3800 ellam,
934 3758 988 3804 quae
1004 3759 1060 3792 curn
1078 3744 1120 3792 iilo
1143 3746 1308 3808 navigaverat,
1324 3744 1389 3793 filiam

238 3806 315 3855 diret:
344 3806 438 3854 scilicet
459 3804 538 3853 adbuc
560 3804 682 3861 dubitans,
699 3804 758 3851 ani
790 3820 804 3853 e
836 3820 913 3863 suam,
934 3806 990 3854 ideo
1005 3807 1072 3865 dicit,
1089 3810 1183 3857 Utinam
1197 3814 1238 3859 buc
1257 3816 1295 3869 sit,
1312 3808 1389 3871 inquit,

237 3870 277 3919 sit.
296 3868 467 3919 D.-Faliitur
479 3868 599 3924 Donatus,
609 3868 651 3931 qui
663 3877 733 3931 putat
743 3868 760 3915 il
771 3869 803 3917 ud
852 3872 896 3917 uod
904 3886 976 3931 epm.
1006 3872 1040 3919 Et
1055 3872 1190 3936 interrogat
1204 3890 1236 3923 an
1250 3875 1291 3923 ifle
1306 3870 1390 3921 Phanis

237 3936 329 3983 Pionia
337 3933 466 3982 summisse
474 3932 710 3980 dictumaCritone.
737 3932 802 3981 Nam
863 3933 1102 3985 iamsuamdiceret.
1131 3938 1204 3993 Quod
1217 3938 1389 3989 eumsuuisset,

237 3999 369 4047 Chremem
380 3997 509 4055 audivisse,
518 4005 587 4061 patet
597 4011 629 4044 ex
640 3995 752 4059 proxima
763 4012 802 4044 se·
834 3998 989 4047 confirmavit
1004 4000 1115 4059 dicendo,
1130 4004 1197 4050 Certe
1208 4020 1258 4051 sssu
1274 4010 1313 4051 eet.
1335 4000 1390 4049 E.-

237 4063 375 4125 quentibus
410 4062 463 4109 Nos
480 4076 525 4124 pro
541 4063 592 4116 tibi.
609 4060 674 4121 quod
688 4060 715 4108 in
732 4060 801 4109 codd.
836 4061 1042 4127 Deietum,quod
1056 4066 1214 4116 abestacod.
1230 4062 1387 4121 Petrensini·

237 4126 381 4189 'quibusdam
400 4124 553 4189 perantiquis
573 4126 649 4181 abest,
660 4124 802 4187 reponimus
835 4125 869 4173 hii
890 4127 985 4176 coniers
1006 4130 1143 4187 sententie,
1163 4142 1188 4180 et
1210 4142 1288 4181 metro
1309 4142 1387 4193 repug-

238 4202 303 4237 eart.
338 4190 403 4237 Nam
425 4189 484 4238 olim
503 4192 554 4251 jam
576 4187 660 4246 tuisse,
677 4188 719 4250 qui
741 4188 803 4237 illud
836 4198 885 4237 nat
900 4191 928 4239 Β.

236 4255 330 4305 Pissia
341 4253 477 4302 tribuerent
485 4252 621 4317 Pamphilo,
630 4262 698 4317 patet
707 4268 739 4303 ex
751 4254 802 4301 Do·
869 4256 907 4303 29.
917 4254 999 4317 cujum
1006 4256 1110 4321 igiturt]
1119 4258 1229 4317 vetuste,
1237 4260 1323 4323 cajan-
1331 4254 1387 4320 quod

239 4326 304 4366 nato.
326 4317 354 4364 B.
836 4318 948 4369 omnibus
964 4322 1095 4383 generibus
1107 4332 1133 4371 et
1147 4323 1243 4373 casibus
1259 4322 1337 4373 serait.
1360 4320 1386 4367 D.

271 4382 310 4431 26.
336 4379 409 4443 Hesi]
435 4382 498 4430 Sunt
514 4379 556 4445 qui
572 4389 661 4444 putent
678 4381 803 4430 Simonem
835 4383 936 4445 —Legs
947 4386 1178 4437 sibatcbmetrum.
1204 4388 1231 4435 B.
