2834 4759
295 1002 340 1079 c.
363 999 629 1082 sutr1s11
661 1006 937 1105 Aronmn.
1034 1042 1040 1057 ·

37 1216 344 1296 PERIOCHA
380 1222 444 1296 IN
479 1222 734 1299 TERENT.
766 1224 1194 1302 PHORMIONEM.

167 1516 382 1601 Canauna-rs
396 1534 497 1602 frater
511 1538 625 1603 aberat
636 1558 776 1623 peregre
790 1536 968 1623 Demipho,

167 1630 299 1699 Relicto
313 1631 455 1699 Athenis
470 1633 661 1721 Antiphone
675 1634 754 1702 filio.

165 1729 324 1798 Chremes
339 1731 421 1799 clam
434 1734 580 1802 habebat
595 1735 712 1803 Lemni
726 1756 873 1815 uxorem,
889 1746 924 1801 et
937 1732 1051 1816 filiam;

165 1826 307 1895 Athenis
321 1830 414 1897 aliam
429 1835 611 1919 conjugem,
626 1846 661 1899 et
674 1845 835 1900 amantem
849 1834 944 1899 unice

166 1927 314 1995 Gnatum
326 1930 511 1998 fidicinam:
533 1945 637 2000 mater
650 1956 670 1999 e
685 1932 812 1999 Lemno
826 1932 957 1997 advenit

166 2023 337 2093 Athenas:
353 2030 504 2097 moritur:
520 2032 612 2117 virgo
628 2031 696 2097 sola
711 2031 837 2115 (aberat
851 2028 1022 2114 Chremes)

164 2122 278 2190 Funus
293 2139 466 2213 procurat:
489 2130 535 2195 rhi
549 2152 621 2195 eam
634 2130 736 2195 risam
750 2126 899 2214 Antipho

165 2222 278 2296 Quum
293 2238 427 2306 amaret,
443 2251 543 2315 opera
557 2228 692 2316 parasiti
705 2248 842 2292 uxorem
857 2226 984 2310 accipit.

166 2322 267 2389 Pater
280 2336 315 2390 et
329 2324 487 2393 Chremes
501 2330 624 2393 reversi
637 2326 794 2391 fremere:
818 2324 895 2389 dein
908 2324 1010 2387 minas

166 2420 320 2507 Triginta
333 2424 414 2489 dant
428 2428 584 2511 parasito,
599 2436 637 2491 ut
650 2423 737 2489 illam
751 2422 923 2508 conjugem

166 2520 318 2587 Haberet
331 2523 420 2609 ipse:
443 2533 580 2611 argento
594 2524 657 2590 hoc
672 2525 790 2589 emitur
801 2523 943 2589 fidicina.

166 2622 313 2691 Uxorem
326 2627 445 2693 retinet
459 2626 609 2714 Antipho
622 2650 643 2693 a
655 2637 775 2713 patruo
789 2628 940 2713 agnitam.

116 3158 214 3220 AELll
242 3160 420 3233 nonnul,
447 3160 487 3221 V.
512 3162 548 3222 C.
577 3160 792 3223 ORATORIS
817 3158 940 3222 URBIS
968 3160 1113 3234 quAE,

193 3274 417 3336 PRAEFATIO
438 3276 485 3335 IN
505 3274 804 3336 PHORMIONEM
825 3274 1041 3335 TERENTII.

65 3451 152 3501 Hauc
164 3452 315 3512 eomoediarm
326 3451 482 3503 manifestum
493 3462 538 3513 est,
549 3452 618 3519 prius
635 3453 667 3502 ah
683 3452 834 3517 Apollodoro
849 3453 895 3501 sub
909 3450 957 3501 alio
972 3450 1079 3512 nomine,
1091 3453 1138 3503 hoc
1149 3462 1195 3515 est,

29 3530 247 3593 ἐπιδικοζόμσνη
258 3536 344 3584 Gracc
354 3536 471 3600 scriptam
481 3550 543 3593 esse.
555 3550 627 3598 quam
640 3534 729 3583 Latine
745 3550 760 3583 a
776 3532 894 3583 Terentio
905 3536 1068 3583 promtam
1101 3535 1196 3591 Quam·

31 3614 119 3663 obrem
135 3614 204 3663 nulla
219 3615 339 3665 dubitatio
350 3626 395 3675 est,
406 3617 470 3665 hane
486 3616 562 3666 solam
578 3631 633 3665 esse
649 3615 689 3663 cui
707 3629 798 3664 nomen
816 3624 890 3680 poeta
908 3616 1051 3663 mutaverit:
1070 3624 1096 3663 et
1113 3632 1195 3667 errare

31 3710 83 3752 eos,
104 3695 148 3758 qui
167 3695 193 3743 in
212 3696 258 3745 hac
278 3697 452 3747 Phormionem
472 3697 607 3763 parasitum
627 3704 716 3761 putant
736 3711 751 3745 a
768 3694 872 3745 formula
886 3694 944 3754 litis,
963 3710 1035 3757 quam
1053 3696 1196 3757 intenderit,

32 3776 202 3825 nominaturus
225 3794 301 3840 quum
316 3780 404 3827 Graeca
419 3778 503 3841 lingua
519 3778 593 3827 liaeus
608 3786 721 3841 sparteus
732 3774 824 3839 (Glosa
842 3777 933 3823 Formio
950 3774 1061 3838 κόφινος·
1077 3778 1197 3839 παρῆκται

31 3854 59 3904 tt
69 3856 175 3906 drhroi
185 3856 334 3918 Ἑλληνικοῦ,
346 3860 378 3907 dr
388 3860 401 3908 δ
412 3857 527 3909 Ἡσίοδος.
561 3858 644 3907 Verba
661 3856 767 3905 Hesiodi
784 3856 915 3905 laudantur
925 3856 952 3905 in
964 3856 1070 3920 Etymol
1084 3857 1193 3921 Magno:

31 3938 117 3987 otras
133 3936 162 3987 il
178 3940 206 3987 dr
222 3941 317 4003 φορμᾷι
335 3939 362 3987 in
379 3955 439 3988 voce
457 3938 591 4003 populosas.
610 3938 684 3987 llasll.
701 3938 770 4001 Mag.
786 3936 813 3985 in
829 3936 974 3986 Exercitatt.
992 3937 1082 3999 φορμὸε
1092 3938 1106 3985 δ
1117 3946 1193 3987 καλα-

30 4017 122 4069 utam
152 4019 279 4083 Ulpiaat
294 4022 332 4069 12
344 4022 364 4080 i.
379 4022 416 4069 18.
431 4020 456 4068 fl:
473 4020 504 4069 de
519 4020 590 4069 iustu.
607 4029 633 4067 ct
647 4018 717 4067 iustr.
729 4016 863 4079 seruisset,
881 4025 906 4065 at
922 4019 1036 4080 spongia,
1047 4025 1072 4065 ct
1088 4034 1160 4077 m,
1172 4026 1195 4083 ot

30 4116 114 4162 scopas
130 4099 172 4164 la)
183 4111 209 4150 et
219 4110 329 4151 stramen
345 4102 470 4151 nauticum
487 4101 523 4150 sic
539 4100 649 4150 dicatur:
668 4101 763 4162 acujus
774 4097 811 4147 rei
823 4096 862 4147 vel
873 4096 1015 4161 capacitate,
1028 4097 1067 4146 vel
1079 4096 1193 4159 utilitate,

30 4181 108 4231 etiam
119 4183 151 4231 ab
161 4182 312 4248 Apollodoro
325 4182 448 4249 parasium
459 4182 614 4231 Phormionis
625 4179 725 4229 nomine
737 4188 900 4243 nuncupatur.
935 4178 996 4227 Haec
1007 4178 1083 4242 igitur
1093 4180 1194 4245 propria

29 4272 85 4313 tota
103 4268 200 4313 notoria
216 4272 261 4322 est,
280 4273 305 4313 et
323 4264 350 4312 in
369 4263 496 4313 affectibus
512 4262 646 4313 constitura
664 4277 728 4327 pene
748 4260 888 4323 majoribus,
908 4274 981 4324 quam
998 4260 1106 4309 comicus
1124 4261 1196 4329 stilus

29 4354 158 4407 poscuet:
176 4344 224 4394 nisi
240 4344 306 4409 quod
321 4354 374 4394 arte
389 4354 469 4410 poetae
479 4344 563 4394 omnia
577 4343 702 4392 moderata
717 4350 781 4391 sunt.
816 4339 912 4390 Primos
922 4340 949 4389 in
961 4356 991 4390 ea
1001 4351 1091 4407 partes,
1103 4350 1132 4390 ut
1142 4342 1196 4407 ipse

30 4436 109 4488 poeta
124 4424 248 4491 proteram
258 4436 304 4486 est,
316 4436 384 4475 tenet
393 4429 508 4486 Ptoms'o,
523 4425 643 4476 mundas
660 4426 728 4483 Geta,
746 4423 829 4475 tertias
840 4426 969 4486 Destpto:
986 4423 1090 4474 subinde
1104 4424 1195 4483 caten,
