2834 4759
244 4 309 69 366

329 136 391 202 Mt.
411 136 501 209 Quid
517 135 617 201 tristis
632 138 692 200 esi
730 134 799 199 Da.
816 133 930 219 Rogas
944 157 1007 212 me,
1022 136 1079 199 nbi
1094 136 1188 199 nobis
1203 134 1369 200 AEscbinus

331 236 417 312 Siet,
428 234 507 319 quid
522 234 623 299 tristis
638 256 701 319 ego
716 234 798 297 simi
835 232 900 296 Mt.
919 233 1029 297 Dixin’
1044 232 1108 298 hoc
1122 233 1213 298 foret

329 334 420 407 Quid
435 332 535 398 feciti
573 332 641 397 Dn.
658 332 750 405 Quid
762 330 816 395 ille
831 330 968 397 fecerit?
990 354 1088 417 quem
1101 354 1207 417 neque
1222 332 1325 417 pudet

304 446 318 491 5
332 434 535 517 Quicquam3
557 453 618 495 nec
632 430 747 494 metuit
760 452 954 515 quemquam
967 456 975 507 3
999 452 1105 515 neque
1121 429 1226 515 legem
1239 441 1332 515 putat

328 530 459 599 Tenere
477 552 511 593 se
527 527 642 593 ullam:
666 550 741 592 nam
755 526 822 606 illa,
837 552 912 613 quae
926 527 1064 594 antebac
1079 528 1267 604 factasunt,

329 629 472 693 Omitto:
497 628 593 692 modo
609 627 688 712 quid
704 627 904 711 designavit!
943 626 1009 691 Mt.
1026 626 1193 700 Quidnam
1206 627 1241 691 id
1254 630 1325 692 esti

328 728 398 792 Da.
415 726 517 792 Fores
532 726 673 811 effregit,
689 739 788 812 atque
802 728 836 790 in
849 726 931 791 aedis
945 726 1039 791 irruit

329 824 482 891 Alienus:
505 826 612 911 ipsum
627 825 803 902 dominum,
819 836 917 909 atquc
932 846 1059 890 omnem
1076 823 1229 889 familiam

242 1034 300 1083 dum
319 1033 397 1083 iaciat.
428 1033 583 1082 Dedicat
606 1031 726 1097 mutuae]
751 1033 804 1081 lra-
836 1032 933 1096 nauitt]
946 1036 1075 1096 Deriguere
1087 1042 1124 1084 est
1138 1048 1191 1081 rem
1209 1046 1298 1081 noram
1312 1031 1386 1085 neca

243 1100 316 1148 cundi
332 1098 438 1147 bominis
449 1098 565 1147 continuo
576 1099 736 1162 pronunciata
747 1114 803 1146 sen·
836 1099 863 1147 in
875 1110 1002 1161 utramque
1015 1109 1117 1162 partem,
1129 1109 1155 1146 et
1167 1099 1257 1146 bonam
1269 1108 1294 1146 et
1304 1094 1385 1144 malent

242 1165 320 1213 tentia
330 1174 374 1222 est,
387 1164 428 1227 qui
439 1164 556 1212 salutatus
568 1162 700 1211 resalutare
717 1163 803 1211 noluit.
837 1164 901 1212 Nam
914 1173 939 1211 et
949 1167 1105 1226 designatores
1115 1162 1183 1218 dicti,
1195 1161 1240 1225 qui
1253 1162 1317 1212 lodis
1327 1161 1385 1208 iant·

242 1230 386 1287 E.—Eircm,
409 1228 474 1292 quod
496 1228 612 1291 probatur
634 1227 703 1276 libris
725 1228 803 1285 bonis,
837 1228 920 1277 bribus
936 1238 1059 1293 presunt:
1082 1227 1155 1275 credo
1171 1228 1280 1276 obeam
1294 1238 1385 1281 canan,

241 1291 709 1415 ἒὶἷῗὶἒῖἵέώ3ιὶῶῖἳὶθέῗὲῗέ
722 1302 805 1415 ⁰⁸23}
835 1292 1385 1417 ttlitttllttlnlttatd‘iss

242 1439 314 1485 quam
332 1372 804 1487 vdgarinem.q13.qcmerumpeiecte
836 1423 900 1470 fiunt
911 1421 973 1485 (qua
981 1421 1065 1484 ,inerat
1079 1422 1139 1470 Mas
1156 1432 1181 1470 et
1196 1422 1253 1471 edd,
1270 1420 1337 1481 vett.)
1352 1426 1386 1466 art

242 1488 347 1537 Daceria
360 1489 433 1536 verba
447 1486 607 1551 praecedentis
619 1502 698 1535 scenae
709 1486 803 1544 ultima,
836 1488 862 1535 in
872 1487 1024 1551 spectaculis,
1035 1497 1078 1535 aut
1091 1486 1118 1535 in
1134 1486 1227 1535 litibus.
1259 1488 1328 1535 uoto
1340 1485 1386 1547 quit

241 1556 330 1601 Salvom
347 1560 369 1601 tc
385 1555 498 1607 advertire,
511 1560 553 1599 etc.
570 1551 646 1599 refert
657 1551 687 1600 ad
703 1551 802 1600 initium
834 1551 994 1617 designatiu]
1008 1552 1071 1599 Puto
1082 1567 1127 1615 ego
1141 1554 1327 1614 desig-actim,
1337 1563 1385 1597 coa·

241 1618 313 1679 hujus
325 1632 410 1665 scenae.
439 1617 503 1665 Nam
515 1616 543 1663 lit
554 1616 612 1663 inde
624 1616 722 1665 initium
734 1632 803 1664 novae
836 1618 986 1679 tractionem,
1003 1626 1046 1665 aut
1063 1616 1254 1665 conductionem
1271 1614 1352 1680 populi
1364 1612 1385 1659 ia

241 1681 358 1730 orationis
375 1682 405 1729 ad
416 1696 553 1746 personam,
564 1696 617 1743 quse
629 1696 683 1730 cum
696 1682 802 1729 maxime
834 1697 910 1730 unum
931 1681 1052 1744 intelligi:
1079 1681 1126 1729 boc
1146 1681 1213 1729 enim
1230 1680 1298 1730 oonti
1331 1676 1384 1733 'tei¹

241 1746 347 1795 advenit.
373 1746 400 1794 Z.
834 1747 877 1809 qui
893 1746 974 1810 aliquo
990 1746 1082 1809 flagitio
1093 1745 1179 1810 populi
1191 1745 1218 1794 in
1234 1762 1262 1795 se
1330 1751 1386 1792 oset

274 1814 297 1859 2.
318 1814 381 1863 Quid
398 1809 636 1873 transcriptione
653 1810 801 1873 interrogat:
835 1826 878 1859 ora
896 1811 1025 1869 convertit,
1043 1820 1068 1859 et
1086 1810 1228 1874 spectaculo
1250 1821 1289 1860 est
1309 1808 1385 1870 rttlgt=

241 1876 321 1941 potuit
341 1876 405 1924 enim
427 1890 476 1925 non
496 1875 573 1923 iratus
590 1875 666 1923 irater
686 1891 801 1938 quaerere.
835 1876 1037 1939 quemadmodum
1049 1878 1212 1938 deagnurms,
1225 1876 1268 1939 qui
1282 1874 1343 1923 ludis
1354 1872 1385 1919 tu·

246 1944 292 1990 Ubi
307 1944 371 1989 uobis
387 1943 510 1989 AEscltinus
526 1940 582 2003 sict]
601 1939 676 1995 Quasi
691 1941 803 2003 quaedant
834 1941 950 1990 nebribus
966 1940 1148 1988 multitudinem
1163 1940 1282 1989 retinent.
1314 1941 1385 1999 Daie-

240 2006 357 2055 eausaait
374 2005 485 2054 tristitiae.
515 2006 659 2068 D.-Rogos
669 2004 739 2068 met]
758 2006 802 2053 ln·
834 2005 928 2069 acciti]
949 2006 1004 2054 Hoc
1021 2006 1121 2054 verbum
1137 2005 1204 2069 apud
1223 2016 1320 2054 veteres
1336 2003 1385 2050 dots

240 2080 349 2134 terrogas
369 2086 408 2119 me
428 2070 487 2133 quid
507 2086 553 2133 ego
576 2070 651 2118 tristis
672 2070 726 2129 sim,
746 2086 803 2119 cum
834 2086 874 2119 res
890 2070 1058 2134 significabat:
1086 2070 1177 2119 etenim
1197 2085 1276 2134 prave
1291 2078 1385 2118 ceraste

240 2134 612 2185 AEscbinumliliumbabemust
633 2134 802 2184 Deindesum-
834 2136 905 2193 facta,
920 2139 1041 2199 ἀκέραια
1056 2135 1207 2184 dicebantur.
1244 2133 1386 2189 maseati

240 2200 273 2249 sit
289 2201 427 2264 genemlem
448 2200 634 2257 accusationem,
652 2217 717 2263 guerr
732 2217 802 2263 reque
834 2200 903 2264 cett]
914 2200 948 2248 lit
956 2202 1002 2248 hoc
1011 2200 1083 2248 etiam
1093 2208 1257 2249 contemnens
1265 2201 1386 2260 interrogat

238 2269 316 2327 podet,
333 2282 403 2329 neque
419 2269 499 2313 metuit
516 2282 648 2329 quenquam,
666 2274 708 2313 etc.
739 2266 803 2312 li—
836 2265 920 2314 Micio.
936 2264 1385 2328 D.-Ditsignacit!]Dissigmpt⁰·

240 2330 290 2378 Pro
304 2334 398 2393 rogitas,
419 2331 502 2378 Bemb.
523 2330 615 2378 Victor.
632 2329 744 2378 etmulti
759 2328 801 2377 alii
834 2331 887 2394 prie
897 2329 987 2378 dicitur
993 2330 1084 2392 aliquid
1092 2329 1216 2393 signatum
1225 2330 1321 2394 legibus
1329 2341 1386 2375 rnn-

240 2396 513 2443 codd.lrabentrecter
541 2411 574 2442 as.
599 2395 626 2442 B.
832 2410 899 2460 pere.
934 2394 1031 2443 Deinde
1047 2395 1138 2458 positio
1154 2392 1209 2459 ipsa
1225 2405 1265 2444 est
1280 2390 1385 2444 criminin

273 2462 295 2507 3.
308 2410 541 2522 Diainaboosoreii
550 2460 687 2522 Gradojara‚
700 2462 801 2518 utsolet,
833 2461 1120 2523 sedperarguntetttum.
1149 2460 1217 2507 Nam
1231 2474 1289 2508 cum
1302 2454 1385 2530 lenonis

239 2524 377 2587 objurgabit.
402 2525 433 2572 D.
833 2525 932 2573 domum
943 2524 982 2573 vel
993 2524 1079 2573 cellam
1091 2524 1173 2584 potius
1184 2522 1385 2573 adolescentium·

272 2592 294 2637 4.
311 2592 373 2641 Quid
376 2588 436 2652 fecit
444 2587 469 2651 t]
483 2588 533 2635 Alii
545 2588 636 2637 habent
649 2592 713 2640 Quid
728 2588 749 2636 is
760 2587 801 2652 se-
833 2598 872 2638 set
890 2589 1021 2653 ingressus,
1038 2598 1066 2637 ut
1082 2589 1238 2637 meretricem
1257 2588 1385 2641 abduuet

239 2658 291 2702 cit?
308 2654 519 2702 Utrumvisrecte.
544 2654 672 2705 B.—Quid
684 2656 724 2701 illc
735 2651 800 2715 fece·
833 2654 873 2702 bic
884 2669 1034 2717 exaggerans
1046 2654 1113 2711 dicit,
1129 2656 1200 2702 Fores
1215 2657 1385 2717 qffregr’tatqtt

238 2718 304 2783 riti]
321 2718 580 2776 Animadvertendum,
593 2728 621 2765 ut
638 2718 801 2781 interrogatus
833 2722 926 2767 iaaedis
937 2722 1007 2767 irruit
1017 2722 1112 2766 alienas
1136 2718 1165 2766 tt.

239 2784 373 2847 interroget
389 2798 456 2831 more
470 2783 656 2846 indignantium,
670 2784 734 2845 quod
746 2783 801 2831 ideo
866 2786 888 2832 8.
906 2786 977 2832 Fores
992 2782 1095 2847 effregit]
1115 2784 1177 2831 Hac
1193 2783 1292 2847 singola
1307 2792 1386 2844 magn!

237 2850 302 2907 facit,
312 2847 369 2911 quia
380 2848 446 2896 videt
460 2848 592 2897 Micionem
604 2864 633 2896 eo
643 2848 712 2896 vultu
723 2848 800 2895 inter·
833 2864 889 2897 cnm
896 2849 1069 2897 vociferatione
1077 2848 1205 2896 inserenda
1214 2860 1287 2897 sunt:
1304 2857 1385 2895 stons-

238 2928 266 2961 ro
282 2930 330 2971 are,
348 2924 375 2962 ut
392 2914 502 2961 videatur
519 2913 599 2961 minus
621 2913 801 2977 reprehendere
833 2913 1385 2975 chatnrenimadversustneleinterrogantem

238 2994 251 3025 c
278 2994 334 3041 pam
342 2978 461 3026 AEschini.
486 2978 624 3031 D.--Quem
635 2994 706 3040 neque
714 2982 787 3039 pudet
833 2982 904 3027 Fores
914 2971 1384 3041 efflegs'tmtqueinaedatimitaiM]

238 3042 355 3091 Priscian.
377 3041 430 3090 libr.
453 3042 520 3090 xviii.
543 3043 694 3090 Menander=
718 3042 789 3091 ‘Osi
833 3043 922 3091 Totum
932 3044 1030 3105 quidem
1038 3058 1114 3091 unam
1124 3042 1219 3091 crimen
1230 3054 1284 3091 est:
1302 3038 1386 3103 Rapuit

238 3106 287 3155 οὔτ’
297 3108 403 3169 ἐρυθριᾷν
413 3106 482 3165 οἶδεν,
495 3107 550 3155 obre
561 3105 665 3165 δεδιέναι,
673 3106 708 3155 'rb
719 3109 801 3170 πρῶτα
831 3108 992 3156 meretricem.
1023 3108 1072 3155 Sed
1088 3107 1152 3166 vide,
1167 3123 1217 3170 qua
1233 3122 1267 3172 po
1343 3116 1384 3166 qm

237 3167 317 3229 πόσης
325 3173 369 3229 τῆς
378 3170 493 3220 ἀναιδείας
505 3170 564 3233 ἔχει
588 3172 614 3219 L.
833 3173 1004 3221 vociferatione
1017 3172 1133 3221 dilatetur
1146 3172 1271 3221 accusatio
1377 3200 1383 3223 r

271 3238 293 3283 5.
314 3235 385 3289 Quem
402 3252 473 3299 aegrae
490 3240 563 3297 pudet
581 3240 707 3300 quiequam,
729 3254 800 3299 neque
833 3238 979 3286 demonibus
987 3234 1383 3295 AEseniniminilntsiinaniauoe

237 3304 318 3349 metuit
328 3300 466 3364 quenquam]
479 3300 554 3349 Varie
569 3316 694 3365 percursus
705 3302 799 3350 discur-
831 3308 908 3351 nanta
916 3302 1016 3366 corrigit
1024 3302 1168 3362 Boeclerus)
1175 3302 1313 3351 mierentia
1321 3302 1383 3348 rau

172 3398 176 3408 ‹
238 3364 278 3423 rit,
298 3368 368 3417 Quem
384 3382 454 3428 neque
471 3368 542 3428 pudet
558 3370 693 3429 quicquain:
714 3378 799 3415 contra
829 3368 1113 3430 effregit‚atqueirtaedis
1123 3370 1196 3415 inuit
1209 3365 1311 3427 adm]
1328 3364 1382 3411 ll&

237 3430 298 3479 illud
310 3431 373 3493 quod
386 3430 442 3478 alibi
454 3439 524 3495 pater
534 3430 601 3489 dicit,
613 3434 723 3489 Erubuit,
734 3434 799 3480 saion
830 3432 926 3495 singula
937 3432 1114 3481 consideranda
1123 3441 1189 3480 strat.
1224 3432 1260 3480 Et
1275 3432 1335 3480 bene
1348 3426 1381 3475 (li-

237 3504 322 3544 retest.
349 3499 419 3549 Quem
427 3512 497 3559 neque
503 3495 715 3559 pudetquicquarn]
726 3497 798 3559 Mag·
830 3498 864 3545 cit
874 3500 970 3556 oliam
981 3496 1075 3559 quiesi
1094 3495 1191 3545 lenonis
1204 3497 1305 3553 diceret,

237 3576 270 3609 no
281 3559 367 3609 ordine
376 3561 514 3609 accusavit:
532 3575 589 3617 non,
601 3562 688 3624 inquit,
705 3561 798 3625 pudore
830 3577 871 3610 res
879 3562 1009 3610 videretur.
1027 3563 1165 3610 D.-Foree
1174 3560 1281 3625 effregit]
1293 3560 1314 3608 ti
1324 3557 1380 3623 pita·

237 3636 349 3674 movetur
371 3637 475 3690 patrum,
500 3640 548 3675 non
570 3636 638 3675 metu
659 3636 797 3690 parentum,
829 3626 968 3675 libaaxix.
983 3626 1008 3675 ff.
1023 3627 1055 3675 de
1070 3626 1157 3675 furtis:
1179 3628 1253 3675 Fores
1266 3624 1381 3674 meai&

237 3706 287 3739 non
295 3690 475 3767 timorelegutn.
503 3690 799 3754 Ergogradatimaiitnrss
829 3694 1121 3755 effregititbsdnuscaasa.
1146 3691 1174 3739 L·

237 3756 535 3883 orlilorl'inlilicidsiilimldj
556 3820 623 3867 liene
641 3828 724 3878 terrere,
741 3820 798 3882 quia
830 3758 981 3870 egd'inlfflg
996 3755 1123 3885 mags]
1139 3756 1379 3891 digium

235 3884 331 3948 legem:
349 3896 374 3933 et
390 3896 427 3934 est
438 3884 573 3947 ἀμφιβολία
587 3883 699 3933 oratoria.
733 3886 796 3933 Nara
828 3889 883 3934 licta
893 3886 1012 3950 multavit]
1025 3884 1198 3946 Autsaariiiaut
1209 3900 1256 3951 pro
1265 3896 1338 3933 sam
1347 3878 1377 3926 lt·

235 3952 446 4012 iiloqaaecnuirac
455 3949 525 4013 factu
540 3948 701 4011 suntomttto]
714 3951 796 3997 Accu·
828 3951 899 3999 nonis
915 3951 982 4009 dicit,
999 3962 1042 4000 aut
1057 3966 1104 4013 pro
1120 3950 1295 3999 meretricibus»
1321 3944 1379 3993 D.··

236 4013 298 4061 satio
316 4015 365 4063 duo
381 4024 491 4079 tempora
510 4014 613 4079 recipit;
636 4014 795 4079 praeteritum,
828 4018 906 4078 Imaus
916 4018 1029 4065 domim
1046 4014 1160 4063 lenonem
1177 4013 1322 4079 appellaritr
1339 4008 1377 4055 de·

236 4079 267 4127 ab
282 4088 340 4127 ante
356 4080 447 4143 gestis:
473 4090 498 4127 et
514 4094 629 4144 presens,
646 4079 677 4127 ab
693 4080 725 4127 iis
741 4095 797 4142 quae
828 4080 1190 4139 numerumnunerum
1220 4079 1376 4137 Eshoequtst

236 4142 390 4205 objiciuntur.
424 4144 491 4207 Ergo
502 4155 631 4207 utrumque
642 4144 704 4193 mira
716 4144 796 4192 brevi·
828 4145 938 4194 criminis
953 4162 1032 4209 genus
1049 4146 1186 4210 probavita
1200 4144 1306 4200 matus
1320 4132 1374 4202 qud

236 4218 286 4257 tate
298 4207 448 4270 perstrinxit
473 4209 504 4256 D.
828 4228 902 4258 nunes
917 4214 1025 4268 clareant,
1041 4214 1199 4272 indignissime
1208 4207 1304 4272 soem
1330 4204 1373 4251 Dt-

269 4274 291 4325 7.
307 4270 403 4333 Omitto]
413 4270 557 4335 nupdnndus.
576 4275 644 4321 Modo
653 4276 711 4335 quid
719 4277 795 4337 desig-
829 4276 886 4324 inde
897 4276 986 4337 adiecit
994 4275 1209 4339 comparationem,
1219 4272 1282 4337 quod
1292 4266 1374 4319 nciliis
