<?xml version="1.0" encoding="UTF-8"?>
<!DOCTYPE html PUBLIC "-//W3C//DTD XHTML 1.0 Transitional//EN"
    "http://www.w3.org/TR/xhtml1/DTD/xhtml1-transitional.dtd">
<html xmlns="http://www.w3.org/1999/xhtml" xml:lang="en" lang="en">
 <head>
  <title>
</title>
<meta http-equiv="Content-Type" content="text/html;charset=utf-8" />
  <meta name='ocr-system' content='tesseract 3.04.00' />
  <meta name='ocr-capabilities' content='ocr_page ocr_carea ocr_par ocr_line ocrx_word'/>
</head>
<body>
  <div class='ocr_page' id='page_1' title='image "./publiiterentiic01lindgoog/publiiterentiic01lindgoog_0272.png"; bbox 0 0 2834 4759; ppageno 0'>
   <div class='ocr_carea' id='block_1_1' title="bbox 207 221 1371 308">
    <p class='ocr_par' dir='ltr' id='par_1_1' title="bbox 207 221 1371 308">
     <span class='ocr_line' id='line_1_1' title="bbox 207 221 1371 308; baseline -0.001 -18"><span class='ocrx_word' id='word_1_1' title='bbox 207 227 273 290; x_wconf 73' lang='lat'><strong>230</strong></span> <span class='ocrx_word' id='word_1_2' title='bbox 647 221 926 289; x_wconf 85' lang='lat' dir='ltr'><strong>TERENTII</strong></span> <span class='ocrx_word' id='word_1_3' title='bbox 1200 224 1323 308; x_wconf 81' lang='lat' dir='ltr'><strong>[acras</strong></span> <span class='ocrx_word' id='word_1_4' title='bbox 1339 244 1371 288; x_wconf 86' lang='lat' dir='ltr'><strong>v.</strong></span> 
     </span>
    </p>
   </div>
   <div class='ocr_carea' id='block_1_2' title="bbox 207 354 1181 1125">
    <p class='ocr_par' dir='ltr' id='par_1_2' title="bbox 252 354 1020 443">
     <span class='ocr_line' id='line_1_2' title="bbox 252 354 1020 443; baseline -0.008 -19"><span class='ocrx_word' id='word_1_5' title='bbox 252 354 439 425; x_wconf 76' lang='lat' dir='ltr'><strong>Praesertim</strong></span> <span class='ocrx_word' id='word_1_6' title='bbox 454 362 553 443; x_wconf 85' lang='lat' dir='ltr'><strong>quum</strong></span> <span class='ocrx_word' id='word_1_7' title='bbox 568 380 602 424; x_wconf 85' lang='lat' dir='ltr'><strong>se</strong></span> <span class='ocrx_word' id='word_1_8' title='bbox 619 380 748 423; x_wconf 87' lang='lat' dir='ltr'><strong>servum</strong></span> <span class='ocrx_word' id='word_1_9' title='bbox 762 355 905 421; x_wconf 73' lang='lat' dir='ltr'><strong>fateatur</strong></span> <span class='ocrx_word' id='word_1_10' title='bbox 918 366 1020 419; x_wconf 88' lang='lat' dir='ltr'><strong>tuum.</strong></span> 
     </span>
    </p>

    <p class='ocr_par' dir='ltr' id='par_1_3' title="bbox 207 452 1181 931">
     <span class='ocr_line' id='line_1_3' title="bbox 207 452 1181 537; baseline -0.005 -15"><span class='ocrx_word' id='word_1_11' title='bbox 207 468 239 517; x_wconf 77' lang='lat'><strong>2⁶</strong></span> <span class='ocrx_word' id='word_1_12' title='bbox 250 456 318 521; x_wconf 80' lang='lat' dir='ltr'><strong>Tu.</strong></span> <span class='ocrx_word' id='word_1_13' title='bbox 338 456 444 521; x_wconf 87' lang='lat' dir='ltr'><strong>Missa</strong></span> <span class='ocrx_word' id='word_1_14' title='bbox 457 456 529 522; x_wconf 80' lang='lat' dir='ltr'><strong>haec</strong></span> <span class='ocrx_word' id='word_1_15' title='bbox 542 456 716 521; x_wconf 80' lang='lat' dir='ltr'><strong>faciaums=</strong></span> <span class='ocrx_word' id='word_1_16' title='bbox 739 475 806 519; x_wconf 89' lang='lat' dir='ltr'><strong>non</strong></span> <span class='ocrx_word' id='word_1_17' title='bbox 820 465 854 517; x_wconf 84' lang='lat' dir='ltr'><strong>te</strong></span> <span class='ocrx_word' id='word_1_18' title='bbox 869 453 1014 537; x_wconf 83' lang='lat' dir='ltr'><strong>dignum,</strong></span> <span class='ocrx_word' id='word_1_19' title='bbox 1030 452 1181 531; x_wconf 64' lang='lat' dir='ltr'><strong>Chaerea,</strong></span> 
     </span>
     <span class='ocr_line' id='line_1_4' title="bbox 250 550 1007 640; baseline -0.004 -23"><span class='ocrx_word' id='word_1_20' title='bbox 250 553 388 632; x_wconf 83' lang='lat' dir='ltr'><strong>Fecisti3</strong></span> <span class='ocrx_word' id='word_1_21' title='bbox 411 576 486 618; x_wconf 88' lang='lat' dir='ltr'><strong>nam</strong></span> <span class='ocrx_word' id='word_1_22' title='bbox 501 556 528 618; x_wconf 90' lang='lat' dir='ltr'><strong>si</strong></span> <span class='ocrx_word' id='word_1_23' title='bbox 543 576 606 640; x_wconf 86' lang='lat' dir='ltr'><strong>ego</strong></span> <span class='ocrx_word' id='word_1_24' title='bbox 621 555 721 638; x_wconf 83' lang='lat' dir='ltr'><strong>digna</strong></span> <span class='ocrx_word' id='word_1_25' title='bbox 735 552 797 616; x_wconf 91' lang='lat' dir='ltr'><strong>hac</strong></span> <span class='ocrx_word' id='word_1_26' title='bbox 812 550 1007 617; x_wconf 86' lang='lat' dir='ltr'><strong>contumelia</strong></span> 
     </span>
     <span class='ocr_line' id='line_1_5' title="bbox 251 649 1120 736; baseline -0.001 -22"><span class='ocrx_word' id='word_1_27' title='bbox 251 650 331 715; x_wconf 91' lang='lat' dir='ltr'><strong>Sum</strong></span> <span class='ocrx_word' id='word_1_28' title='bbox 345 674 505 723; x_wconf 85' lang='lat' dir='ltr'><strong>maxume.</strong></span> <span class='ocrx_word' id='word_1_29' title='bbox 521 663 557 716; x_wconf 88' lang='lat' dir='ltr'><strong>at</strong></span> <span class='ocrx_word' id='word_1_30' title='bbox 572 656 608 715; x_wconf 84' lang='lat' dir='ltr'><strong>tu</strong></span> <span class='ocrx_word' id='word_1_31' title='bbox 622 652 775 736; x_wconf 79' lang='lat' dir='ltr'><strong>indignus</strong></span> <span class='ocrx_word' id='word_1_32' title='bbox 790 651 847 733; x_wconf 92' lang='lat' dir='ltr'><strong>qui</strong></span> <span class='ocrx_word' id='word_1_33' title='bbox 860 649 987 714; x_wconf 81' lang='lat' dir='ltr'><strong>faceres</strong></span> <span class='ocrx_word' id='word_1_34' title='bbox 1002 660 1120 714; x_wconf 84' lang='lat' dir='ltr'><strong>tamen.</strong></span> 
     </span>
     <span class='ocr_line' id='line_1_6' title="bbox 249 746 1095 834; baseline 0 -21"><span class='ocrx_word' id='word_1_35' title='bbox 249 748 370 834; x_wconf 85' lang='lat' dir='ltr'><strong>Neque</strong></span> <span class='ocrx_word' id='word_1_36' title='bbox 386 748 524 834; x_wconf 80' lang='lat' dir='ltr'><strong>aedepol,</strong></span> <span class='ocrx_word' id='word_1_37' title='bbox 540 748 620 834; x_wconf 92' lang='lat' dir='ltr'><strong>quid</strong></span> <span class='ocrx_word' id='word_1_38' title='bbox 634 770 722 813; x_wconf 88' lang='lat' dir='ltr'><strong>nunc</strong></span> <span class='ocrx_word' id='word_1_39' title='bbox 736 746 861 812; x_wconf 79' lang='lat' dir='ltr'><strong>consilii</strong></span> <span class='ocrx_word' id='word_1_40' title='bbox 875 749 1012 833; x_wconf 89' lang='lat' dir='ltr'><strong>capiam,</strong></span> <span class='ocrx_word' id='word_1_41' title='bbox 1026 748 1095 813; x_wconf 89' lang='lat' dir='ltr'><strong>scie</strong></span> 
     </span>
     <span class='ocr_line' id='line_1_7' title="bbox 250 845 940 931; baseline 0 -22"><span class='ocrx_word' id='word_1_42' title='bbox 250 845 305 910; x_wconf 87' lang='lat' dir='ltr'><strong>De</strong></span> <span class='ocrx_word' id='word_1_43' title='bbox 320 848 444 931; x_wconf 87' lang='lat' dir='ltr'><strong>virgine</strong></span> <span class='ocrx_word' id='word_1_44' title='bbox 458 848 557 911; x_wconf 86' lang='lat' dir='ltr'><strong>istac:</strong></span> <span class='ocrx_word' id='word_1_45' title='bbox 581 848 628 911; x_wconf 84' lang='lat' dir='ltr'><strong>ita</strong></span> <span class='ocrx_word' id='word_1_46' title='bbox 641 846 847 912; x_wconf 86' lang='lat' dir='ltr'><strong>conturbasti</strong></span> <span class='ocrx_word' id='word_1_47' title='bbox 859 845 940 909; x_wconf 85' lang='lat' dir='ltr'><strong>mihi</strong></span> 
     </span>
    </p>

    <p class='ocr_par' dir='ltr' id='par_1_4' title="bbox 207 942 1098 1125">
     <span class='ocr_line' id='line_1_8' title="bbox 207 942 1012 1028; baseline -0.001 -21"><span class='ocrx_word' id='word_1_48' title='bbox 207 954 239 1001; x_wconf 75' lang='lat'><strong>8⁰</strong></span> <span class='ocrx_word' id='word_1_49' title='bbox 251 942 410 1009; x_wconf 83' lang='lat' dir='ltr'><strong>Rationes</strong></span> <span class='ocrx_word' id='word_1_50' title='bbox 426 966 556 1022; x_wconf 84' lang='lat' dir='ltr'><strong>omnes;</strong></span> <span class='ocrx_word' id='word_1_51' title='bbox 579 954 617 1008; x_wconf 89' lang='lat' dir='ltr'><strong>ut</strong></span> <span class='ocrx_word' id='word_1_52' title='bbox 630 966 701 1009; x_wconf 89' lang='lat' dir='ltr'><strong>eam</strong></span> <span class='ocrx_word' id='word_1_53' title='bbox 715 964 781 1008; x_wconf 91' lang='lat' dir='ltr'><strong>non</strong></span> <span class='ocrx_word' id='word_1_54' title='bbox 795 944 917 1028; x_wconf 85' lang='lat' dir='ltr'><strong>possim</strong></span> <span class='ocrx_word' id='word_1_55' title='bbox 933 945 1012 1020; x_wconf 87' lang='lat' dir='ltr'><strong>suis,</strong></span> 
     </span>
     <span class='ocr_line' id='line_1_9' title="bbox 249 1040 1098 1125; baseline 0.001 -21"><span class='ocrx_word' id='word_1_56' title='bbox 249 1040 301 1105; x_wconf 85' lang='lat' dir='ltr'><strong>Ita</strong></span> <span class='ocrx_word' id='word_1_57' title='bbox 315 1050 352 1105; x_wconf 89' lang='lat' dir='ltr'><strong>ut</strong></span> <span class='ocrx_word' id='word_1_58' title='bbox 367 1063 494 1125; x_wconf 73' lang='lat' dir='ltr'><strong>aequom</strong></span> <span class='ocrx_word' id='word_1_59' title='bbox 508 1040 626 1119; x_wconf 83' lang='lat' dir='ltr'><strong>fuerat,</strong></span> <span class='ocrx_word' id='word_1_60' title='bbox 642 1052 741 1125; x_wconf 88' lang='lat' dir='ltr'><strong>atque</strong></span> <span class='ocrx_word' id='word_1_61' title='bbox 756 1053 793 1105; x_wconf 86' lang='lat' dir='ltr'><strong>ut</strong></span> <span class='ocrx_word' id='word_1_62' title='bbox 808 1041 931 1118; x_wconf 85' lang='lat' dir='ltr'><strong>studui,</strong></span> <span class='ocrx_word' id='word_1_63' title='bbox 947 1040 1098 1105; x_wconf 85' lang='lat' dir='ltr'><strong>tradere:</strong></span> 
     </span>
    </p>
   </div>
   <div class='ocr_carea' id='block_1_3' title="bbox 207 1136 1218 1517">
    <p class='ocr_par' dir='ltr' id='par_1_5' title="bbox 249 1136 1218 1418">
     <span class='ocr_line' id='line_1_10' title="bbox 249 1136 1173 1223; baseline 0.001 -22"><span class='ocrx_word' id='word_1_64' title='bbox 249 1136 299 1201; x_wconf 91' lang='lat' dir='ltr'><strong>Ut</strong></span> <span class='ocrx_word' id='word_1_65' title='bbox 314 1136 452 1202; x_wconf 89' lang='lat' dir='ltr'><strong>solidum</strong></span> <span class='ocrx_word' id='word_1_66' title='bbox 468 1160 616 1223; x_wconf 83' lang='lat' dir='ltr'>parerem</span> <span class='ocrx_word' id='word_1_67' title='bbox 629 1138 693 1203; x_wconf 87' lang='lat' dir='ltr'><strong>hoe</strong></span> <span class='ocrx_word' id='word_1_68' title='bbox 707 1138 786 1203; x_wconf 91' lang='lat' dir='ltr'><strong>mihi</strong></span> <span class='ocrx_word' id='word_1_69' title='bbox 800 1137 1006 1216; x_wconf 79' lang='lat' dir='ltr'><strong>beneficium,</strong></span> <span class='ocrx_word' id='word_1_70' title='bbox 1022 1137 1173 1202; x_wconf 68' lang='lat' dir='ltr'><strong>Chaerea.</strong></span> 
     </span>
     <span class='ocr_line' id='line_1_11' title="bbox 251 1233 1218 1322; baseline 0 -24"><span class='ocrx_word' id='word_1_71' title='bbox 251 1233 315 1298; x_wconf 86' lang='lat' dir='ltr'><strong>Cu.</strong></span> <span class='ocrx_word' id='word_1_72' title='bbox 332 1233 380 1299; x_wconf 83' lang='lat' dir='ltr'><strong>At</strong></span> <span class='ocrx_word' id='word_1_73' title='bbox 395 1258 481 1300; x_wconf 89' lang='lat' dir='ltr'><strong>nunc</strong></span> <span class='ocrx_word' id='word_1_74' title='bbox 494 1234 613 1300; x_wconf 88' lang='lat' dir='ltr'><strong>dehine</strong></span> <span class='ocrx_word' id='word_1_75' title='bbox 626 1258 725 1322; x_wconf 84' lang='lat' dir='ltr'><strong>spero</strong></span> <span class='ocrx_word' id='word_1_76' title='bbox 739 1245 893 1300; x_wconf 83' lang='lat' dir='ltr'><strong>aeternam</strong></span> <span class='ocrx_word' id='word_1_77' title='bbox 906 1235 992 1299; x_wconf 86' lang='lat' dir='ltr'><strong>intes</strong></span> <span class='ocrx_word' id='word_1_78' title='bbox 1006 1256 1067 1299; x_wconf 84' lang='lat' dir='ltr'><strong>uos</strong></span> <span class='ocrx_word' id='word_1_79' title='bbox 1082 1235 1218 1320; x_wconf 81' lang='lat' dir='ltr'><strong>gratiam</strong></span> 
     </span>
     <span class='ocr_line' id='line_1_12' title="bbox 249 1331 1140 1418; baseline 0.001 -22"><span class='ocrx_word' id='word_1_80' title='bbox 249 1331 346 1411; x_wconf 89' lang='lat' dir='ltr'><strong>Fore,</strong></span> <span class='ocrx_word' id='word_1_81' title='bbox 362 1331 467 1397; x_wconf 82' lang='lat' dir='ltr'><strong>Thais</strong></span> <span class='ocrx_word' id='word_1_82' title='bbox 481 1357 489 1397; x_wconf 81' lang='lat' dir='ltr'><strong>t</strong></span> <span class='ocrx_word' id='word_1_83' title='bbox 514 1355 603 1418; x_wconf 88' lang='lat' dir='ltr'><strong>saepe</strong></span> <span class='ocrx_word' id='word_1_84' title='bbox 617 1356 661 1397; x_wconf 89' lang='lat' dir='ltr'><strong>ex</strong></span> <span class='ocrx_word' id='word_1_85' title='bbox 674 1333 864 1417; x_wconf 84' lang='lat' dir='ltr'><strong>hujusmodi</strong></span> <span class='ocrx_word' id='word_1_86' title='bbox 878 1355 915 1397; x_wconf 88' lang='lat' dir='ltr'><strong>re</strong></span> <span class='ocrx_word' id='word_1_87' title='bbox 929 1334 1093 1417; x_wconf 83' lang='lat' dir='ltr'><strong>quapiam,</strong></span> <span class='ocrx_word' id='word_1_88' title='bbox 1104 1345 1140 1397; x_wconf 87' lang='lat' dir='ltr'><strong>et</strong></span> 
     </span>
    </p>

    <p class='ocr_par' dir='ltr' id='par_1_6' title="bbox 207 1428 861 1517">
     <span class='ocr_line' id='line_1_13' title="bbox 207 1428 861 1517; baseline 0.003 -24"><span class='ocrx_word' id='word_1_89' title='bbox 207 1440 238 1487; x_wconf 82' lang='grc'><strong>35</strong></span> <span class='ocrx_word' id='word_1_90' title='bbox 251 1428 343 1494; x_wconf 87' lang='lat' dir='ltr'><strong>Malo</strong></span> <span class='ocrx_word' id='word_1_91' title='bbox 357 1431 517 1515; x_wconf 88' lang='lat' dir='ltr'><strong>principio</strong></span> <span class='ocrx_word' id='word_1_92' title='bbox 531 1452 648 1517; x_wconf 82' lang='lat' dir='ltr'><strong>magna</strong></span> <span class='ocrx_word' id='word_1_93' title='bbox 662 1430 861 1495; x_wconf 73' lang='lat' dir='ltr'><strong>familiaritas</strong></span> 
     </span>
    </p>
   </div>
   <div class='ocr_carea' id='block_1_4' title="bbox 202 1612 1375 4505">
    <p class='ocr_par' dir='ltr' id='par_1_7' title="bbox 202 1612 1375 4505">
     <span class='ocr_line' id='line_1_14' title="bbox 208 1612 1372 1680; baseline 0.004 -20"><span class='ocrx_word' id='word_1_94' title='bbox 208 1613 272 1661; x_wconf 84' lang='lat' dir='ltr'><strong>Sane</strong></span> <span class='ocrx_word' id='word_1_95' title='bbox 287 1613 377 1662; x_wconf 83' lang='lat' dir='ltr'><strong>debere</strong></span> <span class='ocrx_word' id='word_1_96' title='bbox 393 1612 498 1662; x_wconf 87' lang='lat' dir='ltr'><strong>dicimur</strong></span> <span class='ocrx_word' id='word_1_97' title='bbox 513 1628 599 1677; x_wconf 85' lang='lat' dir='ltr'><strong>poenaa</strong></span> <span class='ocrx_word' id='word_1_98' title='bbox 616 1628 661 1675; x_wconf 88' lang='lat' dir='ltr'><strong>pra</strong></span> <span class='ocrx_word' id='word_1_99' title='bbox 680 1612 771 1675; x_wconf 83' lang='lat' dir='ltr'><strong>injuria</strong></span> <span class='ocrx_word' id='word_1_100' title='bbox 836 1612 875 1663; x_wconf 78' lang='grc'><strong>87.</strong></span> <span class='ocrx_word' id='word_1_101' title='bbox 893 1616 927 1661; x_wconf 75' lang='lat' dir='ltr'><strong>As</strong></span> <span class='ocrx_word' id='word_1_102' title='bbox 944 1621 971 1661; x_wconf 79' lang='lat' dir='ltr'><strong>ta</strong></span> <span class='ocrx_word' id='word_1_103' title='bbox 989 1615 1098 1675; x_wconf 68' lang='lat' dir='ltr'><strong>indigam</strong></span> <span class='ocrx_word' id='word_1_104' title='bbox 1115 1615 1156 1675; x_wconf 82' lang='lat' dir='ltr'><strong>qai</strong></span> <span class='ocrx_word' id='word_1_105' title='bbox 1167 1612 1261 1674; x_wconf 74' lang='lat' dir='ltr'><strong>soreres</strong></span> <span class='ocrx_word' id='word_1_106' title='bbox 1277 1616 1372 1680; x_wconf 73' lang='lat' dir='ltr'><strong>lanes]</strong></span> 
     </span>
     <span class='ocr_line' id='line_1_15' title="bbox 206 1675 1374 1805; baseline 0.004 -17"><span class='ocrx_word' id='word_1_107' title='bbox 206 1675 770 1804; x_wconf 55' lang='lat' dir='ltr'><strong>{aliialiialtlaalma{³3¹¹</strong></span> <span class='ocrx_word' id='word_1_108' title='bbox 802 1676 1374 1805; x_wconf 55' lang='lat' dir='ltr'><strong>iiaiiadff‘iltltttttalil</strong></span> 
     </span>
     <span class='ocr_line' id='line_1_16' title="bbox 206 1803 1373 1873; baseline 0.004 -22"><span class='ocrx_word' id='word_1_109' title='bbox 206 1804 278 1862; x_wconf 83' lang='lat' dir='ltr'><strong>tisias,</strong></span> <span class='ocrx_word' id='word_1_110' title='bbox 290 1804 312 1853; x_wconf 90' lang='lat' dir='ltr'><strong>si</strong></span> <span class='ocrx_word' id='word_1_111' title='bbox 323 1803 359 1852; x_wconf 92' lang='lat' dir='ltr'><strong>illi</strong></span> <span class='ocrx_word' id='word_1_112' title='bbox 370 1806 461 1853; x_wconf 66' lang='lat' dir='ltr'><strong>cedem</strong></span> <span class='ocrx_word' id='word_1_113' title='bbox 473 1804 585 1853; x_wconf 85' lang='lat' dir='ltr'><strong>intulerit</strong></span> <span class='ocrx_word' id='word_1_114' title='bbox 593 1804 619 1853; x_wconf 91' lang='lat' dir='ltr'><strong>in</strong></span> <span class='ocrx_word' id='word_1_115' title='bbox 631 1804 715 1853; x_wconf 82' lang='lat' dir='ltr'><strong>servili</strong></span> <span class='ocrx_word' id='word_1_116' title='bbox 726 1806 770 1853; x_wconf 88' lang='lat' dir='ltr'><strong>ha·</strong></span> <span class='ocrx_word' id='word_1_117' title='bbox 802 1806 892 1869; x_wconf 78' lang='lat' dir='ltr'><strong>dignus</strong></span> <span class='ocrx_word' id='word_1_118' title='bbox 902 1805 949 1854; x_wconf 69' lang='lat' dir='ltr'><strong>sits</strong></span> <span class='ocrx_word' id='word_1_119' title='bbox 963 1814 1009 1855; x_wconf 84' lang='lat' dir='ltr'><strong>aut</strong></span> <span class='ocrx_word' id='word_1_120' title='bbox 1023 1805 1085 1853; x_wconf 86' lang='lat' dir='ltr'><strong>alter</strong></span> <span class='ocrx_word' id='word_1_121' title='bbox 1099 1805 1195 1869; x_wconf 74' lang='lat' dir='ltr'><strong>dignus,</strong></span> <span class='ocrx_word' id='word_1_122' title='bbox 1208 1806 1270 1856; x_wconf 81' lang='lat' dir='ltr'><strong>alter</strong></span> <span class='ocrx_word' id='word_1_123' title='bbox 1284 1808 1373 1873; x_wconf 70' lang='lat' dir='ltr'><strong>indig-</strong></span> 
     </span>
     <span class='ocr_line' id='line_1_17' title="bbox 207 1868 1085 1932; baseline 0.002 -16"><span class='ocrx_word' id='word_1_124' title='bbox 207 1868 260 1917; x_wconf 89' lang='lat' dir='ltr'><strong>bitu</strong></span> <span class='ocrx_word' id='word_1_125' title='bbox 271 1868 410 1917; x_wconf 87' lang='lat' dir='ltr'><strong>constituto.</strong></span> <span class='ocrx_word' id='word_1_126' title='bbox 429 1872 455 1917; x_wconf 82' lang='lat' dir='ltr'><strong>Si</strong></span> <span class='ocrx_word' id='word_1_127' title='bbox 471 1871 498 1917; x_wconf 85' lang='lat' dir='ltr'><strong>ld</strong></span> <span class='ocrx_word' id='word_1_128' title='bbox 506 1868 618 1932; x_wconf 78' lang='lat' dir='ltr'><strong>fecerim]</strong></span> <span class='ocrx_word' id='word_1_129' title='bbox 637 1869 663 1918; x_wconf 85' lang='lat' dir='ltr'><strong>Si</strong></span> <span class='ocrx_word' id='word_1_130' title='bbox 675 1868 770 1918; x_wconf 79' lang='lat' dir='ltr'><strong>invola-</strong></span> <span class='ocrx_word' id='word_1_131' title='bbox 802 1885 864 1919; x_wconf 87' lang='lat' dir='ltr'><strong>nus:</strong></span> <span class='ocrx_word' id='word_1_132' title='bbox 882 1879 926 1918; x_wconf 86' lang='lat' dir='ltr'><strong>aut</strong></span> <span class='ocrx_word' id='word_1_133' title='bbox 936 1878 1028 1918; x_wconf 79' lang='lat' dir='ltr'><strong>contra</strong></span> <span class='ocrx_word' id='word_1_134' title='bbox 1053 1870 1085 1918; x_wconf 90' lang='lat' dir='ltr'><strong>D.</strong></span> 
     </span>
     <span class='ocr_line' id='line_1_18' title="bbox 206 1931 1374 1997; baseline 0.004 -17"><span class='ocrx_word' id='word_1_135' title='bbox 206 1931 285 1981; x_wconf 84' lang='lat' dir='ltr'><strong>verint</strong></span> <span class='ocrx_word' id='word_1_136' title='bbox 296 1932 322 1980; x_wconf 91' lang='lat' dir='ltr'><strong>in</strong></span> <span class='ocrx_word' id='word_1_137' title='bbox 334 1931 449 1997; x_wconf 83' lang='lat' dir='ltr'><strong>capillum</strong></span> <span class='ocrx_word' id='word_1_138' title='bbox 461 1934 521 1994; x_wconf 86' lang='lat' dir='ltr'><strong>ejus.</strong></span> <span class='ocrx_word' id='word_1_139' title='bbox 548 1934 579 1982; x_wconf 90' lang='lat' dir='ltr'><strong>D.</strong></span> <span class='ocrx_word' id='word_1_140' title='bbox 836 1937 875 1982; x_wconf 86' lang='grc'><strong>28.</strong></span> <span class='ocrx_word' id='word_1_141' title='bbox 892 1936 972 1997; x_wconf 75' lang='lat' dir='ltr'><strong>Neque</strong></span> <span class='ocrx_word' id='word_1_142' title='bbox 982 1936 1076 1996; x_wconf 77' lang='lat' dir='ltr'><strong>aedepol,</strong></span> <span class='ocrx_word' id='word_1_143' title='bbox 1087 1936 1374 1997; x_wconf 73' lang='lat' dir='ltr'><strong>qaldasacmass&#39;liics-</strong></span> 
     </span>
     <span class='ocr_line' id='line_1_19' title="bbox 240 1996 1374 2063; baseline 0.004 -18"><span class='ocrx_word' id='word_1_144' title='bbox 240 1998 279 2045; x_wconf 81' lang='lat'><strong>24.</strong></span> <span class='ocrx_word' id='word_1_145' title='bbox 297 1999 431 2045; x_wconf 73' lang='lat' dir='ltr'><strong>Praesertim</strong></span> <span class='ocrx_word' id='word_1_146' title='bbox 448 2014 516 2059; x_wconf 82' lang='lat' dir='ltr'><strong>qaam</strong></span> <span class='ocrx_word' id='word_1_147' title='bbox 535 2014 559 2045; x_wconf 85' lang='lat' dir='ltr'><strong>ss</strong></span> <span class='ocrx_word' id='word_1_148' title='bbox 574 1997 675 2060; x_wconf 77' lang='lat' dir='ltr'><strong>samm]</strong></span> <span class='ocrx_word' id='word_1_149' title='bbox 698 1996 769 2045; x_wconf 87' lang='lat' dir='ltr'><strong>Nihil</strong></span> <span class='ocrx_word' id='word_1_150' title='bbox 798 2003 863 2061; x_wconf 73' lang='lat' dir='ltr'><strong>pion</strong></span> <span class='ocrx_word' id='word_1_151' title='bbox 873 2002 920 2047; x_wconf 88' lang='lat' dir='ltr'><strong>scis</strong></span> <span class='ocrx_word' id='word_1_152' title='bbox 930 2002 959 2047; x_wconf 82' lang='lat' dir='ltr'><strong>ds</strong></span> <span class='ocrx_word' id='word_1_153' title='bbox 968 2001 1058 2061; x_wconf 52' lang='lat' dir='ltr'><strong>&amp;gisa</strong></span> <span class='ocrx_word' id='word_1_154' title='bbox 1068 1997 1141 2061; x_wconf 81' lang='lat' dir='ltr'><strong>istae]</strong></span> <span class='ocrx_word' id='word_1_155' title='bbox 1158 1998 1280 2063; x_wconf 69' lang='lat' dir='ltr'><strong>Intelligis</strong></span> <span class='ocrx_word' id='word_1_156' title='bbox 1291 2001 1374 2050; x_wconf 81' lang='lat' dir='ltr'><strong>Thais</strong></span> 
     </span>
     <span class='ocr_line' id='line_1_20' title="bbox 207 2060 1375 2125; baseline 0.005 -16"><span class='ocrx_word' id='word_1_157' title='bbox 207 2068 251 2118; x_wconf 79' lang='lat' dir='ltr'><strong>est,</strong></span> <span class='ocrx_word' id='word_1_158' title='bbox 268 2060 355 2123; x_wconf 86' lang='lat' dir='ltr'><strong>inquit,</strong></span> <span class='ocrx_word' id='word_1_159' title='bbox 367 2062 432 2125; x_wconf 87' lang='lat' dir='ltr'><strong>quod</strong></span> <span class='ocrx_word' id='word_1_160' title='bbox 448 2072 562 2121; x_wconf 86' lang='lat' dir='ltr'><strong>metuam,</strong></span> <span class='ocrx_word' id='word_1_161' title='bbox 575 2062 596 2110; x_wconf 85' lang='lat' dir='ltr'><strong>si</strong></span> <span class='ocrx_word' id='word_1_162' title='bbox 611 2062 709 2124; x_wconf 84' lang='lat' dir='ltr'><strong>injtsstc,</strong></span> <span class='ocrx_word' id='word_1_163' title='bbox 726 2071 770 2110; x_wconf 91' lang='lat' dir='ltr'><strong>aut</strong></span> <span class='ocrx_word' id='word_1_164' title='bbox 802 2063 879 2111; x_wconf 84' lang='lat' dir='ltr'><strong>amari</strong></span> <span class='ocrx_word' id='word_1_165' title='bbox 890 2062 1011 2125; x_wconf 74' lang='lat' dir='ltr'><strong>virginem</strong></span> <span class='ocrx_word' id='word_1_166' title='bbox 1022 2064 1053 2111; x_wconf 90' lang='lat' dir='ltr'><strong>ab</strong></span> <span class='ocrx_word' id='word_1_167' title='bbox 1064 2063 1122 2111; x_wconf 85' lang='lat' dir='ltr'><strong>hoc:</strong></span> <span class='ocrx_word' id='word_1_168' title='bbox 1135 2073 1161 2111; x_wconf 86' lang='lat' dir='ltr'><strong>ct</strong></span> <span class='ocrx_word' id='word_1_169' title='bbox 1170 2063 1227 2111; x_wconf 84' lang='lat' dir='ltr'><strong>idco</strong></span> <span class='ocrx_word' id='word_1_170' title='bbox 1237 2063 1273 2113; x_wconf 86' lang='lat' dir='ltr'><strong>sic</strong></span> <span class='ocrx_word' id='word_1_171' title='bbox 1284 2065 1328 2125; x_wconf 90' lang='lat' dir='ltr'><strong>sit,</strong></span> <span class='ocrx_word' id='word_1_172' title='bbox 1343 2076 1375 2115; x_wconf 89' lang='lat' dir='ltr'><strong>ut</strong></span> 
     </span>
     <span class='ocr_line' id='line_1_21' title="bbox 206 2125 1374 2192; baseline 0.006 -19"><span class='ocrx_word' id='word_1_173' title='bbox 206 2140 252 2189; x_wconf 86' lang='lat' dir='ltr'><strong>per</strong></span> <span class='ocrx_word' id='word_1_174' title='bbox 267 2125 380 2188; x_wconf 83' lang='lat' dir='ltr'><strong>injuriam</strong></span> <span class='ocrx_word' id='word_1_175' title='bbox 392 2126 484 2189; x_wconf 85' lang='lat' dir='ltr'><strong>aliquid</strong></span> <span class='ocrx_word' id='word_1_176' title='bbox 496 2126 582 2185; x_wconf 81' lang='lat' dir='ltr'><strong>fecero,</strong></span> <span class='ocrx_word' id='word_1_177' title='bbox 593 2130 690 2175; x_wconf 76' lang='lat' dir='ltr'><strong>maaian</strong></span> <span class='ocrx_word' id='word_1_178' title='bbox 701 2143 770 2189; x_wconf 73' lang='lat' dir='ltr'><strong>qaam</strong></span> <span class='ocrx_word' id='word_1_179' title='bbox 802 2127 916 2176; x_wconf 84' lang='lat' dir='ltr'><strong>conciliet</strong></span> <span class='ocrx_word' id='word_1_180' title='bbox 922 2127 1028 2191; x_wconf 83' lang='lat' dir='ltr'><strong>nuptias.</strong></span> <span class='ocrx_word' id='word_1_181' title='bbox 1042 2128 1107 2175; x_wconf 84' lang='lat' dir='ltr'><strong>Nam</strong></span> <span class='ocrx_word' id='word_1_182' title='bbox 1113 2126 1374 2192; x_wconf 67' lang='lat' dir='ltr'><strong>satissigniestquod</strong></span> 
     </span>
     <span class='ocr_line' id='line_1_22' title="bbox 207 2186 1374 2255; baseline 0.004 -17"><span class='ocrx_word' id='word_1_183' title='bbox 207 2193 244 2238; x_wconf 76' lang='lat' dir='ltr'><strong>iic</strong></span> <span class='ocrx_word' id='word_1_184' title='bbox 256 2206 344 2238; x_wconf 82' lang='lat' dir='ltr'><strong>saraam</strong></span> <span class='ocrx_word' id='word_1_185' title='bbox 356 2200 418 2239; x_wconf 77' lang='lat' dir='ltr'><strong>tauns</strong></span> <span class='ocrx_word' id='word_1_186' title='bbox 424 2189 534 2252; x_wconf 74' lang='lat' dir='ltr'><strong>falsetur</strong></span> <span class='ocrx_word' id='word_1_187' title='bbox 544 2206 567 2239; x_wconf 85' lang='lat' dir='ltr'><strong>se</strong></span> <span class='ocrx_word' id='word_1_188' title='bbox 579 2207 634 2239; x_wconf 80' lang='lat' dir='ltr'><strong>essa.</strong></span> <span class='ocrx_word' id='word_1_189' title='bbox 657 2191 687 2239; x_wconf 77' lang='lat' dir='ltr'><strong>E.</strong></span> <span class='ocrx_word' id='word_1_190' title='bbox 776 2186 781 2194; x_wconf 82' lang='grc'><strong>’</strong></span> <span class='ocrx_word' id='word_1_191' title='bbox 803 2191 909 2240; x_wconf 83' lang='lat' dir='ltr'><strong>eunuchi</strong></span> <span class='ocrx_word' id='word_1_192' title='bbox 918 2191 1028 2240; x_wconf 84' lang='lat' dir='ltr'><strong>habitum</strong></span> <span class='ocrx_word' id='word_1_193' title='bbox 1037 2202 1138 2255; x_wconf 83' lang='lat' dir='ltr'><strong>propter</strong></span> <span class='ocrx_word' id='word_1_194' title='bbox 1150 2192 1212 2241; x_wconf 83' lang='lat' dir='ltr'><strong>hauc</strong></span> <span class='ocrx_word' id='word_1_195' title='bbox 1220 2194 1317 2242; x_wconf 75' lang='lat' dir='ltr'><strong>sumus</strong></span> <span class='ocrx_word' id='word_1_196' title='bbox 1337 2196 1374 2244; x_wconf 80' lang='lat' dir='ltr'><strong>Et</strong></span> 
     </span>
     <span class='ocr_line' id='line_1_23' title="bbox 239 2253 1374 2322; baseline 0.005 -20"><span class='ocrx_word' id='word_1_197' title='bbox 239 2255 277 2303; x_wconf 81' lang='lat'><strong>25.</strong></span> <span class='ocrx_word' id='word_1_198' title='bbox 297 2256 372 2303; x_wconf 73' lang='lat' dir='ltr'><strong>Missa</strong></span> <span class='ocrx_word' id='word_1_199' title='bbox 389 2258 437 2303; x_wconf 72' lang='lat' dir='ltr'><strong>lec</strong></span> <span class='ocrx_word' id='word_1_200' title='bbox 448 2253 578 2317; x_wconf 82' lang='lat' dir='ltr'><strong>sociamus]</strong></span> <span class='ocrx_word' id='word_1_201' title='bbox 599 2256 659 2303; x_wconf 68' lang='lat' dir='ltr'><strong>llaec</strong></span> <span class='ocrx_word' id='word_1_202' title='bbox 676 2254 771 2303; x_wconf 86' lang='lat' dir='ltr'><strong>scilicet</strong></span> <span class='ocrx_word' id='word_1_203' title='bbox 802 2256 858 2304; x_wconf 84' lang='lat' dir='ltr'><strong>vide</strong></span> <span class='ocrx_word' id='word_1_204' title='bbox 869 2256 1073 2319; x_wconf 87' lang='lat' dir='ltr'><strong>quemadmodum</strong></span> <span class='ocrx_word' id='word_1_205' title='bbox 1084 2256 1115 2303; x_wconf 88' lang='lat' dir='ltr'><strong>ad</strong></span> <span class='ocrx_word' id='word_1_206' title='bbox 1127 2255 1266 2320; x_wconf 87' lang='lat' dir='ltr'><strong>captionem</strong></span> <span class='ocrx_word' id='word_1_207' title='bbox 1282 2260 1374 2322; x_wconf 83' lang='lat' dir='ltr'><strong>supti-</strong></span> 
     </span>
     <span class='ocr_line' id='line_1_24' title="bbox 203 2318 1375 2382; baseline 0.004 -15"><span class='ocrx_word' id='word_1_208' title='bbox 203 2318 322 2381; x_wconf 88' lang='lat' dir='ltr'><strong>jocularia</strong></span> <span class='ocrx_word' id='word_1_209' title='bbox 339 2328 365 2367; x_wconf 86' lang='lat' dir='ltr'><strong>et</strong></span> <span class='ocrx_word' id='word_1_210' title='bbox 381 2318 467 2368; x_wconf 83' lang='lat' dir='ltr'><strong>sutilia.</strong></span> <span class='ocrx_word' id='word_1_211' title='bbox 491 2322 545 2367; x_wconf 84' lang='lat' dir='ltr'><strong>Nea</strong></span> <span class='ocrx_word' id='word_1_212' title='bbox 556 2327 578 2367; x_wconf 81' lang='lat' dir='ltr'><strong>le</strong></span> <span class='ocrx_word' id='word_1_213' title='bbox 589 2322 690 2382; x_wconf 75' lang='lat' dir='ltr'><strong>dignam,</strong></span> <span class='ocrx_word' id='word_1_214' title='bbox 702 2321 769 2367; x_wconf 76' lang='lat' dir='ltr'><strong>cnae-</strong></span> <span class='ocrx_word' id='word_1_215' title='bbox 801 2334 871 2369; x_wconf 84' lang='lat' dir='ltr'><strong>arum</strong></span> <span class='ocrx_word' id='word_1_216' title='bbox 886 2334 926 2368; x_wconf 87' lang='lat' dir='ltr'><strong>res</strong></span> <span class='ocrx_word' id='word_1_217' title='bbox 943 2330 1013 2368; x_wconf 83' lang='lat' dir='ltr'><strong>eant:</strong></span> <span class='ocrx_word' id='word_1_218' title='bbox 1038 2319 1103 2382; x_wconf 83' lang='lat' dir='ltr'><strong>quod</strong></span> <span class='ocrx_word' id='word_1_219' title='bbox 1120 2329 1202 2369; x_wconf 71' lang='lat' dir='ltr'><strong>umen</strong></span> <span class='ocrx_word' id='word_1_220' title='bbox 1217 2320 1301 2370; x_wconf 78' lang='lat' dir='ltr'><strong>dicere</strong></span> <span class='ocrx_word' id='word_1_221' title='bbox 1318 2338 1375 2373; x_wconf 86' lang='lat' dir='ltr'><strong>non</strong></span> 
     </span>
     <span class='ocr_line' id='line_1_25' title="bbox 205 2381 1374 2447; baseline 0.003 -17"><span class='ocrx_word' id='word_1_222' title='bbox 205 2399 253 2440; x_wconf 82' lang='lat' dir='ltr'><strong>raa,</strong></span> <span class='ocrx_word' id='word_1_223' title='bbox 270 2381 365 2446; x_wconf 64' lang='lat' dir='ltr'><strong>secuti]</strong></span> <span class='ocrx_word' id='word_1_224' title='bbox 389 2383 528 2432; x_wconf 80' lang='lat' dir='ltr'><strong>Artificiosa</strong></span> <span class='ocrx_word' id='word_1_225' title='bbox 549 2384 668 2431; x_wconf 77' lang='lat' dir='ltr'><strong>meretrix</strong></span> <span class='ocrx_word' id='word_1_226' title='bbox 689 2384 769 2431; x_wconf 87' lang='lat' dir='ltr'><strong>abeo</strong></span> <span class='ocrx_word' id='word_1_227' title='bbox 801 2384 978 2432; x_wconf 81' lang='lat' dir='ltr'><strong>audetThais:</strong></span> <span class='ocrx_word' id='word_1_228' title='bbox 996 2384 1040 2432; x_wconf 88' lang='lat' dir='ltr'><strong>sed</strong></span> <span class='ocrx_word' id='word_1_229' title='bbox 1056 2384 1165 2432; x_wconf 81' lang='lat' dir='ltr'><strong>ostendit</strong></span> <span class='ocrx_word' id='word_1_230' title='bbox 1181 2384 1316 2447; x_wconf 69' lang='lat' dir='ltr'><strong>(am5</strong></span> <span class='ocrx_word' id='word_1_231' title='bbox 1335 2398 1374 2447; x_wconf 72' lang='lat' dir='ltr'><strong>st,</strong></span> 
     </span>
     <span class='ocr_line' id='line_1_26' title="bbox 206 2447 1374 2521; baseline 0.004 -26"><span class='ocrx_word' id='word_1_232' title='bbox 206 2447 271 2509; x_wconf 88' lang='lat' dir='ltr'><strong>quod</strong></span> <span class='ocrx_word' id='word_1_233' title='bbox 282 2447 359 2505; x_wconf 85' lang='lat' dir='ltr'><strong>licuit,</strong></span> <span class='ocrx_word' id='word_1_234' title='bbox 370 2447 402 2495; x_wconf 89' lang='lat' dir='ltr'><strong>ad</strong></span> <span class='ocrx_word' id='word_1_235' title='bbox 419 2447 444 2495; x_wconf 93' lang='lat' dir='ltr'><strong>id</strong></span> <span class='ocrx_word' id='word_1_236' title='bbox 455 2447 520 2510; x_wconf 89' lang='lat' dir='ltr'><strong>quod</strong></span> <span class='ocrx_word' id='word_1_237' title='bbox 536 2448 650 2521; x_wconf 80' lang='lat' dir='ltr'><strong>oportuit,</strong></span> <span class='ocrx_word' id='word_1_238' title='bbox 664 2447 767 2495; x_wconf 81' lang='lat' dir='ltr'><strong>transit:</strong></span> <span class='ocrx_word' id='word_1_239' title='bbox 801 2451 952 2511; x_wconf 75' lang='lat' dir='ltr'><strong>quotidiam</strong></span> <span class='ocrx_word' id='word_1_240' title='bbox 967 2465 1011 2496; x_wconf 83' lang='lat' dir='ltr'><strong>aaa</strong></span> <span class='ocrx_word' id='word_1_241' title='bbox 1026 2451 1096 2497; x_wconf 83' lang='lat' dir='ltr'><strong>audet</strong></span> <span class='ocrx_word' id='word_1_242' title='bbox 1108 2452 1186 2506; x_wconf 70' lang='lat' dir='ltr'><strong>ilicis,</strong></span> <span class='ocrx_word' id='word_1_243' title='bbox 1198 2454 1313 2509; x_wconf 70' lang='lat' dir='ltr'><strong>mandet,</strong></span> <span class='ocrx_word' id='word_1_244' title='bbox 1324 2462 1374 2502; x_wconf 81' lang='lat' dir='ltr'><strong>ete.</strong></span> 
     </span>
     <span class='ocr_line' id='line_1_27' title="bbox 206 2510 1375 2578; baseline 0.006 -19"><span class='ocrx_word' id='word_1_245' title='bbox 206 2525 252 2559; x_wconf 85' lang='lat' dir='ltr'><strong>uec</strong></span> <span class='ocrx_word' id='word_1_246' title='bbox 270 2520 357 2559; x_wconf 83' lang='lat' dir='ltr'><strong>tractat</strong></span> <span class='ocrx_word' id='word_1_247' title='bbox 369 2511 428 2573; x_wconf 84' lang='lat' dir='ltr'><strong>quid</strong></span> <span class='ocrx_word' id='word_1_248' title='bbox 444 2511 477 2559; x_wconf 85' lang='lat' dir='ltr'><strong>sit</strong></span> <span class='ocrx_word' id='word_1_249' title='bbox 493 2511 630 2573; x_wconf 76' lang='lat' dir='ltr'><strong>legittmum</strong></span> <span class='ocrx_word' id='word_1_250' title='bbox 647 2510 769 2572; x_wconf 74' lang='lat' dir='ltr'><strong>(licitatur),</strong></span> <span class='ocrx_word' id='word_1_251' title='bbox 802 2511 1375 2578; x_wconf 61' lang='lat' dir='ltr'><strong>mevinentadoleseensicosjecmrisqeem</strong></span> 
     </span>
     <span class='ocr_line' id='line_1_28' title="bbox 207 2575 1374 2641; baseline 0.005 -18"><span class='ocrx_word' id='word_1_252' title='bbox 207 2575 250 2623; x_wconf 88' lang='lat' dir='ltr'><strong>sed</strong></span> <span class='ocrx_word' id='word_1_253' title='bbox 261 2575 320 2637; x_wconf 84' lang='lat' dir='ltr'><strong>quid</strong></span> <span class='ocrx_word' id='word_1_254' title='bbox 337 2576 472 2624; x_wconf 85' lang='lat' dir='ltr'><strong>honestum.</strong></span> <span class='ocrx_word' id='word_1_255' title='bbox 502 2576 590 2637; x_wconf 83' lang='lat' dir='ltr'><strong>Itaque</strong></span> <span class='ocrx_word' id='word_1_256' title='bbox 609 2585 684 2623; x_wconf 82' lang='lat' dir='ltr'><strong>totam</strong></span> <span class='ocrx_word' id='word_1_257' title='bbox 701 2575 770 2623; x_wconf 85' lang='lat' dir='ltr'><strong>illam</strong></span> <span class='ocrx_word' id='word_1_258' title='bbox 801 2586 887 2634; x_wconf 84' lang='lat' dir='ltr'><strong>tentat,</strong></span> <span class='ocrx_word' id='word_1_259' title='bbox 897 2578 1110 2625; x_wconf 87' lang='lat' dir='ltr'><strong>scieuaamantesu</strong></span> <span class='ocrx_word' id='word_1_260' title='bbox 1118 2577 1253 2641; x_wconf 73' lang='lat' dir='ltr'><strong>virginem:</strong></span> <span class='ocrx_word' id='word_1_261' title='bbox 1265 2580 1374 2629; x_wconf 80' lang='lat' dir='ltr'><strong>etaiam</strong></span> 
     </span>
     <span class='ocr_line' id='line_1_29' title="bbox 206 2639 1250 2706; baseline 0.002 -19"><span class='ocrx_word' id='word_1_262' title='bbox 206 2648 301 2702; x_wconf 76' lang='lat' dir='ltr'><strong>partem</strong></span> <span class='ocrx_word' id='word_1_263' title='bbox 313 2639 370 2687; x_wconf 85' lang='lat' dir='ltr'><strong>lacti</strong></span> <span class='ocrx_word' id='word_1_264' title='bbox 379 2640 509 2688; x_wconf 87' lang='lat' dir='ltr'><strong>accusandi</strong></span> <span class='ocrx_word' id='word_1_265' title='bbox 520 2640 619 2698; x_wconf 89' lang='lat' dir='ltr'><strong>omittit,</strong></span> <span class='ocrx_word' id='word_1_266' title='bbox 629 2649 655 2689; x_wconf 89' lang='lat' dir='ltr'><strong>et</strong></span> <span class='ocrx_word' id='word_1_267' title='bbox 663 2641 693 2689; x_wconf 87' lang='lat' dir='ltr'><strong>ab</strong></span> <span class='ocrx_word' id='word_1_268' title='bbox 704 2639 768 2688; x_wconf 88' lang='lat' dir='ltr'><strong>acci-</strong></span> <span class='ocrx_word' id='word_1_269' title='bbox 801 2641 909 2690; x_wconf 86' lang='lat' dir='ltr'><strong>ostendit</strong></span> <span class='ocrx_word' id='word_1_270' title='bbox 920 2642 1033 2706; x_wconf 75' lang='lat' dir='ltr'><strong>petenda</strong></span> <span class='ocrx_word' id='word_1_271' title='bbox 1043 2641 1090 2689; x_wconf 84' lang='lat' dir='ltr'><strong>sibi</strong></span> <span class='ocrx_word' id='word_1_272' title='bbox 1102 2642 1193 2691; x_wconf 87' lang='lat' dir='ltr'><strong>uxoris.</strong></span> <span class='ocrx_word' id='word_1_273' title='bbox 1217 2642 1250 2690; x_wconf 90' lang='lat' dir='ltr'><strong>D.</strong></span> 
     </span>
     <span class='ocr_line' id='line_1_30' title="bbox 206 2702 1373 2770; baseline 0.006 -19"><span class='ocrx_word' id='word_1_274' title='bbox 206 2702 320 2751; x_wconf 60' lang='lat' dir='ltr'><strong>&amp;nubea</strong></span> <span class='ocrx_word' id='word_1_275' title='bbox 337 2704 526 2767; x_wconf 72' lang='lat' dir='ltr'><strong>(mordentibus,</strong></span> <span class='ocrx_word' id='word_1_276' title='bbox 544 2704 598 2753; x_wconf 87' lang='lat' dir='ltr'><strong>edd.</strong></span> <span class='ocrx_word' id='word_1_277' title='bbox 618 2704 693 2766; x_wconf 81' lang='lat' dir='ltr'><strong>Van.)</strong></span> <span class='ocrx_word' id='word_1_278' title='bbox 711 2719 768 2767; x_wconf 85' lang='lat' dir='ltr'><strong>per·</strong></span> <span class='ocrx_word' id='word_1_279' title='bbox 833 2708 873 2753; x_wconf 83' lang='grc'><strong>80.</strong></span> <span class='ocrx_word' id='word_1_280' title='bbox 891 2706 1373 2770; x_wconf 63' lang='lat' dir='ltr'><strong>Psoaearsponembsuataritstesn</strong></span> 
     </span>
     <span class='ocr_line' id='line_1_31' title="bbox 206 2767 1051 2831; baseline 0.002 -16"><span class='ocrx_word' id='word_1_281' title='bbox 206 2782 273 2815; x_wconf 70' lang='lat' dir='ltr'><strong>sona</strong></span> <span class='ocrx_word' id='word_1_282' title='bbox 295 2767 456 2817; x_wconf 75' lang='lat' dir='ltr'><strong>adclamentis</strong></span> <span class='ocrx_word' id='word_1_283' title='bbox 475 2769 594 2831; x_wconf 78' lang='lat' dir='ltr'><strong>objurgat.</strong></span> <span class='ocrx_word' id='word_1_284' title='bbox 623 2768 675 2817; x_wconf 88' lang='lat' dir='ltr'><strong>Scit</strong></span> <span class='ocrx_word' id='word_1_285' title='bbox 694 2768 770 2827; x_wconf 86' lang='lat' dir='ltr'><strong>enim,</strong></span> <span class='ocrx_word' id='word_1_286' title='bbox 802 2784 847 2819; x_wconf 83' lang='lat' dir='ltr'><strong>sex</strong></span> <span class='ocrx_word' id='word_1_287' title='bbox 856 2769 926 2817; x_wconf 85' lang='lat' dir='ltr'><strong>codd</strong></span> <span class='ocrx_word' id='word_1_288' title='bbox 939 2779 997 2819; x_wconf 79' lang='lat' dir='ltr'><strong>vett.</strong></span> <span class='ocrx_word' id='word_1_289' title='bbox 1021 2770 1051 2817; x_wconf 85' lang='lat' dir='ltr'><strong>li.</strong></span> 
     </span>
     <span class='ocr_line' id='line_1_32' title="bbox 207 2831 1372 2909; baseline 0.005 -30"><span class='ocrx_word' id='word_1_290' title='bbox 207 2844 256 2880; x_wconf 86' lang='lat' dir='ltr'><strong>uno</strong></span> <span class='ocrx_word' id='word_1_291' title='bbox 274 2832 348 2880; x_wconf 86' lang='lat' dir='ltr'><strong>verbo</strong></span> <span class='ocrx_word' id='word_1_292' title='bbox 365 2831 456 2881; x_wconf 86' lang='lat' dir='ltr'><strong>obstari</strong></span> <span class='ocrx_word' id='word_1_293' title='bbox 531 2848 552 2891; x_wconf 86' lang='lat' dir='ltr'><strong>e,</strong></span> <span class='ocrx_word' id='word_1_294' title='bbox 570 2836 637 2881; x_wconf 81' lang='lat' dir='ltr'><strong>licuit</strong></span> <span class='ocrx_word' id='word_1_295' title='bbox 655 2836 719 2891; x_wconf 74' lang='lat' dir='ltr'><strong>milii,</strong></span> <span class='ocrx_word' id='word_1_296' title='bbox 742 2832 770 2881; x_wconf 89' lang='lat' dir='ltr'><strong>in</strong></span> <span class='ocrx_word' id='word_1_297' title='bbox 835 2836 875 2882; x_wconf 84' lang='lat' dir='ltr'><strong>al.</strong></span> <span class='ocrx_word' id='word_1_298' title='bbox 887 2834 936 2882; x_wconf 90' lang='lat' dir='ltr'><strong>Pro</strong></span> <span class='ocrx_word' id='word_1_299' title='bbox 947 2842 1016 2897; x_wconf 76' lang='lat' dir='ltr'><strong>slqss</strong></span> <span class='ocrx_word' id='word_1_300' title='bbox 1027 2834 1168 2909; x_wconf 60' lang='lat' dir='ltr'><strong>lepilaqss.</strong></span> <span class='ocrx_word' id='word_1_301' title='bbox 1185 2835 1259 2893; x_wconf 86' lang='lat' dir='ltr'><strong>Nam,</strong></span> <span class='ocrx_word' id='word_1_302' title='bbox 1271 2839 1309 2885; x_wconf 83' lang='lat' dir='ltr'><strong>its</strong></span> <span class='ocrx_word' id='word_1_303' title='bbox 1319 2840 1372 2886; x_wconf 76' lang='lat' dir='ltr'><strong>its·</strong></span> 
     </span>
     <span class='ocr_line' id='line_1_33' title="bbox 206 2895 1227 2962; baseline 0.003 -17"><span class='ocrx_word' id='word_1_304' title='bbox 206 2895 428 2945; x_wconf 84' lang='lat' dir='ltr'><strong>domemeretricia</strong></span> <span class='ocrx_word' id='word_1_305' title='bbox 443 2897 549 2945; x_wconf 81' lang='lat' dir='ltr'><strong>scricet:</strong></span> <span class='ocrx_word' id='word_1_306' title='bbox 568 2896 770 2946; x_wconf 82' lang='lat' dir='ltr'><strong>nevidesturir·</strong></span> <span class='ocrx_word' id='word_1_307' title='bbox 802 2898 1123 2962; x_wconf 61' lang='lat' dir='ltr'><strong>qss,aoepiua.And.1ii.d</strong></span> <span class='ocrx_word' id='word_1_308' title='bbox 1138 2900 1175 2946; x_wconf 88' lang='grc'><strong>18</strong></span> <span class='ocrx_word' id='word_1_309' title='bbox 1198 2899 1227 2948; x_wconf 86' lang='grc' dir='ltr'><strong>Β.</strong></span> 
     </span>
     <span class='ocr_line' id='line_1_34' title="bbox 205 2959 1373 3027; baseline 0.006 -19"><span class='ocrx_word' id='word_1_310' title='bbox 205 2959 477 3019; x_wconf 60' lang='lat' dir='ltr'><strong>necessilatem</strong></span> <span class='ocrx_word' id='word_1_311' title='bbox 489 2960 556 3010; x_wconf 88' lang='lat' dir='ltr'><strong>illai</strong></span> <span class='ocrx_word' id='word_1_312' title='bbox 591 2962 648 3010; x_wconf 86' lang='lat' dir='ltr'><strong>anui</strong></span> <span class='ocrx_word' id='word_1_313' title='bbox 665 2976 680 3009; x_wconf 87' lang='lat' dir='ltr'><strong>a</strong></span> <span class='ocrx_word' id='word_1_314' title='bbox 695 2970 770 3025; x_wconf 87' lang='lat' dir='ltr'><strong>poeta</strong></span> <span class='ocrx_word' id='word_1_315' title='bbox 834 2966 873 3011; x_wconf 75' lang='lat'><strong>32</strong></span> <span class='ocrx_word' id='word_1_316' title='bbox 888 2965 1145 3024; x_wconf 67' lang='lat' dir='ltr'><strong>Hocmiis&#39;isaelclma,</strong></span> <span class='ocrx_word' id='word_1_317' title='bbox 1154 2962 1373 3027; x_wconf 60' lang='lat' dir='ltr'><strong>memnones</strong></span> 
     </span>
     <span class='ocr_line' id='line_1_35' title="bbox 205 2977 1268 3101; baseline 0.003 -28"><span class='ocrx_word' id='word_1_318' title='bbox 205 3022 305 3073; x_wconf 86' lang='lat' dir='ltr'><strong>inducta</strong></span> <span class='ocrx_word' id='word_1_319' title='bbox 317 3034 360 3073; x_wconf 87' lang='lat' dir='ltr'><strong>est.</strong></span> <span class='ocrx_word' id='word_1_320' title='bbox 384 3028 437 3074; x_wconf 86' lang='lat' dir='ltr'><strong>Nan</strong></span> <span class='ocrx_word' id='word_1_321' title='bbox 449 2977 591 3089; x_wconf 51' lang='lat' dir='ltr'><strong>tadigaaffi</strong></span> <span class='ocrx_word' id='word_1_322' title='bbox 605 3028 769 3101; x_wconf 62' lang='lat' dir='ltr'><strong>Dignumpru</strong></span> <span class='ocrx_word' id='word_1_323' title='bbox 801 3028 1035 3090; x_wconf 86' lang='lat' dir='ltr'><strong>uomenrepetitum</strong></span> <span class='ocrx_word' id='word_1_324' title='bbox 1046 3027 1213 3084; x_wconf 67' lang='lat' dir='ltr'><strong>machaeras.</strong></span> <span class='ocrx_word' id='word_1_325' title='bbox 1235 3028 1268 3076; x_wconf 89' lang='lat' dir='ltr'><strong>D.</strong></span> 
     </span>
     <span class='ocr_line' id='line_1_36' title="bbox 206 3088 1373 3155; baseline 0.004 -19"><span class='ocrx_word' id='word_1_326' title='bbox 206 3088 293 3151; x_wconf 61' lang='lat' dir='ltr'><strong>dignm</strong></span> <span class='ocrx_word' id='word_1_327' title='bbox 311 3098 353 3138; x_wconf 87' lang='lat' dir='ltr'><strong>aut</strong></span> <span class='ocrx_word' id='word_1_328' title='bbox 369 3090 439 3139; x_wconf 86' lang='lat' dir='ltr'><strong>deest</strong></span> <span class='ocrx_word' id='word_1_329' title='bbox 449 3089 558 3153; x_wconf 73' lang='lat' dir='ltr'><strong>saciata:</strong></span> <span class='ocrx_word' id='word_1_330' title='bbox 580 3100 608 3138; x_wconf 91' lang='lat' dir='ltr'><strong>ut</strong></span> <span class='ocrx_word' id='word_1_331' title='bbox 626 3099 666 3147; x_wconf 72' lang='lat' dir='ltr'><strong>art,</strong></span> <span class='ocrx_word' id='word_1_332' title='bbox 684 3107 729 3139; x_wconf 79' lang='lat' dir='ltr'><strong>aas</strong></span> <span class='ocrx_word' id='word_1_333' title='bbox 746 3098 769 3138; x_wconf 89' lang='lat' dir='ltr'><strong>ts</strong></span> <span class='ocrx_word' id='word_1_334' title='bbox 834 3093 874 3139; x_wconf 90' lang='grc'><strong>88.</strong></span> <span class='ocrx_word' id='word_1_335' title='bbox 890 3095 925 3140; x_wconf 84' lang='lat' dir='ltr'><strong>At</strong></span> <span class='ocrx_word' id='word_1_336' title='bbox 944 3108 1004 3140; x_wconf 72' lang='lat' dir='ltr'><strong>»aaa</strong></span> <span class='ocrx_word' id='word_1_337' title='bbox 1022 3095 1103 3140; x_wconf 69' lang='lat' dir='ltr'><strong>ileliae</strong></span> <span class='ocrx_word' id='word_1_338' title='bbox 1121 3090 1199 3155; x_wconf 59' lang='lat' dir='ltr'><strong>mara]</strong></span> <span class='ocrx_word' id='word_1_339' title='bbox 1223 3093 1299 3141; x_wconf 80' lang='lat' dir='ltr'><strong>Nunc</strong></span> <span class='ocrx_word' id='word_1_340' title='bbox 1315 3096 1373 3155; x_wconf 82' lang='lat' dir='ltr'><strong>jara</strong></span> 
     </span>
     <span class='ocr_line' id='line_1_37' title="bbox 206 3153 1374 3227; baseline 0.005 -25"><span class='ocrx_word' id='word_1_341' title='bbox 206 3154 300 3227; x_wconf 64' lang='lat' dir='ltr'><strong>dignam</strong></span> <span class='ocrx_word' id='word_1_342' title='bbox 313 3153 409 3215; x_wconf 72' lang='lat' dir='ltr'><strong>saclitas</strong></span> <span class='ocrx_word' id='word_1_343' title='bbox 424 3153 513 3215; x_wconf 71' lang='lat' dir='ltr'><strong>ficati.</strong></span> <span class='ocrx_word' id='word_1_344' title='bbox 554 3154 620 3203; x_wconf 83' lang='lat' dir='ltr'><strong>Mira</strong></span> <span class='ocrx_word' id='word_1_345' title='bbox 647 3154 769 3203; x_wconf 77' lang='lat' dir='ltr'><strong>accrastio</strong></span> <span class='ocrx_word' id='word_1_346' title='bbox 801 3156 978 3204; x_wconf 68' lang='lat' dir='ltr'><strong>camarare</strong></span> <span class='ocrx_word' id='word_1_347' title='bbox 993 3156 1058 3205; x_wconf 85' lang='lat' dir='ltr'><strong>veris</strong></span> <span class='ocrx_word' id='word_1_348' title='bbox 1073 3156 1234 3220; x_wconf 72' lang='lat' dir='ltr'><strong>equipertus.</strong></span> <span class='ocrx_word' id='word_1_349' title='bbox 1245 3158 1343 3206; x_wconf 81' lang='lat' dir='ltr'><strong>recedit</strong></span> <span class='ocrx_word' id='word_1_350' title='bbox 1356 3174 1374 3208; x_wconf 87' lang='lat' dir='ltr'><strong>a</strong></span> 
     </span>
     <span class='ocr_line' id='line_1_38' title="bbox 205 3216 1372 3285; baseline 0.005 -20"><span class='ocrx_word' id='word_1_351' title='bbox 205 3227 284 3271; x_wconf 76' lang='lat' dir='ltr'><strong>mixta</strong></span> <span class='ocrx_word' id='word_1_352' title='bbox 300 3216 366 3265; x_wconf 90' lang='lat' dir='ltr'><strong>laudi</strong></span> <span class='ocrx_word' id='word_1_353' title='bbox 387 3228 412 3266; x_wconf 86' lang='lat' dir='ltr'><strong>et</strong></span> <span class='ocrx_word' id='word_1_354' title='bbox 430 3218 603 3267; x_wconf 86' lang='lat' dir='ltr'><strong>blandimento.</strong></span> <span class='ocrx_word' id='word_1_355' title='bbox 627 3219 770 3267; x_wconf 79' lang='lat' dir='ltr'><strong>D.-lssssa</strong></span> <span class='ocrx_word' id='word_1_356' title='bbox 798 3220 955 3281; x_wconf 84' lang='lat' dir='ltr'><strong>jaotslaribua.</strong></span> <span class='ocrx_word' id='word_1_357' title='bbox 980 3220 1150 3268; x_wconf 78' lang='lat' dir='ltr'><strong>D.-Atssac</strong></span> <span class='ocrx_word' id='word_1_358' title='bbox 1164 3220 1259 3285; x_wconf 70' lang='lat' dir='ltr'><strong>dehinc]</strong></span> <span class='ocrx_word' id='word_1_359' title='bbox 1272 3222 1372 3271; x_wconf 74' lang='lat' dir='ltr'><strong>Men-</strong></span> 
     </span>
     <span class='ocr_line' id='line_1_39' title="bbox 205 3279 1371 3349; baseline 0.005 -21"><span class='ocrx_word' id='word_1_360' title='bbox 205 3279 393 3344; x_wconf 76' lang='lat' dir='ltr'><strong>iacsaciamas]</strong></span> <span class='ocrx_word' id='word_1_361' title='bbox 413 3282 462 3331; x_wconf 82' lang='lat' dir='ltr'><strong>liic</strong></span> <span class='ocrx_word' id='word_1_362' title='bbox 475 3284 527 3345; x_wconf 81' lang='lat' dir='ltr'><strong>jana</strong></span> <span class='ocrx_word' id='word_1_363' title='bbox 538 3283 662 3341; x_wconf 80' lang='lat' dir='ltr'><strong>meretrix,</strong></span> <span class='ocrx_word' id='word_1_364' title='bbox 675 3283 770 3331; x_wconf 73' lang='lat' dir='ltr'><strong>anablata</strong></span> <span class='ocrx_word' id='word_1_365' title='bbox 802 3285 897 3333; x_wconf 89' lang='lat' dir='ltr'><strong>sionem</strong></span> <span class='ocrx_word' id='word_1_366' title='bbox 919 3285 1060 3333; x_wconf 69' lang='lat' dir='ltr'><strong>adolescent</strong></span> <span class='ocrx_word' id='word_1_367' title='bbox 1078 3286 1125 3333; x_wconf 86' lang='lat' dir='ltr'><strong>sub</strong></span> <span class='ocrx_word' id='word_1_368' title='bbox 1145 3285 1307 3349; x_wconf 65' lang='lat' dir='ltr'><strong>mathaeus</strong></span> <span class='ocrx_word' id='word_1_369' title='bbox 1328 3286 1371 3335; x_wconf 88' lang='lat' dir='ltr'><strong>iu-</strong></span> 
     </span>
     <span class='ocr_line' id='line_1_40' title="bbox 205 3342 1371 3412; baseline 0.006 -20"><span class='ocrx_word' id='word_1_370' title='bbox 205 3342 368 3403; x_wconf 87' lang='lat' dir='ltr'><strong>simulatioue,</strong></span> <span class='ocrx_word' id='word_1_371' title='bbox 390 3356 488 3395; x_wconf 82' lang='lat' dir='ltr'><strong>accusat</strong></span> <span class='ocrx_word' id='word_1_372' title='bbox 506 3346 685 3395; x_wconf 68' lang='lat' dir='ltr'><strong>adolescentem</strong></span> <span class='ocrx_word' id='word_1_373' title='bbox 703 3347 768 3408; x_wconf 89' lang='lat' dir='ltr'><strong>iuju·</strong></span> <span class='ocrx_word' id='word_1_374' title='bbox 801 3349 886 3397; x_wconf 83' lang='lat' dir='ltr'><strong>cheat:</strong></span> <span class='ocrx_word' id='word_1_375' title='bbox 904 3348 965 3397; x_wconf 89' lang='lat' dir='ltr'><strong>dicit</strong></span> <span class='ocrx_word' id='word_1_376' title='bbox 974 3348 1041 3398; x_wconf 90' lang='lat' dir='ltr'><strong>enim</strong></span> <span class='ocrx_word' id='word_1_377' title='bbox 1052 3356 1163 3397; x_wconf 72' lang='lat' dir='ltr'><strong>clamas·</strong></span> <span class='ocrx_word' id='word_1_378' title='bbox 1172 3367 1201 3398; x_wconf 82' lang='lat' dir='ltr'><strong>as</strong></span> <span class='ocrx_word' id='word_1_379' title='bbox 1209 3354 1254 3398; x_wconf 77' lang='lat' dir='ltr'><strong>iac</strong></span> <span class='ocrx_word' id='word_1_380' title='bbox 1264 3349 1371 3412; x_wconf 76' lang='lat' dir='ltr'><strong>refutas-</strong></span> 
     </span>
     <span class='ocr_line' id='line_1_41' title="bbox 204 3407 1373 3477; baseline 0.006 -21"><span class='ocrx_word' id='word_1_381' title='bbox 204 3407 304 3466; x_wconf 73' lang='lat' dir='ltr'><strong>riarum,</strong></span> <span class='ocrx_word' id='word_1_382' title='bbox 316 3408 407 3466; x_wconf 67' lang='lat' dir='ltr'><strong>timens,</strong></span> <span class='ocrx_word' id='word_1_383' title='bbox 419 3410 484 3472; x_wconf 90' lang='lat' dir='ltr'><strong>quod</strong></span> <span class='ocrx_word' id='word_1_384' title='bbox 500 3410 662 3474; x_wconf 75' lang='lat' dir='ltr'><strong>nondignum</strong></span> <span class='ocrx_word' id='word_1_385' title='bbox 677 3411 769 3460; x_wconf 81' lang='lat' dir='ltr'><strong>iactum</strong></span> <span class='ocrx_word' id='word_1_386' title='bbox 801 3428 851 3461; x_wconf 80' lang='lat' dir='ltr'><strong>raas</strong></span> <span class='ocrx_word' id='word_1_387' title='bbox 868 3416 979 3475; x_wconf 65' lang='lat' dir='ltr'><strong>gratam</strong></span> <span class='ocrx_word' id='word_1_388' title='bbox 1014 3414 1070 3461; x_wconf 85' lang='lat' dir='ltr'><strong>Hoc</strong></span> <span class='ocrx_word' id='word_1_389' title='bbox 1090 3414 1157 3461; x_wconf 83' lang='lat' dir='ltr'><strong>enim</strong></span> <span class='ocrx_word' id='word_1_390' title='bbox 1177 3413 1285 3477; x_wconf 74' lang='lat' dir='ltr'><strong>intelligi</strong></span> <span class='ocrx_word' id='word_1_391' title='bbox 1305 3416 1373 3474; x_wconf 77' lang='lat' dir='ltr'><strong>nult,</strong></span> 
     </span>
     <span class='ocr_line' id='line_1_42' title="bbox 205 3472 1371 3539; baseline 0.007 -19"><span class='ocrx_word' id='word_1_392' title='bbox 205 3472 370 3531; x_wconf 73' lang='lat' dir='ltr'><strong>adscisceris,</strong></span> <span class='ocrx_word' id='word_1_393' title='bbox 383 3474 428 3522; x_wconf 85' lang='lat' dir='ltr'><strong>atsi</strong></span> <span class='ocrx_word' id='word_1_394' title='bbox 441 3474 515 3537; x_wconf 80' lang='lat' dir='ltr'><strong>digna</strong></span> <span class='ocrx_word' id='word_1_395' title='bbox 526 3474 578 3539; x_wconf 90' lang='lat' dir='ltr'><strong>pati</strong></span> <span class='ocrx_word' id='word_1_396' title='bbox 588 3474 696 3539; x_wconf 70' lang='lat' dir='ltr'><strong>parturit</strong></span> <span class='ocrx_word' id='word_1_397' title='bbox 706 3475 768 3539; x_wconf 80' lang='lat' dir='ltr'><strong>ipsa</strong></span> <span class='ocrx_word' id='word_1_398' title='bbox 801 3478 867 3539; x_wconf 87' lang='lat' dir='ltr'><strong>quod</strong></span> <span class='ocrx_word' id='word_1_399' title='bbox 881 3477 949 3525; x_wconf 87' lang='lat' dir='ltr'><strong>illam</strong></span> <span class='ocrx_word' id='word_1_400' title='bbox 961 3477 995 3527; x_wconf 90' lang='lat' dir='ltr'><strong>sit</strong></span> <span class='ocrx_word' id='word_1_401' title='bbox 1007 3478 1125 3527; x_wconf 74' lang='lat' dir='ltr'><strong>ducaturus</strong></span> <span class='ocrx_word' id='word_1_402' title='bbox 1142 3493 1250 3527; x_wconf 77' lang='lat' dir='ltr'><strong>taxarem</strong></span> <span class='ocrx_word' id='word_1_403' title='bbox 1285 3479 1371 3528; x_wconf 81' lang='lat' dir='ltr'><strong>Deni-</strong></span> 
     </span>
     <span class='ocr_line' id='line_1_43' title="bbox 205 3534 1371 3607; baseline 0.006 -22"><span class='ocrx_word' id='word_1_404' title='bbox 205 3534 332 3599; x_wconf 83' lang='lat' dir='ltr'><strong>Expsimit</strong></span> <span class='ocrx_word' id='word_1_405' title='bbox 352 3538 441 3587; x_wconf 88' lang='lat' dir='ltr'><strong>deiude</strong></span> <span class='ocrx_word' id='word_1_406' title='bbox 465 3538 523 3601; x_wconf 89' lang='lat' dir='ltr'><strong>quid</strong></span> <span class='ocrx_word' id='word_1_407' title='bbox 547 3538 694 3588; x_wconf 87' lang='lat' dir='ltr'><strong>incommodi</strong></span> <span class='ocrx_word' id='word_1_408' title='bbox 721 3539 768 3589; x_wconf 89' lang='lat' dir='ltr'><strong>sibi</strong></span> <span class='ocrx_word' id='word_1_409' title='bbox 801 3556 849 3603; x_wconf 91' lang='lat' dir='ltr'><strong>que</strong></span> <span class='ocrx_word' id='word_1_410' title='bbox 864 3542 971 3604; x_wconf 81' lang='lat' dir='ltr'><strong>adjecit:</strong></span> <span class='ocrx_word' id='word_1_411' title='bbox 993 3558 1053 3603; x_wconf 73' lang='lat' dir='ltr'><strong>sapa</strong></span> <span class='ocrx_word' id='word_1_412' title='bbox 1069 3559 1097 3591; x_wconf 76' lang='lat' dir='ltr'><strong>ss</strong></span> <span class='ocrx_word' id='word_1_413' title='bbox 1112 3542 1243 3605; x_wconf 50' lang='lat' dir='ltr'><strong>immadi</strong></span> <span class='ocrx_word' id='word_1_414' title='bbox 1263 3559 1292 3591; x_wconf 77' lang='lat' dir='ltr'><strong>rs</strong></span> <span class='ocrx_word' id='word_1_415' title='bbox 1307 3561 1371 3607; x_wconf 76' lang='lat' dir='ltr'><strong>qas-</strong></span> 
     </span>
     <span class='ocr_line' id='line_1_44' title="bbox 205 3601 1372 3670; baseline 0.006 -21"><span class='ocrx_word' id='word_1_416' title='bbox 205 3601 354 3658; x_wconf 80' lang='lat' dir='ltr'><strong>eaencritex</strong></span> <span class='ocrx_word' id='word_1_417' title='bbox 366 3601 452 3651; x_wconf 74' lang='lat' dir='ltr'><strong>vinata</strong></span> <span class='ocrx_word' id='word_1_418' title='bbox 462 3604 565 3667; x_wconf 78' lang='lat' dir='ltr'><strong>virgine,</strong></span> <span class='ocrx_word' id='word_1_419' title='bbox 577 3604 767 3668; x_wconf 84' lang='lat' dir='ltr'><strong>quodnonpoa·</strong></span> <span class='ocrx_word' id='word_1_420' title='bbox 795 3610 868 3667; x_wconf 79' lang='lat' dir='ltr'><strong>piosa,</strong></span> <span class='ocrx_word' id='word_1_421' title='bbox 879 3615 901 3655; x_wconf 85' lang='lat' dir='ltr'><strong>st</strong></span> <span class='ocrx_word' id='word_1_422' title='bbox 912 3608 972 3655; x_wconf 75' lang='lat' dir='ltr'><strong>aaa</strong></span> <span class='ocrx_word' id='word_1_423' title='bbox 983 3610 1100 3668; x_wconf 76' lang='lat' dir='ltr'><strong>principia</strong></span> <span class='ocrx_word' id='word_1_424' title='bbox 1114 3623 1198 3670; x_wconf 71' lang='lat' dir='ltr'><strong>negas</strong></span> <span class='ocrx_word' id='word_1_425' title='bbox 1208 3606 1372 3669; x_wconf 64' lang='lat' dir='ltr'><strong>familiaritas</strong></span> 
     </span>
     <span class='ocr_line' id='line_1_45' title="bbox 205 3665 1370 3735; baseline 0.007 -22"><span class='ocrx_word' id='word_1_426' title='bbox 205 3665 238 3713; x_wconf 88' lang='lat' dir='ltr'><strong>sit</strong></span> <span class='ocrx_word' id='word_1_427' title='bbox 255 3665 306 3715; x_wconf 85' lang='lat' dir='ltr'><strong>suis</strong></span> <span class='ocrx_word' id='word_1_428' title='bbox 321 3666 395 3725; x_wconf 85' lang='lat' dir='ltr'><strong>illam,</strong></span> <span class='ocrx_word' id='word_1_429' title='bbox 408 3668 444 3717; x_wconf 87' lang='lat' dir='ltr'><strong>uti</strong></span> <span class='ocrx_word' id='word_1_430' title='bbox 456 3667 604 3726; x_wconf 83' lang='lat' dir='ltr'><strong>decreverat,</strong></span> <span class='ocrx_word' id='word_1_431' title='bbox 619 3668 729 3727; x_wconf 85' lang='lat' dir='ltr'><strong>reddere,</strong></span> <span class='ocrx_word' id='word_1_432' title='bbox 741 3678 768 3717; x_wconf 85' lang='lat' dir='ltr'><strong>et</strong></span> <span class='ocrx_word' id='word_1_433' title='bbox 799 3673 897 3731; x_wconf 62' lang='lat' dir='ltr'><strong>mastalo</strong></span> <span class='ocrx_word' id='word_1_434' title='bbox 915 3680 957 3719; x_wconf 81' lang='lat' dir='ltr'><strong>ast.</strong></span> <span class='ocrx_word' id='word_1_435' title='bbox 991 3671 1150 3733; x_wconf 80' lang='lat' dir='ltr'><strong>Frequenter,</strong></span> <span class='ocrx_word' id='word_1_436' title='bbox 1166 3670 1254 3735; x_wconf 78' lang='lat' dir='ltr'><strong>inquit,</strong></span> <span class='ocrx_word' id='word_1_437' title='bbox 1270 3688 1304 3721; x_wconf 84' lang='lat' dir='ltr'><strong>ex</strong></span> <span class='ocrx_word' id='word_1_438' title='bbox 1323 3674 1370 3722; x_wconf 79' lang='lat' dir='ltr'><strong>tali</strong></span> 
     </span>
     <span class='ocr_line' id='line_1_46' title="bbox 203 3729 1370 3798; baseline 0.006 -19"><span class='ocrx_word' id='word_1_439' title='bbox 203 3729 338 3779; x_wconf 82' lang='lat' dir='ltr'><strong>maximum</strong></span> <span class='ocrx_word' id='word_1_440' title='bbox 354 3732 499 3781; x_wconf 85' lang='lat' dir='ltr'><strong>beneficium</strong></span> <span class='ocrx_word' id='word_1_441' title='bbox 515 3741 540 3781; x_wconf 84' lang='lat' dir='ltr'><strong>et</strong></span> <span class='ocrx_word' id='word_1_442' title='bbox 555 3742 698 3798; x_wconf 86' lang='lat' dir='ltr'><strong>perpetuam</strong></span> <span class='ocrx_word' id='word_1_443' title='bbox 709 3748 766 3796; x_wconf 71' lang='lat' dir='ltr'><strong>gra·</strong></span> <span class='ocrx_word' id='word_1_444' title='bbox 798 3750 826 3783; x_wconf 89' lang='lat' dir='ltr'><strong>re</strong></span> <span class='ocrx_word' id='word_1_445' title='bbox 836 3734 919 3797; x_wconf 88' lang='lat' dir='ltr'><strong>aliqua</strong></span> <span class='ocrx_word' id='word_1_446' title='bbox 929 3746 955 3783; x_wconf 90' lang='lat' dir='ltr'><strong>et</strong></span> <span class='ocrx_word' id='word_1_447' title='bbox 964 3734 1037 3783; x_wconf 88' lang='lat' dir='ltr'><strong>initio</strong></span> <span class='ocrx_word' id='word_1_448' title='bbox 1047 3750 1097 3783; x_wconf 88' lang='lat' dir='ltr'><strong>noa</strong></span> <span class='ocrx_word' id='word_1_449' title='bbox 1111 3736 1182 3793; x_wconf 88' lang='lat' dir='ltr'><strong>bono,</strong></span> <span class='ocrx_word' id='word_1_450' title='bbox 1194 3736 1226 3783; x_wconf 91' lang='lat' dir='ltr'><strong>ad</strong></span> <span class='ocrx_word' id='word_1_451' title='bbox 1236 3735 1370 3786; x_wconf 78' lang='lat' dir='ltr'><strong>familiari-</strong></span> 
     </span>
     <span class='ocr_line' id='line_1_47' title="bbox 204 3793 1369 3864; baseline 0.007 -22"><span class='ocrx_word' id='word_1_452' title='bbox 204 3793 263 3842; x_wconf 90' lang='lat' dir='ltr'><strong>tiam</strong></span> <span class='ocrx_word' id='word_1_453' title='bbox 274 3794 400 3844; x_wconf 86' lang='lat' dir='ltr'><strong>collocare.</strong></span> <span class='ocrx_word' id='word_1_454' title='bbox 425 3796 454 3844; x_wconf 88' lang='lat' dir='ltr'><strong>E.</strong></span> <span class='ocrx_word' id='word_1_455' title='bbox 799 3808 876 3848; x_wconf 85' lang='lat' dir='ltr'><strong>tatem</strong></span> <span class='ocrx_word' id='word_1_456' title='bbox 890 3798 1023 3847; x_wconf 78' lang='lat' dir='ltr'><strong>muimstn</strong></span> <span class='ocrx_word' id='word_1_457' title='bbox 1038 3799 1242 3863; x_wconf 80' lang='lat' dir='ltr'><strong>concordiamque</strong></span> <span class='ocrx_word' id='word_1_458' title='bbox 1257 3816 1369 3864; x_wconf 82' lang='lat' dir='ltr'><strong>perven-</strong></span> 
     </span>
     <span class='ocr_line' id='line_1_48' title="bbox 205 3858 1370 3928; baseline 0.007 -21"><span class='ocrx_word' id='word_1_459' title='bbox 205 3860 275 3907; x_wconf 70' lang='lat' dir='ltr'><strong>aa</strong></span> <span class='ocrx_word' id='word_1_460' title='bbox 294 3858 356 3909; x_wconf 81' lang='lat' dir='ltr'><strong>Noas</strong></span> <span class='ocrx_word' id='word_1_461' title='bbox 377 3864 399 3909; x_wconf 88' lang='lat' dir='ltr'><strong>si</strong></span> <span class='ocrx_word' id='word_1_462' title='bbox 417 3878 458 3924; x_wconf 77' lang='lat' dir='ltr'><strong>ego</strong></span> <span class='ocrx_word' id='word_1_463' title='bbox 476 3864 549 3924; x_wconf 71' lang='lat' dir='ltr'><strong>dignu</strong></span> <span class='ocrx_word' id='word_1_464' title='bbox 567 3864 610 3909; x_wconf 81' lang='lat' dir='ltr'><strong>loe</strong></span> <span class='ocrx_word' id='word_1_465' title='bbox 631 3864 766 3910; x_wconf 66' lang='lat' dir='ltr'><strong>massada</strong></span> <span class='ocrx_word' id='word_1_466' title='bbox 799 3872 908 3911; x_wconf 84' lang='lat' dir='ltr'><strong>tumeat.</strong></span> <span class='ocrx_word' id='word_1_467' title='bbox 937 3863 1370 3928; x_wconf 71' lang='lat' dir='ltr'><strong>Htv&#39;uanedirsqaopisssJCosuieo</strong></span> 
     </span>
     <span class='ocr_line' id='line_1_49' title="bbox 203 3922 1368 3994; baseline 0.005 -22"><span class='ocrx_word' id='word_1_468' title='bbox 203 3922 264 3986; x_wconf 82' lang='lat' dir='ltr'><strong>sum]</strong></span> <span class='ocrx_word' id='word_1_469' title='bbox 291 3924 376 3981; x_wconf 78' lang='lat' dir='ltr'><strong>Deest,</strong></span> <span class='ocrx_word' id='word_1_470' title='bbox 396 3932 426 3983; x_wconf 81' lang='lat' dir='ltr'><strong>al,</strong></span> <span class='ocrx_word' id='word_1_471' title='bbox 445 3934 474 3973; x_wconf 87' lang='lat' dir='ltr'><strong>ut</strong></span> <span class='ocrx_word' id='word_1_472' title='bbox 497 3926 531 3974; x_wconf 87' lang='lat' dir='ltr'><strong>sit</strong></span> <span class='ocrx_word' id='word_1_473' title='bbox 549 3926 624 3974; x_wconf 85' lang='lat' dir='ltr'><strong>ordo:</strong></span> <span class='ocrx_word' id='word_1_474' title='bbox 648 3943 701 3974; x_wconf 82' lang='lat' dir='ltr'><strong>nass</strong></span> <span class='ocrx_word' id='word_1_475' title='bbox 721 3928 766 3975; x_wconf 80' lang='lat' dir='ltr'><strong>etsi</strong></span> <span class='ocrx_word' id='word_1_476' title='bbox 798 3926 914 3990; x_wconf 84' lang='lat' dir='ltr'><strong>loquendi</strong></span> <span class='ocrx_word' id='word_1_477' title='bbox 925 3928 1111 3990; x_wconf 72' lang='lat' dir='ltr'><strong>stiloqsaps&#39;sn,</strong></span> <span class='ocrx_word' id='word_1_478' title='bbox 1124 3928 1232 3991; x_wconf 77' lang='lat' dir='ltr'><strong>aliquam</strong></span> <span class='ocrx_word' id='word_1_479' title='bbox 1245 3928 1368 3994; x_wconf 72' lang='lat' dir='ltr'><strong>intelligi-</strong></span> 
     </span>
     <span class='ocr_line' id='line_1_50' title="bbox 203 3988 916 4048; baseline 0.007 -12"><span class='ocrx_word' id='word_1_480' title='bbox 203 3992 305 4037; x_wconf 73' lang='lat' dir='ltr'><strong>mine.</strong></span> <span class='ocrx_word' id='word_1_481' title='bbox 328 3988 362 4037; x_wconf 84' lang='lat' dir='ltr'><strong>Et</strong></span> <span class='ocrx_word' id='word_1_482' title='bbox 373 3990 435 4038; x_wconf 88' lang='lat' dir='ltr'><strong>bene</strong></span> <span class='ocrx_word' id='word_1_483' title='bbox 446 3989 556 4038; x_wconf 87' lang='lat' dir='ltr'><strong>additum</strong></span> <span class='ocrx_word' id='word_1_484' title='bbox 573 3999 611 4038; x_wconf 89' lang='lat' dir='ltr'><strong>cst</strong></span> <span class='ocrx_word' id='word_1_485' title='bbox 622 3994 727 4048; x_wconf 67' lang='lat' dir='ltr'><strong>mamae,</strong></span> <span class='ocrx_word' id='word_1_486' title='bbox 738 3999 767 4039; x_wconf 86' lang='lat' dir='ltr'><strong>ut</strong></span> <span class='ocrx_word' id='word_1_487' title='bbox 798 4006 861 4040; x_wconf 85' lang='lat' dir='ltr'><strong>mus.</strong></span> <span class='ocrx_word' id='word_1_488' title='bbox 885 3992 916 4041; x_wconf 84' lang='lat' dir='ltr'><strong>E.</strong></span> 
     </span>
     <span class='ocr_line' id='line_1_51' title="bbox 202 4053 1368 4120; baseline 0.007 -20"><span class='ocrx_word' id='word_1_489' title='bbox 202 4062 325 4116; x_wconf 83' lang='lat' dir='ltr'><strong>appareat,</strong></span> <span class='ocrx_word' id='word_1_490' title='bbox 338 4054 403 4117; x_wconf 85' lang='lat' dir='ltr'><strong>quod</strong></span> <span class='ocrx_word' id='word_1_491' title='bbox 414 4054 460 4103; x_wconf 87' lang='lat' dir='ltr'><strong>etsi</strong></span> <span class='ocrx_word' id='word_1_492' title='bbox 477 4053 551 4117; x_wconf 73' lang='lat' dir='ltr'><strong>digna</strong></span> <span class='ocrx_word' id='word_1_493' title='bbox 568 4054 621 4117; x_wconf 85' lang='lat' dir='ltr'><strong>pati</strong></span> <span class='ocrx_word' id='word_1_494' title='bbox 638 4054 671 4103; x_wconf 87' lang='lat' dir='ltr'><strong>sit</strong></span> <span class='ocrx_word' id='word_1_495' title='bbox 686 4070 765 4104; x_wconf 84' lang='lat' dir='ltr'><strong>mere·</strong></span> <span class='ocrx_word' id='word_1_496' title='bbox 831 4058 870 4103; x_wconf 77' lang='lat'><strong>84.</strong></span> <span class='ocrx_word' id='word_1_497' title='bbox 888 4060 953 4119; x_wconf 71' lang='lat' dir='ltr'><strong>Seps</strong></span> <span class='ocrx_word' id='word_1_498' title='bbox 962 4073 991 4105; x_wconf 83' lang='lat' dir='ltr'><strong>ss</strong></span> <span class='ocrx_word' id='word_1_499' title='bbox 1001 4056 1130 4118; x_wconf 49' lang='lat' dir='ltr'><strong>&amp;asmodi</strong></span> <span class='ocrx_word' id='word_1_500' title='bbox 1138 4057 1177 4120; x_wconf 76' lang='lat' dir='ltr'><strong>aa]</strong></span> <span class='ocrx_word' id='word_1_501' title='bbox 1188 4058 1244 4106; x_wconf 79' lang='lat' dir='ltr'><strong>11oe</strong></span> <span class='ocrx_word' id='word_1_502' title='bbox 1253 4068 1301 4116; x_wconf 81' lang='lat' dir='ltr'><strong>est,</strong></span> <span class='ocrx_word' id='word_1_503' title='bbox 1313 4068 1368 4109; x_wconf 65' lang='lat' dir='ltr'><strong>tm</strong></span> 
     </span>
     <span class='ocr_line' id='line_1_52' title="bbox 202 4115 1366 4185; baseline 0.009 -23"><span class='ocrx_word' id='word_1_504' title='bbox 202 4115 260 4173; x_wconf 80' lang='lat' dir='ltr'><strong>trix,</strong></span> <span class='ocrx_word' id='word_1_505' title='bbox 272 4130 321 4165; x_wconf 89' lang='lat' dir='ltr'><strong>non</strong></span> <span class='ocrx_word' id='word_1_506' title='bbox 333 4118 531 4167; x_wconf 83' lang='lat' dir='ltr'><strong>tamensaasirne</strong></span> <span class='ocrx_word' id='word_1_507' title='bbox 542 4118 617 4181; x_wconf 77' lang='lat' dir='ltr'><strong>digna</strong></span> <span class='ocrx_word' id='word_1_508' title='bbox 627 4119 679 4182; x_wconf 88' lang='lat' dir='ltr'><strong>pati</strong></span> <span class='ocrx_word' id='word_1_509' title='bbox 691 4118 767 4167; x_wconf 86' lang='lat' dir='ltr'><strong>Thais</strong></span> <span class='ocrx_word' id='word_1_510' title='bbox 798 4120 906 4169; x_wconf 84' lang='lat' dir='ltr'><strong>bulenta.</strong></span> <span class='ocrx_word' id='word_1_511' title='bbox 935 4120 1063 4184; x_wconf 58' lang='lat' dir='ltr'><strong>aspin]</strong></span> <span class='ocrx_word' id='word_1_512' title='bbox 1079 4122 1238 4185; x_wconf 77' lang='lat' dir='ltr'><strong>Quscunque,</strong></span> <span class='ocrx_word' id='word_1_513' title='bbox 1256 4123 1299 4171; x_wconf 84' lang='lat' dir='ltr'><strong>rel</strong></span> <span class='ocrx_word' id='word_1_514' title='bbox 1318 4123 1366 4172; x_wconf 86' lang='lat' dir='ltr'><strong>sli-</strong></span> 
     </span>
     <span class='ocr_line' id='line_1_53' title="bbox 203 4179 910 4247; baseline 0.007 -21"><span class='ocrx_word' id='word_1_515' title='bbox 203 4188 241 4226; x_wconf 86' lang='lat' dir='ltr'><strong>est</strong></span> <span class='ocrx_word' id='word_1_516' title='bbox 252 4179 322 4243; x_wconf 74' lang='lat' dir='ltr'><strong>(leg.</strong></span> <span class='ocrx_word' id='word_1_517' title='bbox 336 4184 409 4241; x_wconf 77' lang='lat' dir='ltr'><strong>Quod,</strong></span> <span class='ocrx_word' id='word_1_518' title='bbox 421 4186 465 4231; x_wconf 78' lang='lat' dir='ltr'><strong>etsi</strong></span> <span class='ocrx_word' id='word_1_519' title='bbox 475 4188 572 4231; x_wconf 64' lang='lat' dir='ltr'><strong>asumma</strong></span> <span class='ocrx_word' id='word_1_520' title='bbox 583 4185 766 4246; x_wconf 74' lang='lat' dir='ltr'><strong>digaapalisil,</strong></span> <span class='ocrx_word' id='word_1_521' title='bbox 799 4199 854 4247; x_wconf 85' lang='lat' dir='ltr'><strong>qua.</strong></span> <span class='ocrx_word' id='word_1_522' title='bbox 878 4186 910 4233; x_wconf 93' lang='lat' dir='ltr'><strong>D.</strong></span> 
     </span>
     <span class='ocr_line' id='line_1_54' title="bbox 203 4248 1368 4311; baseline 0.01 -23"><span class='ocrx_word' id='word_1_523' title='bbox 203 4249 230 4289; x_wconf 69' lang='lat' dir='ltr'><strong>al</strong></span> <span class='ocrx_word' id='word_1_524' title='bbox 240 4248 354 4303; x_wconf 72' lang='lat' dir='ltr'><strong>ueretris,</strong></span> <span class='ocrx_word' id='word_1_525' title='bbox 365 4262 410 4295; x_wconf 85' lang='lat' dir='ltr'><strong>aas</strong></span> <span class='ocrx_word' id='word_1_526' title='bbox 426 4254 501 4295; x_wconf 68' lang='lat' dir='ltr'><strong>lanea</strong></span> <span class='ocrx_word' id='word_1_527' title='bbox 513 4250 567 4309; x_wconf 80' lang='lat' dir='ltr'><strong>peti</strong></span> <span class='ocrx_word' id='word_1_528' title='bbox 582 4250 655 4311; x_wconf 76' lang='lat' dir='ltr'><strong>digna</strong></span> <span class='ocrx_word' id='word_1_529' title='bbox 671 4264 686 4296; x_wconf 85' lang='lat' dir='ltr'><strong>a</strong></span> <span class='ocrx_word' id='word_1_530' title='bbox 702 4248 766 4309; x_wconf 80' lang='lat' dir='ltr'><strong>leli).</strong></span> <span class='ocrx_word' id='word_1_531' title='bbox 833 4251 872 4297; x_wconf 81' lang='lat' dir='ltr'><strong>aa.</strong></span> <span class='ocrx_word' id='word_1_532' title='bbox 890 4248 944 4297; x_wconf 84' lang='lat' dir='ltr'><strong>Etsi</strong></span> <span class='ocrx_word' id='word_1_533' title='bbox 960 4264 1004 4297; x_wconf 83' lang='lat' dir='ltr'><strong>aex</strong></span> <span class='ocrx_word' id='word_1_534' title='bbox 1014 4249 1084 4297; x_wconf 83' lang='lat' dir='ltr'><strong>codd</strong></span> <span class='ocrx_word' id='word_1_535' title='bbox 1096 4249 1196 4308; x_wconf 78' lang='lat' dir='ltr'><strong>habent,</strong></span> <span class='ocrx_word' id='word_1_536' title='bbox 1205 4268 1234 4299; x_wconf 76' lang='lat' dir='ltr'><strong>aa</strong></span> <span class='ocrx_word' id='word_1_537' title='bbox 1248 4254 1319 4309; x_wconf 71' lang='lat' dir='ltr'><strong>nlo,</strong></span> <span class='ocrx_word' id='word_1_538' title='bbox 1328 4261 1368 4300; x_wconf 79' lang='lat' dir='ltr'><strong>ts·</strong></span> 
     </span>
     <span class='ocr_line' id='line_1_55' title="bbox 205 4304 1366 4390; baseline 0.009 -38"><span class='ocrx_word' id='word_1_539' title='bbox 205 4304 296 4353; x_wconf 84' lang='lat' dir='ltr'><strong>D.—Si</strong></span> <span class='ocrx_word' id='word_1_540' title='bbox 305 4324 346 4369; x_wconf 68' lang='lat' dir='ltr'><strong>ago</strong></span> <span class='ocrx_word' id='word_1_541' title='bbox 356 4312 428 4371; x_wconf 68' lang='lat' dir='ltr'><strong>«ligas</strong></span> <span class='ocrx_word' id='word_1_542' title='bbox 439 4310 495 4373; x_wconf 78' lang='lat' dir='ltr'><strong>loc]</strong></span> <span class='ocrx_word' id='word_1_543' title='bbox 514 4310 658 4375; x_wconf 83' lang='lat' dir='ltr'><strong>Hieronym.</strong></span> <span class='ocrx_word' id='word_1_544' title='bbox 670 4313 765 4361; x_wconf 81' lang='lat' dir='ltr'><strong>advers.</strong></span> <span class='ocrx_word' id='word_1_545' title='bbox 798 4328 856 4362; x_wconf 84' lang='lat' dir='ltr'><strong>taen</strong></span> <span class='ocrx_word' id='word_1_546' title='bbox 872 4313 920 4376; x_wconf 74' lang='lat' dir='ltr'><strong>leg.</strong></span> <span class='ocrx_word' id='word_1_547' title='bbox 931 4316 991 4362; x_wconf 80' lang='lat' dir='ltr'><strong>mle</strong></span> <span class='ocrx_word' id='word_1_548' title='bbox 1003 4330 1046 4369; x_wconf 82' lang='lat' dir='ltr'><strong>es,-</strong></span> <span class='ocrx_word' id='word_1_549' title='bbox 1068 4314 1127 4377; x_wconf 86' lang='lat' dir='ltr'><strong>quis</strong></span> <span class='ocrx_word' id='word_1_550' title='bbox 1139 4315 1206 4390; x_wconf 84' lang='lat' dir='ltr'><strong>apud</strong></span> <span class='ocrx_word' id='word_1_551' title='bbox 1219 4314 1321 4365; x_wconf 68' lang='lat' dir='ltr'><strong>Terent.</strong></span> <span class='ocrx_word' id='word_1_552' title='bbox 1334 4316 1366 4364; x_wconf 90' lang='lat' dir='ltr'><strong>li-</strong></span> 
     </span>
     <span class='ocr_line' id='line_1_56' title="bbox 204 4368 1366 4443; baseline 0.012 -26"><span class='ocrx_word' id='word_1_553' title='bbox 204 4368 286 4417; x_wconf 83' lang='lat' dir='ltr'><strong>Rutin.</strong></span> <span class='ocrx_word' id='word_1_554' title='bbox 300 4373 380 4419; x_wconf 75' lang='lat' dir='ltr'><strong>Nemee</strong></span> <span class='ocrx_word' id='word_1_555' title='bbox 391 4377 481 4423; x_wconf 68' lang='lat' dir='ltr'><strong>almani</strong></span> <span class='ocrx_word' id='word_1_556' title='bbox 492 4376 532 4422; x_wconf 80' lang='lat' dir='ltr'><strong>illc</strong></span> <span class='ocrx_word' id='word_1_557' title='bbox 544 4378 627 4438; x_wconf 74' lang='lat' dir='ltr'><strong>digram</strong></span> <span class='ocrx_word' id='word_1_558' title='bbox 637 4386 696 4425; x_wconf 77' lang='lat' dir='ltr'><strong>asset</strong></span> <span class='ocrx_word' id='word_1_559' title='bbox 712 4394 765 4426; x_wconf 81' lang='lat' dir='ltr'><strong>coa·</strong></span> <span class='ocrx_word' id='word_1_560' title='bbox 798 4388 919 4439; x_wconf 66' lang='lat' dir='ltr'><strong>suescunt</strong></span> <span class='ocrx_word' id='word_1_561' title='bbox 928 4392 994 4442; x_wconf 58' lang='lat' dir='ltr'><strong>sarpa</strong></span> <span class='ocrx_word' id='word_1_562' title='bbox 1006 4378 1103 4427; x_wconf 83' lang='lat' dir='ltr'><strong>recales</strong></span> <span class='ocrx_word' id='word_1_563' title='bbox 1114 4378 1215 4437; x_wconf 73' lang='lat' dir='ltr'><strong>aslum,</strong></span> <span class='ocrx_word' id='word_1_564' title='bbox 1226 4380 1366 4443; x_wconf 72' lang='lat' dir='ltr'><strong>pmsrtiua</strong></span> 
     </span>
     <span class='ocr_line' id='line_1_57' title="bbox 203 4434 1183 4505; baseline 0.012 -26"><span class='ocrx_word' id='word_1_565' title='bbox 203 4435 309 4491; x_wconf 81' lang='lat' dir='ltr'><strong>lttnsels&#39;ia,</strong></span> <span class='ocrx_word' id='word_1_566' title='bbox 322 4434 432 4496; x_wconf 78' lang='lat' dir='ltr'><strong>lafacera</strong></span> <span class='ocrx_word' id='word_1_567' title='bbox 442 4455 485 4487; x_wconf 81' lang='lat' dir='ltr'><strong>aaa</strong></span> <span class='ocrx_word' id='word_1_568' title='bbox 497 4440 609 4487; x_wconf 69' lang='lat' dir='ltr'><strong>debera?</strong></span> <span class='ocrx_word' id='word_1_569' title='bbox 632 4441 659 4488; x_wconf 90' lang='lat' dir='ltr'><strong>L.</strong></span> <span class='ocrx_word' id='word_1_570' title='bbox 799 4457 854 4491; x_wconf 82' lang='lat' dir='ltr'><strong>cum</strong></span> <span class='ocrx_word' id='word_1_571' title='bbox 866 4441 958 4491; x_wconf 80' lang='lat' dir='ltr'><strong>eaedem</strong></span> <span class='ocrx_word' id='word_1_572' title='bbox 968 4442 1132 4505; x_wconf 68' lang='lat' dir='ltr'><strong>geminantur.</strong></span> <span class='ocrx_word' id='word_1_573' title='bbox 1154 4444 1183 4491; x_wconf 87' lang='lat' dir='ltr'><strong>li.</strong></span> 
     </span>
    </p>
   </div>
   <div class='ocr_carea' id='block_1_5' title="bbox 0 0 1422 4759">
    <p class='ocr_par' dir='ltr' id='par_1_8' title="bbox 0 0 1422 4759">
     <span class='ocr_line' id='line_1_58' title="bbox 0 0 1422 4759; baseline 0 1"><span class='ocrx_word' id='word_1_574' title='bbox 0 0 1422 4759; x_wconf 95' lang='lat' dir='ltr'><strong> </strong></span> 
     </span>
    </p>
   </div>
  </div>
 </body>
</html>
