2834 4759
1 192 11 233 :
53 172 149 219 scsun
163 150 230 235 nn]
481 148 754 219 PHORMIO.
1132 154 1201 221 615

90 288 154 353 Au.
171 286 249 353 Noli
262 296 425 353 metuere:
449 308 516 351 una
527 297 635 351 tecum
649 288 746 366 bonu,
762 288 856 366 mnia,
867 287 1089 355 tolerabimus.

62 438 64 443 .
91 388 154 451 Ge.
168 386 335 461 Quantum
350 408 433 471 opus
445 397 500 449 eat
513 385 573 449 tibi
601 388 752 471 argenti?
774 386 920 471 loquere.
958 387 1023 454 ΡΗ.
1040 385 1126 451 Solae
1141 387 1198 452 tri-

4 535 6 550 .
151 488 240 571 ginta
253 486 357 549 minae.

52 584 156 648 25Ga.
181 584 351 668 Triginta!
395 582 463 662 hui,
488 582 676 668 percura'st,
698 580 863 649 Phaedria.
909 583 974 648 ΡΗ.
998 583 1096 649 lstoec
1118 604 1198 649 vero

113 746 116 760 ,
151 682 219 747 vilis
236 694 298 747 est.

92 779 155 843 Gn.
173 779 257 865 Age,
273 803 345 865 age,
364 782 511 845 inventae
527 782 672 847 reddam.
700 780 766 843 ΡΗ.
783 778 969 865 Olepidum
981 784 1100 865 ceput!
1128 780 1197 847 Gn.

152 877 257 943 Aufer
272 890 304 943 te
318 878 405 943 hinc.
444 879 507 945 ΡΗ.
524 880 600 943 Jam
615 900 697 963 opus
714 891 775 943 est.
812 878 879 942 Gn.
895 877 970 941 Jam
984 878 1090 943 feres:

91 976 156 1041 Sed
172 988 321 1062 opusest
333 976 412 1041 mihi
426 976 657 1042 Phormionem,
670 976 714 1039 ad
727 976 812 1041 hanc
827 998 896 1041 rem
909 977 1094 1067 adjucorem
1107 976 1192 1043 dari.

4 1155 7 1163 .
90 1074 165 1157 (ΡΗ.
182 1076 268 1143 Abi:
292 1076 356 1151 dic,
371 1087 493 1160 praesto
509 1088 545 1140 ut
561 1076 603 1142 sit
617 1075 729 1158 domi.)

89 1171 156 1237 ΑΗ.
174 1173 361 1238 Praesto'st:
385 1173 597 1238 audacissime
612 1174 719 1238 oneris
733 1174 862 1258 quidvis
875 1173 1015 1258 impone,
1027 1184 1062 1239 et
1073 1174 1176 1241 feret:

51 1283 80 1329 ³0
91 1270 184 1337 Solus
195 1282 247 1335 est
257 1270 355 1335 homo
367 1272 470 1335 amico
485 1272 617 1336 amicus.
649 1270 718 1335 Gu.
731 1272 854 1336 Eamus
866 1293 945 1355 ergo
957 1272 1001 1335 ud
1011 1294 1085 1336 eum
1097 1274 1198 1339 ocius.

90 1368 158 1433 Au.
181 1368 350 1453 Numquid
370 1378 421 1433 est
440 1368 529 1453 quod
545 1391 644 1453 opera
657 1392 731 1434 meu
744 1370 836 1435 vobis
850 1391 934 1455 opus
949 1371 1014 1434 sit?
1050 1370 1122 1435 GR.
1138 1371 1202 1435 Ni·

152 1466 216 1545 hil;
240 1489 352 1531 verum
365 1468 419 1531 abi
434 1468 575 1545 domum,

90 1567 136 1633 Et
157 1567 242 1633 illam
264 1568 423 1645 miseram,
447 1590 544 1652 quam
566 1588 627 1653 ego
649 1588 736 1631 nunc
757 1567 845 1631 intus
866 1568 932 1633 scio
949 1588 1023 1632 esse
1038 1566 1203 1632 exanimu-¹

152 1678 218 1732 tam
231 1677 332 1743 metu,

91 1764 265 1829 Consolare
278 1789 286 1829 ε
311 1767 442 1830 cessus?
477 1762 546 1829 ΑΗ.
559 1764 653 1829 Nihil
664 1778 725 1844 cst,
738 1788 831 1851 aeque
844 1766 933 1852 quod
945 1766 1061 1831 faciam
1072 1765 1201 1830 lubens.

92 1863 154 1929 ΡΗ.
180 1864 258 1937 Qua
280 1865 330 1927 via
351 1865 436 1929 istuc
458 1862 583 1928 iacies?
629 1863 696 1929 Gn.
722 1864 840 1929 Dicam
853 1865 1034 1929 initinere:
1056 1864 1154 1929 modo
1168 1874 1203 1928 te

153 1962 229 2028 hinc
244 1984 366 2028 amove.

174 2278 368 2353 nouus
406 2274 633 2361 Qunam
670 2274 862 2348 scuNA
894 2274 1090 2351 numm.

429 2417 606 2467 DEMIPHO.
643 2416 822 2465 CHREMES.

93 2542 210 2617 Qum?
239 2566 304 2629 qua
318 2543 484 2630 profectus
501 2566 599 2609 causa
613 2542 688 2609 hinc
703 2564 740 2607 es
757 2542 927 2621 Lemnum,
943 2542 1094 2621 Chreme,

60 2688 62 2695 ν
91 2640 275 2707 Adduxtin'
291 2654 397 2707 tecum
412 2642 533 2707 filium?
571 2642 635 2706 Cn.
653 2642 742 2706 Non.
782 2640 849 2705 Du.
868 2640 958 2715 Quid
973 2643 1018 2705 ita
1030 2643 1118 2705 noui

90 2739 155 2805 Cn.
173 2740 354 2825 Postquam
369 2741 457 2805 videt
471 2762 522 2805 me
538 2744 609 2826 ejus
623 2751 726 2804 mater
743 2761 815 2803 esse
831 2738 884 2803 hic
899 2739 1040 2817 diutius;

93 2838 195 2905 Simul
209 2852 318 2904 autem
333 2862 397 2903 non
412 2840 563 2903 manebat
578 2850 657 2903 aetas
672 2838 803 2921 virginis

68 2936 203 3003 ⁵Meam
219 2936 469 3021 negligentiam:
493 2938 595 3021 ipsam
610 2959 682 3001 cum
698 2938 784 2999 omni
798 2934 916 3000 familia

93 3034 148 3100 Ad
162 3058 214 3101 me
230 3034 409 3119 profectam
422 3056 494 3099 esse
509 3036 649 3099 aiebant.
688 3033 757 3098 Du.
775 3033 866 3107 Quid
881 3031 944 3097 illic
959 3042 1025 3096 tam
1039 3032 1096 3097 diu
1203 3073 1208 3081 ·

82 3187 120 3235 24.
137 3186 161 3235 A
178 3187 232 3237 cod.
251 3186 363 3235 Petrensi
381 3186 450 3235 abeat
466 3188 529 3233 ribi:
558 3185 611 3234 cod.
644 3200 671 3235 se
677 3195 744 3233 recte
750 3183 878 3247 imperare,
886 3198 940 3247 que
946 3183 987 3231 hic
995 3183 1158 3248 reperiuntur.
1175 3184 1204 3232 B.

53 3248 79 3297 C.
102 3252 129 3299 C.
153 3252 229 3301 habet
250 3254 373 3313 eloquere:
406 3260 431 3299 et
453 3252 505 3299 cod.
529 3250 610 3299 Mead.
677 3250 716 3297 29.
734 3251 822 3297 Praerm
837 3259 891 3298 ert.-
908 3247 1072 3311 uudocirrr'rrre]
1091 3248 1207 3313 Optimus

53 3312 294 3376 Quantumcunque.
316 3318 359 3363 ribi
380 3319 479 3379 urgenti,
501 3318 611 3377 eioquere.
644 3329 672 3362 ac
700 3314 850 3363 necessarius
875 3315 989 3377 utrinque
1010 3328 1108 3377 semper
1129 3314 1206 3373 edent,

54 3378 129 3442 igitur
141 3392 168 3429 ut
180 3397 236 3443 opus
247 3380 280 3428 sit
291 3379 315 3427 in
329 3380 386 3437 ictu,
396 3395 487 3445 repone
498 3383 612 3432 Quaeram
644 3379 805 3443 quodcunque
815 3394 877 3427 onus
889 3379 1035 3443 impositum.
1060 3378 1089 3427 E.

52 3446 85 3491 eat
94 3462 148 3505 opus
160 3448 260 3509 urgenti,
272 3447 380 3508 eloquere.
406 3446 434 3492 B.
679 3446 717 3491 3⁰.
736 3446 801 3492 Solus
816 3453 851 3492 ert
863 3446 1008 3492 bonoamico
1018 3442 1116 3506 anim]
1128 3444 1206 3507 Apol·

59 3528 62 3535 ¹
80 3508 499 3571 25.Irroecr›erooiiirert]Amatoria
510 3509 611 3557 D.-—Ir·
645 3508 751 3566 lodorue,
768 3508 980 3569 concinimus
999 3510 1080 3568 φιλεῖν
1094 3506 1150 3557 τοὺς
1166 3507 1207 3571 pi·

52 3579 154 3623 tacuero
167 3578 220 3623 ur’ir'e
229 3573 276 3637 ert]
289 3573 413 3623 Amatoris
419 3574 613 3637 animopretium
645 3583 703 3623 nous
717 3575 840 3637 (Guyetus
855 3573 972 3639 reposuit,
983 3572 1054 3631 μόνος
1065 3574 1146 3634 φιλεῖν
1160 3573 1209 3636 γὰρ

54 3638 614 3703 nonereditproearnagnunressequamdili·
647 3637 703 3688 τοὺς
715 3640 801 3700 φίλους
811 3637 956 3697 ἐπίσταται).
982 3639 1012 3685 Ι).

53 3705 129 3765 gebat.
151 3704 331 3766 E.-Plerique
344 3704 427 3760 nostri,
440 3706 559 3752 Irtaoero.
585 3704 613 3751 B.
681 3706 720 3751 34.
738 3702 1001 3765 Medorebr'eeomone]
1018 3700 1085 3749 Hinc
1101 3702 1207 3751 discede.

84 3770 121 3816 26.
143 3770 174 3817 In
191 3769 276 3817 Bemb.
289 3770 357 3817 abest
368 3776 443 3830 capue.
472 3768 534 3816 Tres
545 3768 614 3816 codd.
648 3767 782 3816 Vultenirn
790 3766 1208 3829 soluseecumconsiiiumquerere,

53 3830 224 3895 bcoium'erre:
241 3833 474 3882 eveterrimonbect
485 3836 556 3881 hinc:
574 3848 612 3881 re·
646 3833 768 3895 quomodo
786 3832 840 3880 fieri
858 3832 942 3896 possit,
964 3840 991 3879 ut
1008 3831 1148 3879 inveniatur
1167 3846 1207 3879 ar-

54 3908 122 3957 pane,
140 3902 199 3961 Age,
217 3914 268 3960 age,
284 3901 387 3946 incentor
401 3900 502 3946 ridden.
532 3898 615 3945 ΡΗΟ
646 3906 755 3960 gentum.
777 3896 915 3957 lie-Lege,
928 3899 1122 3944 Dr’currieirere.
1149 3896 1208 3945 vid.

53 3962 168 4022 opidum!
202 3964 251 4011 Ga.
269 3960 372 4024 Auferte.
407 3962 614 4024 Pudamopu’rt.
647 3963 677 4010 ad
692 3960 781 4009 Heaut.
794 3961 818 4008 ii.
832 3964 854 4008 3.
867 3964 906 4009 30.
931 3962 959 4009 Β.

53 4026 245 4091 (imldmj'erec.
274 4028 393 4076 Absolute
404 4028 511 4092 positum
523 4039 560 4075 cat
571 4044 614 4076 uu·
682 4029 702 4075 l.
722 4026 806 4079 Quid?
838 4044 868 4074 uu
876 4026 991 4090 profectur
1002 4024 1085 4087 cuneo]
1098 4025 1211 4075 Hoeceet

47 4088 109 4149 serre
117 4108 150 4141 cc.
160 4096 305 4153 oorplerarr'r
321 4093 378 4154 quia
388 4104 489 4155 uterque
514 4092 613 4156 rae'gau·
647 4091 754 4139 narratio
761 4044 871 4155 simpiex.
892 4088 1210 4152 D.-Quuprofecrueeum

53 4154 93 4204 dio
103 4157 129 4205 in
141 4156 271 4221 ampiexus
282 4158 352 4205 θεῖε
363 4158 472 4205 ruebant.
497 4108 525 4205 pL
646 4158 698 4204 hinc
714 4173 739 4204 ee
755 4154 896 4219 lemnum]
915 4156 945 4204 In
960 4156 1005 4203 bac
1016 4170 1090 4203 scena
1100 4156 1209 4205 narratio

85 4224 123 4269 28.
143 4223 192 4269 Hic
206 4238 289 4271 versun
301 4234 366 4271 recte
379 4237 392 4270 a
405 4222 500 4271 Feerno
511 4220 614 4270 subditi·
645 4220 742 4269 itineris
754 4230 778 4269 et
789 4220 936 4269 reversionis
951 4220 1088 4285 simplicem
1098 4221 1211 4270 continet

53 4283 101 4333 tius
117 4286 249 4349 judicatur.
286 4287 350 4335 Nam
371 4288 455 4337 Remb.
479 4298 503 4334 et
522 4286 614 4335 Victor.
647 4285 833 4351 expositionem.
857 4285 887 4333 E.

52 4348 124 4411 plane
146 4350 300 4400 omiseruntr
329 4362 402 4415 atque
426 4351 538 4401 Phaedru
559 4366 615 4401 cum
680 4351 806 4399 ascribe
821 4353 909 4399 diunt.
943 4350 1045 4465 Semper
1060 4350 1127 4401 enim
1142 4350 1209 4416 apud

53 4412 615 4481 uremumoomumuonvimurnecpos-
648 4416 767 4467 Nostnuu
777 4416 969 4480 eetdisyllabou.
1165 4458 1171 4473 ,
