2834 4759
228 171 284 232 lxx
473 169 536 230 DE
565 168 750 231 METRIS
777 169 1125 232 TERENTIANIS.

231 300 291 371 fiat,
315 297 450 375 rythmus
477 300 636 377 geniusque
655 301 719 358 ¹sibi
743 313 856 379 poscat,
876 299 972 360 obiter
996 301 1164 362 ostendam:
1193 301 1223 361 iu
1248 301 1377 361 versibus

230 401 335 458 nempe
364 380 484 458 singulis
511 393 569 439 tres
598 380 724 458 syllabas
751 384 866 440 breves.
916 381 985 440 Hoc
1009 401 1079 440 sane
1102 381 1304 444 confitendum
1325 395 1378 451 est,

230 482 352 521 avorum
375 475 515 540 ternpore,
537 464 656 520 scabros
676 482 854 539 asperosque
874 482 986 530 versus,
1007 482 1115 542 magno
1134 462 1289 541 longarum
1308 483 1377 540 pon-

232 543 301 602 dere
323 555 452 609 onustos,
474 540 646 620 plerumque
665 545 790 602 exiisse:
812 542 968 602 hodiernos
989 559 1087 602 autem
1107 559 1209 622 poetas
1228 543 1318 622 longe
1331 563 1378 601 eos

232 623 384 684 teretiores
397 623 629 700 tornatioresque
648 623 737 692 dare;
759 623 811 682 sed
828 643 899 682 aure
912 624 1045 683 fortassis
1065 624 1213 703 magistra,
1227 645 1289 684 non
1303 637 1378 684 arte:

232 725 300 782 quae
315 716 410 766 tamen
424 723 471 763 ars
484 704 626 781 principio
637 704 789 782 judicibus
802 704 922 763 auribus
936 701 1107 766 dedebatur.
1136 705 1260 765 Habent
1273 705 1378 781 itaque,

232 784 312 862 quod
333 784 362 843 in
382 783 471 862 longo
492 804 561 844 sane
576 805 664 862 opere
679 785 788 844 frustra
807 785 1046 863 exspectandum,
1060 786 1091 844 in
1104 786 1316 866 epigrammate
1336 785 1381 844 vel

232 865 356 944 elegiola
376 865 460 924 facile
481 865 680 935 obtinendum,
703 887 806 926 versus
826 867 901 943 epici
922 866 1084 944 ammplam
1113 887 1174 943 quo
1192 882 1225 927 et
1244 887 1379 928 numerus

231 946 365 1005 brevium
379 959 410 1004 et
427 945 511 1005 sedes
530 946 734 1006 ostenduntur.
776 947 963 1025 Quamquam
982 947 1012 1008 iu
1025 947 1132 1010 nostris
1145 960 1192 1008 est
1205 960 1237 1008 et
1250 947 1380 1010 varietati

231 1027 323 1098 locus,
338 1040 372 1086 ut
385 1027 415 1086 in
429 1027 492 1086 his:
1179 1047 1204 1093 ι

336 1119 456 1191 'lhough
467 1119 543 1190 deep,
556 1130 601 1192 yet
613 1122 699 1186 clean
719 1120 825 1192 though
837 1122 937 1191 gentle,
950 1130 997 1194 yet
1007 1130 1057 1176 not
1068 1120 1125 1178 dull
1132 1145 1142 1186 ;

338 1190 438 1262 Strdug
450 1191 565 1246 without
576 1207 648 1263 rega,
662 1191 777 1248 without
789 1192 955 1264 o'ertlowing
966 1193 1025 1246 hdl.

233 1279 314 1340 Ictus
329 1281 359 1340 in
370 1282 428 1340 hoc
441 1281 612 1359 posteriore,
628 1281 678 1358 qui
692 1282 723 1340 in
737 1281 864 1340 secunda
877 1280 989 1360 syllaba
1002 1281 1066 1341 fieri
1080 1281 1164 1352 solet,
1179 1282 1210 1340 in
1224 1280 1322 1359 prima
1333 1280 1380 1348 fin

232 1375 262 1422 et
282 1375 405 1421 venuste
425 1362 561 1438 quidem3
585 1362 673 1422 modo
693 1383 761 1421 raro
781 1362 841 1432 liat,
861 1383 896 1421 ac
916 1363 1016 1422 brevis
1036 1375 1184 1440 sequatur.
1226 1363 1270 1422 Et
1289 1361 1380 1420 nescio

232 1443 377 1521 equidem,
393 1464 428 1502 an
443 1444 473 1501 in
487 1443 627 1501 Terentio
642 1463 770 1521 quoque,
786 1464 852 1502 cum
868 1444 1031 1502 trimetrum
1046 1443 1201 1522 aliquoties
1214 1443 1335 1503 inchoet
1347 1443 1382 1500 ab

232 1524 331 1595 hicine,
346 1525 450 1594 baritis,
472 1525 565 1594 sicine,
588 1523 687 1593 litera,
708 1543 767 1584 uon
780 1525 810 1582 in
831 1524 955 1602 primam
975 1525 1168 1584 retrahendus
1188 1526 1227 1584 sit
1248 1535 1381 1584 accentus

233 1604 332 1676 libera,
346 1615 399 1663 etc.
422 1605 510 1663 etiarn
531 1605 560 1662 in
583 1604 726 1675 iambico;
749 1606 788 1663 ob
811 1611 842 1663 nl
864 1609 1003 1681 iodypovov
1023 1605 1134 1664 scilicet
1155 1619 1186 1664 et
1207 1608 1379 1682 ῐσόῤῥνθμονς

233 1705 300 1746 cum
322 1687 464 1762 rythmus,
490 1685 701 1765 Hephaestione
723 1699 807 1756 teste,
829 1686 868 1744 sit
888 1699 982 1746 metro
1004 1685 1162 1765 potentior.
1213 1686 1291 1747 Tale
1315 1682 1382 1743 illud

233 1765 332 1824 Plauti
347 1765 474 1824 Rudent.
492 1766 521 1824 ii.
538 1771 565 1825 6.
582 1771 630 1824 29.

338 1859 460 1915 Piscibus
472 1859 501 1914 in
511 1861 567 1914 alto
580 1859 659 1914 credo
673 1860 793 1931 praebant
804 1860 943 1931 pabulum.

234 1949 284 2011 ubi
292 1947 417 2028 piscibus
430 1948 566 2010 libentius
580 1949 725 2020 efferrem,
739 1970 828 2028 quarn
838 1948 974 2028 piscibus.

338 2094 493 2160 Licentia
513 2095 546 2159 T
541 2095 722 2174 arentinae,
739 2119 804 2181 qno
820 2095 959 2181 deflectit
974 2117 995 2158 o
1010 2093 1143 2159 Latinis
1157 2095 1291 2182 Epieia.

274 2199 333 2258 Sed
347 2212 381 2258 ut
393 2198 519 2266 redeam,
535 2198 611 2257 unde
626 2198 775 2276 digressus
789 2218 864 2258 sum.
901 2196 943 2256 Ut
957 2219 975 2257 a
988 2197 1105 2258 Graecis
1119 2197 1240 2258 comicis
1254 2195 1380 2258 descive-

236 2295 304 2339 runt
317 2279 413 2338 Latini
428 2301 482 2357 pro
496 2280 635 2338 brevibus
654 2278 775 2357 syllabis
790 2279 887 2338 tardas
908 2278 1102 2350 infulciend03
1125 2280 1166 2338 ita
1180 2279 1255 2339 vitio
1269 2293 1381 2357 prorsus

235 2361 378 2421 contrario
398 2373 566 2440 peccarunt,
589 2360 774 2438 corripiendo
798 2360 908 2418 scilicet
932 2359 1076 2438 ejusmodi
1104 2358 1242 2438 syllabas,
1267 2379 1331 2440 quae
1354 2355 1380 2412 in

233 2441 339 2501 Latino
354 2461 486 2500 sermone
500 2453 584 2500 erant
595 2441 704 2518 longae.
747 2439 847 2518 Hujus
867 2453 963 2499 autem
985 2439 1112 2500 licentiae
1132 2440 1255 2501 modum
1268 2461 1302 2499 ac
1315 2437 1380 2495 fines

235 2543 293 2582 non
305 2522 436 2601 cujusvis
451 2534 495 2581 est
516 2521 678 2600 reperisse;
700 2542 768 2580 cum
782 2542 820 2579 ex
838 2521 1056 2598 interpretibus,
1071 2522 1102 2580 hi
1122 2522 1173 2600 qui
1193 2519 1341 2582 laxissime
1354 2529 1381 2574 et

235 2603 311 2662 ultra
335 2603 473 2662 terminos
494 2603 639 2662 licentiam
663 2603 738 2660 hanc
763 2601 941 2679 expandunt,
964 2616 1095 2661 monstra
1122 2619 1330 2680 nonnunquam
1354 2610 1381 2654 et

234 2696 370 2762 portenta
383 2704 436 2761 pro
447 2682 524 2742 veris
538 2681 709 2742 lectionibus
725 2695 861 2751 tuentur;
884 2682 932 2743 alii
946 2697 1047 2742 contra
1060 2682 1111 2760 qui
1125 2683 1210 2741 nimis
1220 2682 1310 2742 arctis
1323 2697 1380 2737 eam

236 2765 344 2824 finibus
367 2763 516 2834 claudunt,
532 2763 717 2842 syllabasque
736 2784 837 2822 omnes
859 2763 897 2822 ad
910 2765 1059 2840 epicorum
1081 2778 1236 2842 poetarum
1257 2778 1380 2822 normam

235 2846 366 2924 exigunt,
382 2843 512 2922 singulos
526 2845 587 2903 sere
609 2865 712 2902 versus
732 2845 846 2903 miseris
866 2843 970 2913 modis,
992 2843 1135 2915 addendo,
1155 2843 1326 2909 mutilando,
1340 2841 1380 2896 in·

235 2925 385 2998 vertendo,
400 2938 502 2985 contra
516 2924 649 2984 codicum
664 2924 761 2992 iidem,
777 2924 914 3004 jugulant
927 2937 956 2982 et
978 2924 1134 2983 trucidant.
1177 2924 1257 2983 Illud
1276 2924 1305 2982 in
1323 2919 1380 2978 uni-

235 3027 353 3066 versum
374 3005 586 3065 animadvertas
601 3005 697 3076 velim,
713 3005 807 3064 nullas
821 3026 871 3064 eos
888 3004 1024 3083 syllabas,
1037 3027 1105 3082 quae
1119 3018 1224 3064 natura
1237 3018 1268 3065 et
1281 2995 1381 3061 vocalis

235 3108 307 3147 sono
327 3086 422 3164 longae
444 3099 522 3154 sunt,
538 3086 732 3164 corripuisse;
755 3086 808 3145 sed
822 3107 871 3144 eas
884 3099 997 3145 tanturn
1015 3107 1082 3163 quae
1103 3106 1155 3164 per
1170 3087 1302 3146 vocalem
1323 3080 1380 3158 qui·

236 3169 303 3227 dem
324 3170 429 3226 breves
450 3181 540 3236 erant,
562 3167 706 3246 positione
728 3179 824 3226 tamen
845 3180 875 3226 st
894 3167 1115 3226 consonantium
1136 3184 1281 3226 concursu
1302 3165 1380 3222 lactae

235 3263 303 3308 sunt
315 3248 424 3325 longae.
461 3247 519 3306 Hae
535 3268 605 3306 vero
618 3269 704 3307 voces
718 3261 748 3307 et
761 3268 883 3306 numero
896 3267 998 3326 paucae
1012 3259 1088 3316 sunt,
1102 3248 1313 3326 monosyllabae
1326 3242 1381 3300 fere

235 3328 283 3388 vel
304 3328 466 3408 disyllabae,
484 3325 529 3386 vel
551 3348 617 3388 curn
639 3329 895 3406 praepositionibus
914 3329 1103 3408 compositae3
1126 3340 1157 3386 et
1179 3349 1218 3386 ex
1239 3330 1302 3408 ipsa
1318 3321 1380 3382 sede

235 3411 351 3488 situque
376 3409 529 3468 commodo
557 3409 672 3468 veniam
698 3423 857 3468 merentur.
900 3409 976 3468 Cum
1003 3421 1101 3468 autern
1129 3409 1159 3467 in
1186 3409 1253 3488 ipso
1280 3416 1380 3466 nostre

235 3490 370 3550 editionis
385 3504 468 3549 textu
483 3489 599 3568 singula
619 3490 682 3549 haec
704 3491 734 3549 in
754 3491 887 3551 versibus
908 3488 1029 3569 singulis
1044 3511 1097 3569 per
1110 3504 1284 3550 accentuum
1298 3488 1379 3547 inter·

234 3570 342 3631 vallum
358 3585 460 3650 sponte
475 3591 506 3629 se
520 3571 692 3641 ostendant;
716 3591 774 3630 non
793 3592 867 3649 opus
888 3584 941 3641 est,
958 3584 991 3629 ut
1012 3571 1179 3648 singillatim
1200 3572 1247 3630 hic
1268 3583 1379 3629 enume-

235 3667 344 3713 rentur.
388 3651 464 3710 Illud
480 3665 590 3710 tantum
608 3654 744 3722 monebo,
760 3652 838 3729 quod
853 3666 918 3711 ante
938 3673 985 3710 me
999 3653 1105 3730 opinor
1122 3672 1226 3721 nerum
1250 3651 1279 3710 in
1293 3646 1379 3728 primo

235 3735 296 3794 fere
318 3754 455 3792 versuum
476 3733 560 3811 pede,
577 3748 608 3792 et
627 3734 744 3812 parcius
765 3733 846 3803 alias,
867 3732 1014 3791 licentiam
1035 3733 1109 3791 hanc
1130 3735 1297 3793 exercuisse
1317 3745 1377 3785 nos·

235 3827 330 3874 trum:
356 3814 444 3891 idque
468 3815 631 3873 rectissimo
654 3815 785 3893 judicio;
814 3835 880 3872 cum
904 3827 995 3884 actor,
1021 3813 1050 3871 in
1073 3812 1131 3872 fine
1156 3815 1262 3891 prioris
1284 3822 1378 3870 versas

233 3896 329 3956 anima
343 3909 469 3974 recepta,
484 3893 600 3972 plenum
617 3896 809 3976 rapidumque
824 3894 958 3974 spiritum
972 3908 1072 3973 posset
1086 3894 1258 3953 effundere:

304 4005 358 4060 Sed
369 4004 397 4059 id
408 4005 517 4075 gratum
529 4003 648 4059 luisse-
880 4002 925 4059 Ob
938 4003 1032 4058 decem
1043 4005 1229 4076 muasinquit.

305 4074 482 4132 Sineinvidia
492 4073 606 4129 laudern.
880 4073 948 4128 lude
961 4073 1066 4130 nimam
1077 4075 1166 4130 uxori.

304 4146 368 4200 Sine
381 4149 453 4201 omni
467 4146 576 4216 periclo.
881 4144 966 4200 Soror
978 4143 1050 4198 dicta
1062 4152 1112 4209 est,
1127 4147 1218 4216 cupio.

303 4215 417 4287 Propter
428 4216 553 4286 h6spitai.
879 4215 967 4269 Simul
979 4215 1124 4269 consilium
1136 4234 1200 4270 cum
1213 4235 1250 4272 ra.

304 4285 358 4340 Hie
371 4295 411 4340 est
422 4287 467 4340 ille
479 4303 535 4341 uon
547 4295 582 4339 te.
879 4285 1065 4351 Colorvdrus,
1080 4303 1113 4340 co
1146 4305 1187 4341 us.

304 4355 401 4411 Studet
412 4358 462 4427 pbr
473 4356 579 4412 referre.
882 4303 1184 4428 Nequennnphorlun.

303 4427 428 4510 Obbane
440 4428 601 4483 iuimicitias.
878 4425 1230 4484 Sedhocmihimoluatum
1240 4435 1289 4483 est.
