2834 4759
110 454 126 492 θ.

229 208 294 273 atu
671 206 946 273 TERENTII
1213 207 1363 291 [acrusv.

272 341 392 429 Neque
408 344 488 428 agri,
504 364 610 427 neque
625 343 716 407 urbia
731 342 841 407 odium
855 363 907 406 me
920 348 1063 426 unquam
1075 340 1223 427 percipit.

274 441 341 506 Ubi
356 442 454 505 satias
472 442 572 525 coepit
585 441 668 517 fieri,
685 451 847 506 commuto
860 439 977 505 locum.

273 540 340 605 Sed
355 551 446 604 estne
461 539 513 604 ille
528 551 638 604 noster
653 539 835 604 Parmeno?
858 549 892 603 et
906 550 994 603 certe
1008 541 1100 623 ipsus
1114 549 1175 603 eat.

247 652 261 699 t
276 639 383 712 Quem
397 636 595 722 praestolare,
613 637 785 716 Parmeno,
800 636 854 702 hic
868 649 942 701 ante
957 638 1100 707 ostium?

274 736 359 802 Pan.
374 737 458 811 Quis
467 736 565 800 homo
573 739 645 801 estl
668 735 773 813 ehem,
785 734 950 800 salvumte
962 735 1125 812 advenire,
1135 733 1226 812 here,
1237 734 1364 818 gaudeo.

274 836 338 901 La.
357 835 464 908 Quem
477 834 688 920 praestolare?
712 833 798 898 Pan.
815 832 920 897 Perii:
943 832 1053 918 lingua
1066 832 1171 897 haeret
1184 845 1281 897 metu.

274 934 337 999 Lu.
353 934 459 997 Hem!
482 934 634 1017 quidest,
649 933 729 1017 quid
743 932 911 1017 trepidas?
934 934 1037 996 satine
1053 930 1164 996 calvel
1187 932 1240 997 dic
1252 931 1333 996 mihi.

273 1032 358 1097 Part.
377 1031 479 1108 Here,
496 1034 632 1116 primum
649 1042 681 1096 te
697 1033 858 1110 arbitrari,
874 1033 963 1117 quod
978 1054 1030 1095 res
1046 1043 1108 1108 est,
1123 1029 1234 1096 velimi

229 1246 349 1311 ooaunodl]
368 1246 549 1303 annotandum,
562 1247 626 1309 quod
640 1246 713 1309 hujus
724 1246 790 1296 aenio
821 1250 923 1302 calwe,-
942 1248 994 1305 aad,
1008 1250 1078 1299 Quem
1091 1245 1161 1295 dixit
1189 1246 1270 1295 Aliter
1284 1244 1369 1294 Tullius

231 1312 791 1439 uitiatisitilitlsssffllssltslfl
822 1307 1369 1439 {Nssllutlfi‘ssidlttsst

226 1448 313 1508 piaque
328 1460 382 1492 rure
399 1446 515 1504 loccaplo
529 1440 649 1504 commodi]
667 1441 792 1491 Firmatur
822 1457 876 1491 ease
890 1453 916 1490 et
930 1456 1054 1506 apparere,
1067 1442 1113 1489 hoc
1130 1440 1291 1503 mcobaequi.
1313 1440 1370 1488 D.-

231 1510 366 1573 (Formutur
378 1507 418 1568 Z.)
431 1518 509 1555 status
522 1506 666 1570 trepidantis
677 1506 751 1564 aonia
763 1518 791 1555 ut
825 1510 895 1559 Qem
902 1505 1050 1569 praedolare]
1060 1505 1202 1554 Notandum
1213 1506 1277 1569 quod
1286 1504 1324 1553 hic
1332 1518 1370 1567 per

230 1582 353 1639 appareat,
361 1588 432 1635 quam
438 1571 564 1635 inopinato
573 1572 636 1619 malo
645 1588 729 1620 amena
737 1572 790 1619 fieri
822 1571 986 1620 accusativum
997 1570 1107 1635 protulit,
1117 1588 1180 1633 quom
1190 1573 1326 1631 praertoure.
1341 1570 1370 1615 At

229 1638 319 1703 poenit:
337 1637 401 1700 quod
417 1636 498 1701 ipsum
513 1636 625 1701 nuperiua
643 1647 667 1685 et
684 1637 711 1685 in
729 1637 789 1685 Par·
821 1652 881 1686 vero
891 1636 978 1685 Cicero
993 1635 1170 1700 perditurum,
1182 1635 1254 1683 Catil.
1265 1634 1282 1683 i.
1293 1636 1314 1683 9.
1332 1635 1370 1684 Qui

229 1718 334 1751 menone
356 1712 478 1750 servatum
500 1710 543 1749 eat.
573 1699 703 1765 lmparatia
723 1701 790 1749 enim
822 1701 996 1764 ubiodsorum
1007 1702 1127 1749 Aurelium
1136 1702 1321 1762 praetolmatur
1335 1714 1368 1745 or·

229 1767 352 1816 mentibus
368 1765 431 1814 mala
447 1768 538 1829 majora
554 1776 617 1814 aunt
644 1766 789 1827 Ergonunc
820 1770 898 1815 moti?
932 1765 1068 1820 u-Qoem
1089 1764 1239 1828 prestolare]
1265 1762 1369 1813 Priscian

230 1832 281 1905 lum
290 1832 382 1880 otiosus
391 1830 483 1905 incedit
493 1845 576 1889 senex,
588 1841 616 1878 ut
624 1846 702 1907 raeque
708 1847 790 1880 morea
821 1830 862 1880 lib.
875 1830 926 1894 viii.
947 1831 976 1880 L.

229 1896 788 2024 tuiti?(ltrtftssttettiitulz
821 1893 1222 2029 ..laiss'alut‘tililt‘t
1235 1893 1370 2030 lm

228 2028 300 2089 cujm
311 2024 430 2075 beneflcio
438 2039 487 2073 non
494 2024 548 2081 acit,
557 2024 615 2087 quid
626 2026 652 2073 in
661 2026 722 2075 urbe
731 2041 787 2089 age·
820 2026 875 2075 malt
893 2025 970 2074 videri
991 2024 1133 2089 pmviditae,
1153 2038 1186 2071 ne
1204 2024 1264 2087 quid
1282 2022 1370 2071 fallam

230 2100 287 2139 rent
305 2090 357 2139 filii.
386 2090 420 2138 Et
438 2104 503 2138 nunc
521 2089 596 2146 adeat,
613 2089 655 2138 ubi
674 2106 736 2155 opus
752 2089 790 2139 est
821 2090 1058 2155 parataevideaturi
1084 2087 1371 2150 SicetinAndriaqutt‘

229 2156 316 2221 poetae.
346 2156 379 2203 lit
395 2154 450 2203 vide
466 2154 529 2202 hauc
544 2170 641 2203 causam
652 2154 734 2213 iniere,
745 2171 790 2204 cur
821 2158 1181 2217 delnproeieoresploeadauor.
1206 2154 1253 2202 Vel
1262 2152 1369 2216 quiaptt·

230 2236 280 2271 non
296 2221 326 2269 ad
344 2220 427 2269 villam
446 2219 579 2268 diverterit.
609 2222 702 2269 Omnea
719 2220 790 2269 villan
822 2222 932 2269 turbatur
949 2220 1110 2278 exanimatus,
1124 2218 1165 2281 qui
1179 2218 1239 2268 dum
1250 2218 1306 2282 quid
1316 2212 1371 2280 apud

228 2286 335 2335 uomicae
345 2286 495 2335 suburbanae
506 2300 559 2333 asae
570 2284 640 2346 (ordo
653 2286 726 2334 debet
736 2301 790 2334 eane
822 2285 941 2334 Thudem
951 2295 1057 2348 geratur,
1066 2283 1193 2341 auscultat,
1206 2300 1256 2332 non
1267 2282 1330 2331 videt
1338 2295 1371 2328 ae·

230 2351 284 2399 hic:
302 2353 400 2409 Etuide,
413 2367 486 2399 omnes
496 2352 564 2399 uillas
574 2368 593 2398 c.
604 2368 621 2398 a.
632 2368 687 2409 erae,
697 2358 721 2398 et
731 2354 790 2399 hone
821 2366 878 2398 nem
893 2351 995 2415 propius
1011 2349 1132 2407 accedere,
1144 2363 1218 2411 quem
1234 2349 1305 2412 longe
1314 2346 1371 2394 vide·

229 2422 321 2465 umora
335 2415 419 2477 saitae,
442 2432 489 2472 eur,
509 2414 572 2478 eta),
593 2415 789 2464 commoditatem
821 2417 879 2464 ratl
897 2416 938 2463 An
948 2430 1005 2463 vero
1012 2412 1104 2462 idcirco
1112 2414 1158 2462 hoc
1167 2414 1248 2477 lingit,
1255 2413 1310 2477 quia
1317 2408 1372 2474 quod

229 2480 308 2545 ipaam
320 2496 385 2529 nunc
396 2479 503 2544 explicat
518 2491 544 2527 et
554 2480 667 2528 ostendit.
687 2480 791 2529 D.-u'a
821 2481 923 2545 parabat
934 2479 1015 2528 dicere
1031 2480 1062 2527 de
1078 2479 1187 2538 Charta,
1199 2488 1323 2543 poatquam
1337 2491 1370 2522 co-

230 2562 278 2594 meo
292 2544 429 2608 propinquo]
457 2545 517 2592 unc
536 2560 609 2593 scena
626 2546 790 2594 narrationem
822 2545 1016 2594 minuerentum
1026 2553 1132 2602 utnon
1148 2544 1225 2592 audet
1239 2543 1319 2606 lnquit
1345 2540 1371 2587 D·

229 2609 346 2667 continet,
359 2609 560 2672 quemadmodum
574 2610 639 2658 filius
655 2612 707 2672 ejus
720 2610 792 2673 (mia
822 2612 981 2658 —Adoenitre
1002 2621 1069 2657 recte
1088 2609 1180 2658 habeut
1199 2624 1284 2657 omnes
1298 2604 1372 2657 nostrl.

232 2676 273 2736 Z.)
285 2675 311 2723 in
323 2676 395 2723 domo
409 2674 544 2723 meretricia
554 2690 599 2738 pro
610 2676 722 2724 eunucho
733 2690 790 2739 cap·
823 2690 873 2722 uno
894 2682 1005 2738 excepto.
1048 2674 1145 2722 Deinde
1163 2673 1227 2731 dele,
1243 2677 1301 2731 lere,
1317 2667 1373 2733 quod

231 2741 283 2789 lua:
301 2739 374 2789 aimul
385 2755 440 2788 cum
455 2739 595 2788 defensione
611 2752 635 2787 et
651 2739 790 2788 adolescen·
822 2754 838 2787 a
853 2739 932 2789 tribua
951 2739 1060 2803 probatis
1078 2740 1154 2795 abeat,
1174 2738 1308 2802 prasertim
1325 2747 1373 2783 criu

230 2804 263 2854 tia
274 2804 315 2868 qui
327 2815 412 2867 captur
423 2814 467 2860 eat,
480 2814 504 2853 et
515 2803 592 2869 ipsius
603 2804 645 2867 qui
657 2814 746 2862 narrat,
759 2820 791 2853 ne
822 2803 888 2852 idem
899 2820 989 2852 nomen
999 2803 1073 2868 paulo
1083 2814 1140 2867 post
1150 2812 1268 2852 oceumt.
1290 2802 1318 2849 B.

229 2870 342 2920 'videatur
357 2868 410 2933 ipae
426 2869 478 2917 auis
491 2870 522 2917 ad
537 2869 672 2933 periculum
683 2869 798 2918 conciliis·
856 2869 879 2919 7.
896 2871 990 2933 Lingua
996 2872 1068 2917 lant
1073 2865 1146 2931 metu]
1155 2868 1281 2930 Virgilian,
1290 2866 1343 2914 AEn.
1350 2862 1373 2910 ii

230 2934 355 2983 dominum
373 2933 506 2998 impulisse.
534 2937 572 2983 Er
587 2952 634 2983 meo
651 2933 790 2997 propinquo]
825 2933 879 2985 774.
891 2942 915 2982 et
925 2950 966 2981 oor
970 2931 1081 2996 saucibus
1091 2936 1164 2981 haeeit.
1189 2932 1222 2981 D.

231 3000 271 3049 Ex
283 2999 334 3049 tolo
346 3008 370 3047 et
380 2999 461 3047 vicino
472 3014 537 3063 agro.
563 2999 664 3047 u-ae
674 3017 722 3048 meo
735 3016 790 3062 pro-
857 3002 879 3047 8.
898 2998 961 3051 Quid
971 3001 1083 3059 eot,qaod
1093 2997 1229 3061 trepidat]
1241 2993 1373 3046 Iucundum

227 3070 314 3129 pinque
324 3064 390 3127 rure]
403 3064 579 3113 Charialib.i
604 3064 632 3112 L.
823 3062 925 3112 ectreni
936 3063 967 3111 ad
981 3063 1110 3120 audienda,
1122 3078 1176 3125 quta
1192 3062 1224 3111 de
1239 3061 1303 3110 sacili
1317 3073 1372 3107 nuu-

264 3133 286 3178 2.
306 3132 385 3191 Neque
404 3132 464 3192 agri,
481 3146 552 3192 neque
571 3128 649 3191 arbit]
671 3127 790 3191 Tragicua
838 3129 1023 3177 uamiateretur
1033 3128 1161 3177 Parmeno.
1188 3120 1372 3183 mamam]

230 3198 368 3258 operatua
396 3192 503 3241 Deliciae
523 3204 647 3251 memorat,
667 3192 708 3258 qui
723 3193 788 3256 peri·
863 3210 895 3250 oe,
910 3192 1013 3256 integre,
1029 3203 1103 3248 recte,
1120 3192 1255 3241 commode.
1282 3191 1373 3239 rreum

231 3274 245 3307 c
271 3257 444 3321 acogniturua
464 3270 509 3306 est.
539 3262 622 3307 Odium
638 3275 673 3307 me
692 3276 791 3321 unquam
821 3258 1076 3317 inirinummo,v.2
1089 3259 1275 3307 dullenmlm
1285 3260 1372 3303 nuat-

226 3322 340 3386 percr'plt]
369 3322 503 3371 Fastidium
532 3338 563 3371 ex
585 3322 733 3371 abundantia
753 3332 791 3371 eat
822 3318 1371 3388 queantoe’et.1a.uatin’eotoetuattmt

231 3388 300 3451 (Hoc
312 3386 410 3435 Scholio
420 3390 492 3434 tutius
501 3387 643 3452 explicatur.
662 3387 712 3448 Z.).
733 3388 765 3435 D.
823 3406 849 3437 oa
858 3387 883 3451 l]
902 3388 975 3436 Nunc
989 3387 1131 3436 adverbium
1145 3397 1196 3436 eat:
1213 3387 1329 3451 producta
1341 3392 1373 3429 eat

264 3454 286 3501 8.
308 3451 586 3514 Ulieotiatcoepltfieri]
600 3451 792 3501 Suffecerantad
824 3452 927 3502 elitera.
953 3451 1090 3510 Sallustius,
1102 3454 1161 3501 lade
1171 3462 1371 3510 attemper-

230 3518 293 3566 hanc
305 3516 451 3565 senteutiam
460 3514 509 3565 duo
518 3518 655 3582 superiorer
665 3516 681 3564 ii
693 3532 789 3566 remus:
823 3521 967 3566 motantibus
976 3520 1097 3580 utrimque,
1107 3519 1177 3565 rotia'
1188 3519 1251 3565 aaut
1260 3516 1336 3577 (mue
1343 3526 1371 3557 tt·

230 3582 274 3631 sed
286 3580 393 3646 ἐνέργεια
409 3592 447 3629 eat
462 3582 546 3631 aenilia
564 3582 661 3645 eloquii,
677 3582 749 3630 faceti
767 3593 793 3631 et
822 3577 1371 3646 rea)quoorgrotiduolbamis,quaatissanili·

229 3646 320 3713 garruli
332 3646 411 3695 timul.
430 3648 543 3697 Commota
557 3646 641 3710 min]
660 3646 726 3695 Mira
736 3648 790 3695 bre·
823 3651 902 3696 oritas
912 3651 983 3709 oopiit
993 3655 1117 3710 agerentur
1124 3645 1301 3711 (augerentur).
1316 3643 1372 3691 1).-

229 3714 305 3762 vitate
315 3712 375 3760 duaa
387 3728 426 3759 rea
435 3712 553 3775 explicuit
561 3711 640 3761 simul.
663 3714 789 3761 Uolcatio·
823 3714 929 3777 :ippone
935 3715 995 3762 Hera
1004 3711 1084 3760 versui
1090 3712 1182 3776 priori:
1201 3710 1261 3759 etin
1270 3702 1370 3770 aequanti

230 3787 266 3828 tar
274 3786 316 3837 ert,
328 3777 396 3826 deeat
407 3793 475 3825 naar:
487 3788 515 3826 ut
526 3777 564 3836 ait,
576 3794 629 3825 num
640 3780 680 3826 ulti
694 3781 791 3826 suetas
821 3776 883 3841 lege,
898 3779 961 3831 Quid
969 3784 1011 3835 etl,
1022 3779 1083 3840 quod
1093 3785 1119 3825 ta
1129 3778 1251 3839 trepidat?
1267 3774 1335 3831 um,
1343 3778 1371 3824 ὴ,

229 3846 364 3905 captari.
382 3842 500 3904 Etcoept't,
509 3848 662 3907 proruperit.
680 3844 789 3901 Sotiates,
821 3842 912 3896 habent
922 3842 1001 3891 notu-i
1011 3842 1128 3905 plerique.
1152 3842 1181 3889 B.

229 3908 325 3958 odium:
343 3908 374 3957 ab
385 3922 414 3957 eo
425 3908 489 3971 quod
503 3908 626 3972 praecedit,
638 3908 664 3956 id
675 3907 739 3970 quod
751 3923 789 3956 ae-
855 3909 877 3956 9.
895 3906 966 3965 Here,
980 3911 1080 3969 primm
1096 3915 1119 3956 te
1134 3909 1255 3963 onerari,
1271 3903 1328 3967 qaod
1339 3913 1371 3945 m

228 3974 318 4038 quitur.
337 3974 368 4021 D.
821 3979 863 4031 eet,
874 3970 954 4035 mlta]
965 3971 1038 4027 Quod
1048 3980 1105 4020 ante
1118 3971 1280 4020 narrationem
1292 3964 1369 4015 conir-

262 4042 285 4086 i.
303 4042 350 4088 Sed
356 4048 418 4088 estne
424 4042 464 4087 ille
470 4047 545 4088 notter
552 4039 683 4087 Parmeno?
698 4045 790 4086 atcerte
821 4038 897 4085 matio
916 4037 1048 4095 inducitur,
1064 4046 1150 4086 contra
1169 4050 1261 4085 morem
1277 4042 1301 4081 et
1314 4044 1369 4095 pt!-

228 4107 293 4165 iprae
303 4102 351 4166 ert]
364 4104 397 4152 Et
408 4104 535 4161 dubitavit,
544 4114 569 4151 et
577 4102 682 4151 lirmavit
691 4114 788 4166 postea:
821 4112 893 4167 cepta
908 4112 959 4151 eat:
984 4102 1027 4151 red
1042 4102 1139 4161 merito,
1155 4102 1212 4165 quia
1226 4097 1370 4168 perturbati?

230 4178 315 4232 utpote
334 4184 417 4226 senex,
433 4169 488 4217 viau
504 4171 555 4232 jam
574 4167 696 4230 languido,
717 4177 790 4230 atque
822 4162 1370 4231 (εει,ΙίοοῑοίπιιιίθιιῑιιοιιροιείῑάὶοονοίφΜ

229 4231 501 4282 oculiaaeratedefessie.
519 4234 791 4281 D.-ueuettuaoeeer
817 4240 879 4293 pert
897 4240 931 4280 est
947 4236 989 4290 teo,
1007 4234 1061 4280 ttae
1076 4235 1174 4289 annue
1185 4239 1217 4288 aa,
1229 4228 1291 4289 etet
1312 4226 1369 4273 1).-

229 4296 354 4361 Pormeno]
367 4298 398 4345 ln
411 4298 458 4347 Mt.
474 4298 502 4346 R.
515 4307 549 4347 eet
560 4297 687 4346 omittitur.
712 4298 740 4345 1..
822 4300 925 4346 an
941 4306 964 4345 to
979 4294 1106 4359 aarum]
1128 4298 1265 4358 Antequam
1286 4290 1369 4340 crimen

262 4362 284 4409 t.
305 4363 375 4413 Quem
387 4364 719 4423 praertolon,1³omcao,hic
734 4370 788 4411 ante
820 4361 859 4410 vel
875 4360 1008 4410 nimiarum
1030 4360 1129 4425 aliquod
1143 4359 1242 4412 radam
1262 4359 1368 4405 narraret.

227 4424 344 4489 maome]
375 4426 445 4475 Nove
470 4427 589 4491 (Antiqua.
630 4428 695 4475 Nam
722 4427 788 4491 apud
819 4425 981 4490 ptiuavoluit,
990 4426 1054 4489 quod
1062 4426 1366 4475 tacmmmernerene-

230 4490 344 4542 Plautum
352 4490 417 4539 idem
426 4492 531 4539 occurrit
541 4490 593 4554 Z.):
610 4506 667 4551 non,
676 4494 787 4553 Cuiprae-
820 4506 884 4539 vere.
908 4490 1212 4555 ,Nemqinquittprcteq
1226 4489 1271 4537 hoc
1286 4494 1367 4541 ertu?
