2834 4759
46 228 157 273 scena
176 210 243 294 nn]
481 213 792 280 EUNUCHUS.
1151 222 1212 287 173

87 344 182 410 Part.
200 346 291 419 Quid
308 348 404 413 istie?
432 348 459 411 si
481 350 645 414 certum'st
662 349 782 427 lacere,
797 349 916 429 iscias3
943 374 1057 417 verum
1076 375 1118 418 ne
1135 367 1213 439 post

86 444 347 625 Culfflirrrarlte.
380 542 445 608 Cu.
460 543 537 607 Non
547 544 671 611 faciam.
708 545 795 610 Pin.
805 545 977 613 iubesne?
1010 547 1211 626 entubeo,

155 661 253 724 cogo,
269 652 368 726 atque
382 641 518 726 impero.

86 736 274 899 Νιιιέιέιιιιιιι
289 737 455 823 defugiam
469 740 713 805 auctoritatem:
737 762 886 825 sequere.
921 740 1008 807 Psn.
1025 742 1072 808 Di
1084 753 1214 809 vortant

200 858 254 900 ne.

174 1102 371 1176 ACTUS
405 1103 616 1177 TERTII
653 1104 847 1177 SCENA
879 1104 1085 1180 PRIMA.

355 1292 509 1341 rflnsso.
535 1290 695 1341 GNATHO·
723 1291 910 1340 PsttttttNO.

87 1414 247 1477 blaonns
263 1436 341 1479 vero
356 1437 454 1499 agere
470 1416 590 1499 gratim
606 1414 712 1478 Thais
727 1415 828 1479 mihit

84 1511 160 1577 Grt.
174 1510 345 1597 Ingentes.
362 1512 431 1577 Tu.
441 1512 516 1577 Ain’
527 1516 581 1576 tui
597 1510 735 1577 laeta’sti
751 1513 823 1578 Gn.
834 1512 915 1578 Non
924 1514 1073 1599 tamipse
1080 1515 1213 1599 quidem

85 1610 204 1687 Dono,
221 1632 320 1693 quem
335 1611 394 1674 abs
411 1621 443 1674 te
459 1610 571 1675 datum
585 1632 676 1675 esse:
700 1612 736 1675 id
751 1632 829 1675 vero
845 1613 930 1676 serio

85 1705 304 1791 Triumphat.
344 1707 431 1772 Psa.
450 1707 527 1772 Huc
542 1709 684 1792 proviso,
701 1718 749 1785 ut,
767 1710 824 1773 ubi
840 1720 968 1794 tempus
984 1712 1056 1789 siet,

59 1804 287 1869 tDeducam:
312 1806 371 1869 sed
385 1826 497 1869 eccum
511 1804 654 1869 militem.
691 1805 761 1869 Τιι.
777 1804 843 1870 Est
857 1808 941 1872 istuc
956 1808 1069 1873 datum

73 2006 111 2052 96.
132 2006 201 2057 Quia
219 2002 307 2065 istiet]
325 2002 476 2051 severtium
494 2012 531 2052 est
548 2018 613 2067 tegre
646 2003 716 2061 didit,
733 2004 782 2053 nisi
798 2005 888 2053 iterum
904 2005 1033 2055 diceretur.
1069 2008 1155 2071 ltaque
1171 2011 1211 2059 in·

42 2069 209 2117 eoncedeutis.
242 2068 339 2130 Faetus]
352 2067 492 2115 Proiecito.
523 2070 612 2126 Verum,
647 2078 767 2131 terrogat:
785 2072 1152 2133 Mogsusoeroogeregratiost
1180 2075 1210 2123 Ε.

42 2131 264 2195 npsstmserus]
278 2132 506 2195 Simprohibentis
517 2142 561 2189 est,
575 2133 613 2181 ni·
679 2134 701 2181 2.
730 2133 849 2196 Ingentis]
874 2134 937 2182 Vide
963 2146 1080 2197 quantum
1112 2138 1213 2199 sdjioist

42 2196 74 2244 bii
85 2198 173 2245 deest:
193 2197 404 2259 sipercontsntis,
416 2207 443 2244 ut
456 2197 488 2244 sit
503 2196 613 2258 neforto,
645 2197 774 2259 parasitus
816 2198 869 2254 ille,
892 2215 988 2261 mugnus
1009 2200 1080 2255 dixit,
1102 2200 1143 2249 bic
1170 2218 1211 2251 re·

43 2262 108 2310 deest
120 2262 209 2309 timeo.
245 2262 432 2321 Verumtamen
449 2260 551 2323 conferas
565 2264 614 2308 eut-
647 2262 754 2324 spondit,
765 2265 894 2324 ingenuis:
911 2262 960 2316 ille,
973 2266 1027 2311 teto
1042 2272 1083 2320 est,
1100 2264 1148 2323 hio,
1166 2270 1211 2314 tri·

41 2325 187 2389 maian]
204 2324 616 2388 lnbocnegotiononauctorvult
646 2330 747 2387 umphot.
772 2326 958 2389 D.—1ngeutes]
975 2326 1025 2375 Hic
1041 2342 1145 2390 persons
1162 2330 1210 2378 Co·

43 2390 330 2449 interessesedservus.
355 2388 450 2451 Veneta]
465 2390 546 2449 Deest,
555 2394 613 2439 vide.
646 2390 705 2437 iacis
722 2391 823 2455 parasiti
840 2390 983 2439 custoditur.
1015 2392 1080 2439 Nom
1096 2408 1152 2441 cum
1168 2394 1212 2443 ille

45 2455 73 2501 D,
646 2454 749 2503 dixisset
776 2472 886 2518 magnas:
917 2454 957 2503 hie
984 2456 1079 2516 adjecit,
1100 2461 1211 2520 ingentes.

73 2520 110 2569 tt.
136 2524 203 2583 Cugo
221 2528 291 2582 atque
306 2518 404 2581 impero]
423 2518 558 2567 Evidenter
574 2532 613 2567 os·
648 2518 687 2567 lte
698 2519 818 2582 cumipse
831 2518 964 2581 quiuisset,
977 2522 1031 2568 tata
1047 2525 1101 2568 est?
1122 2522 1212 2584 adjecit

44 2584 126 2641 tendit.
143 2585 205 2649 plus
225 2598 280 2631 esse
301 2588 421 2645 imperare,
438 2598 509 2645 quam
520 2583 612 2645 jubere.
646 2585 776 2647 parasitus,
787 2601 831 2631 sos
846 2592 893 2631 tosa
909 2588 958 2644 ipso
973 2588 1064 2646 quidest
1079 2602 1131 2633 uero
1146 2590 1210 2647 dono,

45 2650 180 2713 b'ssqsass]
200 2648 252 2696 Pro
268 2662 325 2695 non.
359 2650 397 2703 Ut,
413 2664 526 2709 nunquam
540 2664 615 2695 omnes
646 2664 714 2710 quum
730 2651 772 2696 obs
788 2657 810 2696 te
826 2652 886 2709 quod
900 2651 980 2696 datast
995 2656 1037 2706 est,
1052 2654 1113 2698 serio
1127 2656 1210 2699 triest-

44 2716 105 2761 toute
126 2718 257 2762 moriem
278 2714 354 2759 innui.
384 2712 530 2769 D.-Jubeo,
552 2728 613 2773 cogo,
642 2715 708 2773 piet.
732 2712 763 2759 E.

44 2786 106 2839 atqu
117 2776 223 2840 ἕψει-ο]
236 2778 299 2825 Cum
310 2776 456 2823 necessitate
467 2786 531 2824 sunt.
549 2776 614 2823 E.-
679 2778 701 2823 3.
722 2779 796 2828 Quom
806 2779 848 2824 ais
860 2785 882 2824 te
891 2780 970 2824 datust
980 2776 1041 2837 esse]
1056 2777 1159 2839 Majoris
1172 2788 1211 2829 est

45 2844 118 2899 tates,
130 2842 203 2905 cogo]
218 2841 266 2889 Ms.
280 2841 311 2889 tt.
324 2842 403 2896 iubeo,
416 2844 459 2887 imo
469 2856 529 2902 cogo.
552 2840 614 2887 1..-
645 2840 738 2901 gratite,
756 2850 851 2889 tantum
867 2841 976 2904 potuisse
992 2857 1098 2890 amorem
1110 2843 1209 2902 militis,

46 2907 134 2955 Omnes
144 2907 230 2955 nostri
241 2920 298 2953 cum
308 2914 366 2952 vett.
379 2904 433 2952 edd.
443 2904 534 2952 habent
542 2905 614 2953 Jubeo
646 2914 674 2952 ut
690 2905 807 2953 meretrix
823 2905 905 2953 minus
920 2905 1044 2953 letaretur
1060 2906 1092 2953 ob
1107 2906 1210 2955 luonun.

43 2974 188 3035 innoeoga,
215 2970 295 3033 igitur
306 2980 349 3017 aut
360 2968 408 3031 legi
422 2968 501 3025 debet,
512 2970 613 3016 iuben't
646 2970 677 3015 ld
692 2986 744 3016 aero
759 2968 831 3031 serio]
849 2972 886 3026 ld,
903 2970 935 3016 ob
950 2968 991 3017 id:
1016 2979 1051 3025 ut,
1068 2972 1105 3027 Id,
1122 2975 1210 3029 amoto,

46 3038 187 3085 alateo!
215 3037 410 3096 tammam.
428 3033 550 3095 mequod
561 3048 612 3081 rne-
645 3033 782 3094 otiJ'utome.
809 3032 879 3081 Alias
889 3030 1041 3094 ταρίλκιται,
1053 3033 1079 3080 id
1095 3045 1140 3092 est,
1152 3050 1209 3098 pro·

44 3098 93 3156 tim,
121 3100 260 3149 retinenda
288 3108 327 3147 est
358 3096 533 3160 lindenbrogii
563 3096 612 3145 leo·
646 3097 769 3145 ductionis
788 3096 856 3145 locus
878 3107 916 3145 est
938 3097 978 3157 (Si
1000 3096 1063 3145 hanc
1085 3097 1210 3161 vulgarem

46 3163 82 3212 tin
100 3166 129 3213 Β,
645 3160 776 3209 lectionem
784 3162 889 3216 retinen
907 3162 981 3209 verbs
990 3164 1089 3219 id-est,
1101 3178 1209 3211 areoen·

79 3232 117 3277 98.
141 3232 275 3291 Nusquam
296 3225 413 3289 deigiam
439 3224 612 3288 auctoritatem]
646 3225 701 3273 tiori
714 3241 788 3273 mauu
799 3236 857 3273 sunt
868 3224 966 3274 inserta.
996 3225 1030 3273 At
1043 3226 1097 3275 edd.
1110 3228 1210 3277 Veneti.

46 3292 104 3350 Nou,
116 3294 212 3357 inquit,
224 3292 343 3339 recusabo
358 3291 446 3345 facere,
457 3290 515 3337 dum
533 3301 560 3337 tu
575 3300 611 3337 ts·
645 3290 719 3352 plene
736 3290 809 3337 sliam
830 3290 948 3337 exhibent
965 3289 1102 3349 lectionem,
1120 3306 1209 3340 sento.

45 3370 96 3405 meu
112 3372 205 3406 auctor
220 3356 256 3404 sis
280 3355 344 3403 iacti.
380 3354 555 3402 D.-Verbum
576 3370 611 3402 te·
646 3355 713 3401 Alios
723 3352 887 3417 ταρέλκονμιε
903 3370 963 3401 auso
975 3358 1134 3415 productionis
1150 3360 1211 3405 toees

45 3438 107 3481 qum
123 3420 260 3471 Bentleius
277 3418 433 3475 Parmenoni,
449 3418 490 3481 qui
506 3418 613 3481 loquitur
645 3418 699 3479 est).
723 3418 754 3466 D.

45 3487 176 3535 Dioortmt
196 3488 258 3541 tere,
270 3484 363 3533 tribuit.
393 3482 464 3537 Quod
481 3483 612 3545 praeleren·
678 3485 701 3529 t.
722 3481 870 3544 Trienptut]
882 3482 917 3529 Ut
928 3481 1210 3547 (Neseliberuterqus)

46 3548 98 3597 dum
109 3552 221 3605 videtin,
235 3564 268 3596 ne
284 3549 359 3597 verbs
375 3556 499 3611 postrema
515 3546 610 3609 simpli·
644 3546 791 3594 militaribus
799 3546 871 3593 dictis
880 3547 958 3609 tangit
967 3547 1069 3595 militem
1081 3550 1209 3623 parasitus.

46 3614 102 3663 citer
117 3626 143 3663 et
161 3614 279 3676 ambigue
297 3612 348 3660 sint
368 3612 454 3675 posita.
489 3612 612 3659 Coeterum
644 3613 699 3658 Huc
707 3610 810 3672 provin]
823 3611 907 3659 Tertia
918 3626 1022 3685 persona
1033 3622 1102 3659 vemt
1113 3612 1139 3660 in
1155 3628 1210 3661 see-

45 3680 121 3737 serbu,
146 3682 276 3740 Nunquam
303 3676 420 3739 defugiam
445 3678 612 3733 auctoritatem,
645 3690 720 3722 nam:
751 3675 795 3723 sed
822 3685 954 3738 separatim
980 3674 1088 3737 loquitur
1113 3686 1138 3724 et
1169 3692 1209 3726 se·

46 3742 193 3805 significant,
210 3744 273 3791 nato
295 3750 393 3802 tempore
409 3743 501 3803 negato,
519 3756 553 3788 me
570 3742 613 3788 titi
645 3754 708 3787 eum.
734 3740 766 3786 D.

46 3816 156 3857 setim
169 3806 241 3868 iujos
252 3810 286 3855 rei
297 3808 408 3854 extitisse.
432 3804 459 3851 Z.
679 3805 701 3851 5.
720 3806 766 3851 Sed
772 3820 847 3851 cetum
856 3802 963 3865 mititem]
977 3802 1099 3864 lnjutiose
1107 3806 1209 3853 militent.

77 3874 96 3919 i.
114 3876 221 3935 linguas
227 3886 354 3934 mougere
360 3867 466 3932 gratias]
476 3868 524 3915 Hic
534 3882 613 3916 sermo
647 3868 790 3943 Honori'iice
801 3868 902 3932 proprio
913 3866 1012 3915 nomine
1022 3866 1126 3915 dicitur:
1144 3869 1211 3917 utin

46 3933 613 4050 tdssttttttttttttttttttt
646 3933 979 4057 tittttt-‘ttttt‘t
992 3936 1212 4058 nitent

47 4066 209 4125 pernitiam,
221 4073 247 4112 et
258 4062 388 4111 stultitiam
404 4060 503 4123 gloriosi
520 4060 612 4109 militis.
646 4076 803 4109 conoessum:
823 4070 858 4117 ut,
871 4060 928 4107 AEn.
940 4060 983 4106 vii.
1000 4060 1055 4105 31³.
1073 4060 1127 4106 Nos
1143 4064 1210 4109 dobi-

50 4129 133 4192 Agm]
147 4128 210 4178 Plus
218 4136 289 4176 sonat
305 4126 417 4174 infinitus
433 4126 520 4173 modus
537 4124 613 4173 fluite
646 4134 685 4173 tur
701 4128 786 4186 regnis,
803 4134 857 4181 esto,
876 4126 996 4185 probibere
1015 4124 1114 4169 latinis.
1145 4126 1212 4173 D..-

51 4192 217 4257 lt-ltagm
237 4189 302 4254 vero]
325 4192 388 4239 lieet
415 4204 487 4239 scena
514 4188 613 4252 gloriosi
646 4192 691 4237 Est
707 4193 766 4236 istuc
783 4185 874 4249 άαιιιιιι]
889 4188 949 4235 llaec
964 4186 1042 4234 oratio
1057 4186 1157 4249 gloriosi
1173 4201 1212 4239 est

50 4257 131 4307 militis
154 4266 225 4306 tenet
248 4256 407 4319 jactationem
435 4253 613 4311 exsultationis,
646 4252 739 4311 militis,
756 4252 857 4300 nimiam
873 4250 920 4298 sibi
936 4249 1038 4313 gloriam
1049 4251 1210 4303 vindicantis:

50 4336 99 4382 qut
118 4322 230 4371 narratio
249 4320 393 4369 brevissime
415 4318 508 4381 agitur:
535 4318 614 4381 primo
647 4318 738 4382 quippe
755 4332 811 4363 curn
830 4314 896 4363 dicat
913 4314 960 4362 sibi
977 4313 1035 4389 fato,
1052 4316 1091 4363 vel
1106 4320 1210 4380 quadarn

51 4400 101 4435 tuto
122 4387 271 4435 nunciatum
293 4384 387 4441 luisset,
406 4382 560 4431 meretricem
583 4382 613 4431 ii·
646 4392 735 4431 natura
752 4396 806 4428 esse
823 4393 973 4435 conoessum,
989 4388 1026 4425 un
1044 4395 1139 4440 cuneta,
1157 4396 1212 4445 quae

52 4450 134 4501 beuter
147 4450 226 4501 mint
240 4449 306 4498 dona
321 4448 446 4505 sumsisse,
458 4460 544 4511 parum
560 4462 613 4496 cre·
647 4446 727 4504 locist,
738 4452 809 4507 grata
819 4443 869 4493 sint
880 4442 999 4492 omnibus.
1023 4443 1053 4491 E.
