<?xml version="1.0" encoding="UTF-8"?>
<!DOCTYPE html PUBLIC "-//W3C//DTD XHTML 1.0 Transitional//EN"
    "http://www.w3.org/TR/xhtml1/DTD/xhtml1-transitional.dtd">
<html xmlns="http://www.w3.org/1999/xhtml" xml:lang="en" lang="en">
 <head>
  <title>
</title>
<meta http-equiv="Content-Type" content="text/html;charset=utf-8" />
  <meta name='ocr-system' content='tesseract 3.04.00' />
  <meta name='ocr-capabilities' content='ocr_page ocr_carea ocr_par ocr_line ocrx_word'/>
</head>
<body>
  <div class='ocr_page' id='page_1' title='image "./publiiterentiic01lindgoog/publiiterentiic01lindgoog_0058.png"; bbox 0 0 2834 4759; ppageno 0'>
   <div class='ocr_carea' id='block_1_1' title="bbox 400 176 757 241">
    <p class='ocr_par' dir='ltr' id='par_1_1' title="bbox 400 176 757 241">
     <span class='ocr_line' id='line_1_1' title="bbox 400 176 757 241; baseline -0.011 0"><span class='ocrx_word' id='word_1_1' title='bbox 400 182 465 241; x_wconf 87' lang='lat' dir='ltr'><strong>DE</strong></span> <span class='ocrx_word' id='word_1_2' title='bbox 493 176 757 239; x_wconf 84' lang='lat' dir='ltr'><strong>TERENTIO.</strong></span> 
     </span>
    </p>
   </div>
   <div class='ocr_carea' id='block_1_2' title="bbox 50 306 393 369">
    <p class='ocr_par' dir='ltr' id='par_1_2' title="bbox 50 306 393 369">
     <span class='ocr_line' id='line_1_2' title="bbox 50 306 393 369; baseline 0.023 -8"><span class='ocrx_word' id='word_1_3' title='bbox 50 306 107 366; x_wconf 79' lang='lat' dir='ltr'><strong>l&#39;sre</strong></span> <span class='ocrx_word' id='word_1_4' title='bbox 118 309 246 367; x_wconf 84' lang='lat' dir='ltr'><strong>scenicum</strong></span> <span class='ocrx_word' id='word_1_5' title='bbox 259 321 288 367; x_wconf 90' lang='lat' dir='ltr'><strong>et</strong></span> <span class='ocrx_word' id='word_1_6' title='bbox 302 309 372 369; x_wconf 86' lang='lat' dir='ltr'><strong>illud</strong></span> <span class='ocrx_word' id='word_1_7' title='bbox 385 332 393 368; x_wconf 76' lang='grc' dir='ltr'>ι</span> 
     </span>
    </p>
   </div>
   <div class='ocr_carea' id='block_1_3' title="bbox 153 400 1004 543">
    <p class='ocr_par' dir='ltr' id='par_1_3' title="bbox 153 400 1004 543">
     <span class='ocr_line' id='line_1_3' title="bbox 155 400 1004 475; baseline 0.001 -21"><span class='ocrx_word' id='word_1_8' title='bbox 155 402 186 455; x_wconf 80' lang='lat' dir='ltr'><strong>lit</strong></span> <span class='ocrx_word' id='word_1_9' title='bbox 196 412 336 472; x_wconf 67' lang='lat' dir='ltr'><strong>mammo,</strong></span> <span class='ocrx_word' id='word_1_10' title='bbox 349 404 457 458; x_wconf 88' lang='lat' dir='ltr'><strong>nisime</strong></span> <span class='ocrx_word' id='word_1_11' title='bbox 469 405 615 467; x_wconf 73' lang='lat' dir='ltr'><strong>auscultas,</strong></span> <span class='ocrx_word' id='word_1_12' title='bbox 630 412 712 475; x_wconf 81' lang='lat' dir='ltr'><strong>atque</strong></span> <span class='ocrx_word' id='word_1_13' title='bbox 722 402 786 467; x_wconf 86' lang='lat' dir='ltr'><strong>hoc,</strong></span> <span class='ocrx_word' id='word_1_14' title='bbox 800 408 831 455; x_wconf 90' lang='lat' dir='ltr'><strong>ut</strong></span> <span class='ocrx_word' id='word_1_15' title='bbox 843 401 914 467; x_wconf 88' lang='lat' dir='ltr'><strong>dico,</strong></span> <span class='ocrx_word' id='word_1_16' title='bbox 927 400 1004 466; x_wconf 81' lang='lat' dir='ltr'><strong>facis,</strong></span> 
     </span>
     <span class='ocr_line' id='line_1_4' title="bbox 153 472 865 543; baseline 0 -16"><span class='ocrx_word' id='word_1_17' title='bbox 153 472 217 527; x_wconf 81' lang='lat' dir='ltr'><strong>&#39;l&#39;uts</strong></span> <span class='ocrx_word' id='word_1_18' title='bbox 228 491 296 543; x_wconf 90' lang='lat' dir='ltr'><strong>poue</strong></span> <span class='ocrx_word' id='word_1_19' title='bbox 308 486 333 529; x_wconf 87' lang='lat' dir='ltr'><strong>ts</strong></span> <span class='ocrx_word' id='word_1_20' title='bbox 344 475 439 530; x_wconf 85' lang='lat' dir='ltr'><strong>latebis</strong></span> <span class='ocrx_word' id='word_1_21' title='bbox 452 475 539 539; x_wconf 77' lang='lat' dir='ltr'><strong>facile,</strong></span> <span class='ocrx_word' id='word_1_22' title='bbox 553 492 587 528; x_wconf 90' lang='lat' dir='ltr'><strong>ne</strong></span> <span class='ocrx_word' id='word_1_23' title='bbox 598 473 719 529; x_wconf 84' lang='lat' dir='ltr'><strong>inveniat</strong></span> <span class='ocrx_word' id='word_1_24' title='bbox 729 484 757 528; x_wconf 90' lang='lat' dir='ltr'><strong>te</strong></span> <span class='ocrx_word' id='word_1_25' title='bbox 767 472 865 527; x_wconf 84' lang='lat' dir='ltr'><strong>honor.</strong></span> 
     </span>
    </p>
   </div>
   <div class='ocr_carea' id='block_1_4' title="bbox 47 576 880 761">
    <p class='ocr_par' dir='ltr' id='par_1_4' title="bbox 47 576 880 761">
     <span class='ocr_line' id='line_1_5' title="bbox 47 576 709 657; baseline 0.006 -24"><span class='ocrx_word' id='word_1_26' title='bbox 47 576 74 633; x_wconf 82' lang='lat' dir='ltr'><strong>ht</strong></span> <span class='ocrx_word' id='word_1_27' title='bbox 85 578 136 653; x_wconf 88' lang='lat' dir='ltr'><strong>quis</strong></span> <span class='ocrx_word' id='word_1_28' title='bbox 149 576 214 635; x_wconf 89' lang='lat' dir='ltr'><strong>iliud</strong></span> <span class='ocrx_word' id='word_1_29' title='bbox 227 592 309 637; x_wconf 84' lang='lat' dir='ltr'><strong>extra</strong></span> <span class='ocrx_word' id='word_1_30' title='bbox 322 600 436 638; x_wconf 86' lang='lat' dir='ltr'><strong>scenam</strong></span> <span class='ocrx_word' id='word_1_31' title='bbox 456 600 597 657; x_wconf 88' lang='lat' dir='ltr'><strong>usurpare</strong></span> <span class='ocrx_word' id='word_1_32' title='bbox 612 580 709 637; x_wconf 77' lang='lat' dir='ltr'><strong>ausit?</strong></span> 
     </span>
     <span class='ocr_line' id='line_1_6' title="bbox 152 686 880 761; baseline 0.003 -20"><span class='ocrx_word' id='word_1_33' title='bbox 152 686 287 743; x_wconf 84' lang='lat' dir='ltr'><strong>Beuet&#39;acta</strong></span> <span class='ocrx_word' id='word_1_34' title='bbox 298 689 443 745; x_wconf 78' lang='lat' dir='ltr'><strong>benefactis</strong></span> <span class='ocrx_word' id='word_1_35' title='bbox 455 690 514 743; x_wconf 86' lang='lat' dir='ltr'><strong>aliis</strong></span> <span class='ocrx_word' id='word_1_36' title='bbox 527 689 670 761; x_wconf 87' lang='lat' dir='ltr'><strong>pertegito,</strong></span> <span class='ocrx_word' id='word_1_37' title='bbox 684 706 719 743; x_wconf 86' lang='lat' dir='ltr'><strong>ne</strong></span> <span class='ocrx_word' id='word_1_38' title='bbox 730 690 880 759; x_wconf 85' lang='lat' dir='ltr'><strong>perpluattt.</strong></span> 
     </span>
    </p>
   </div>
   <div class='ocr_carea' id='block_1_5' title="bbox 40 791 1164 4563">
    <p class='ocr_par' dir='ltr' id='par_1_5' title="bbox 40 791 1164 4563">
     <span class='ocr_line' id='line_1_7' title="bbox 46 791 1151 871; baseline 0.005 -23"><span class='ocrx_word' id='word_1_39' title='bbox 46 791 121 855; x_wconf 86' lang='lat' dir='ltr'><strong>Quare</strong></span> <span class='ocrx_word' id='word_1_40' title='bbox 137 814 272 871; x_wconf 87' lang='lat' dir='ltr'><strong>nunquam</strong></span> <span class='ocrx_word' id='word_1_41' title='bbox 287 794 428 871; x_wconf 83' lang='lat' dir='ltr'><strong>effugient</strong></span> <span class='ocrx_word' id='word_1_42' title='bbox 445 796 516 871; x_wconf 89' lang='lat' dir='ltr'><strong>quin</strong></span> <span class='ocrx_word' id='word_1_43' title='bbox 533 795 590 852; x_wconf 88' lang='lat' dir='ltr'><strong>sint</strong></span> <span class='ocrx_word' id='word_1_44' title='bbox 608 794 708 871; x_wconf 83' lang='lat' dir='ltr'>inepti,</span> <span class='ocrx_word' id='word_1_45' title='bbox 724 794 775 871; x_wconf 91' lang='lat' dir='ltr'><strong>qui</strong></span> <span class='ocrx_word' id='word_1_46' title='bbox 794 794 860 851; x_wconf 76' lang='lat' dir='ltr'><strong>hato</strong></span> <span class='ocrx_word' id='word_1_47' title='bbox 879 808 909 852; x_wconf 87' lang='lat' dir='ltr'><strong>et</strong></span> <span class='ocrx_word' id='word_1_48' title='bbox 923 793 979 851; x_wconf 86' lang='lat' dir='ltr'><strong>alia</strong></span> <span class='ocrx_word' id='word_1_49' title='bbox 997 793 1027 852; x_wconf 87' lang='lat' dir='ltr'><strong>id</strong></span> <span class='ocrx_word' id='word_1_50' title='bbox 1048 814 1151 871; x_wconf 63' lang='lat' dir='ltr'><strong>mus,</strong></span> 
     </span>
     <span class='ocr_line' id='line_1_8' title="bbox 45 872 1151 953; baseline 0.005 -24"><span class='ocrx_word' id='word_1_51' title='bbox 45 872 173 933; x_wconf 69' lang='lat' dir='ltr'><strong>adoenmn</strong></span> <span class='ocrx_word' id='word_1_52' title='bbox 186 874 297 934; x_wconf 85' lang='lat' dir='ltr'><strong>dicendi</strong></span> <span class='ocrx_word' id='word_1_53' title='bbox 311 895 403 953; x_wconf 88' lang='lat' dir='ltr'><strong>genus</strong></span> <span class='ocrx_word' id='word_1_54' title='bbox 423 876 609 933; x_wconf 77' lang='lat' dir='ltr'><strong>transierunt.</strong></span> <span class='ocrx_word' id='word_1_55' title='bbox 653 876 881 951; x_wconf 80' lang='lat' dir='ltr'><strong>Consequentur</strong></span> <span class='ocrx_word' id='word_1_56' title='bbox 894 874 982 944; x_wconf 84' lang='lat' dir='ltr'><strong>enim,</strong></span> <span class='ocrx_word' id='word_1_57' title='bbox 998 876 1077 952; x_wconf 89' lang='lat' dir='ltr'><strong>qood</strong></span> <span class='ocrx_word' id='word_1_58' title='bbox 1092 896 1151 935; x_wconf 90' lang='lat' dir='ltr'><strong>non</strong></span> 
     </span>
     <span class='ocr_line' id='line_1_9' title="bbox 46 953 1152 1033; baseline 0.005 -25"><span class='ocrx_word' id='word_1_59' title='bbox 46 953 125 1019; x_wconf 80' lang='lat' dir='ltr'><strong>rident,</strong></span> <span class='ocrx_word' id='word_1_60' title='bbox 142 970 171 1013; x_wconf 89' lang='lat' dir='ltr'><strong>ut</strong></span> <span class='ocrx_word' id='word_1_61' title='bbox 190 956 268 1013; x_wconf 83' lang='lat' dir='ltr'><strong>insiti</strong></span> <span class='ocrx_word' id='word_1_62' title='bbox 292 958 381 1015; x_wconf 91' lang='lat' dir='ltr'><strong>risum</strong></span> <span class='ocrx_word' id='word_1_63' title='bbox 405 968 559 1025; x_wconf 86' lang='lat' dir='ltr'><strong>moveant;</strong></span> <span class='ocrx_word' id='word_1_64' title='bbox 582 955 662 1032; x_wconf 91' lang='lat' dir='ltr'><strong>quod</strong></span> <span class='ocrx_word' id='word_1_65' title='bbox 685 974 743 1013; x_wconf 92' lang='lat' dir='ltr'><strong>non</strong></span> <span class='ocrx_word' id='word_1_66' title='bbox 764 956 849 1032; x_wconf 87' lang='lat' dir='ltr'><strong>pauci</strong></span> <span class='ocrx_word' id='word_1_67' title='bbox 873 954 959 1014; x_wconf 89' lang='lat' dir='ltr'><strong>hodie</strong></span> <span class='ocrx_word' id='word_1_68' title='bbox 983 956 1152 1033; x_wconf 88' lang='lat' dir='ltr'><strong>inscriptis</strong></span> 
     </span>
     <span class='ocr_line' id='line_1_10' title="bbox 44 1035 1153 1114; baseline 0.007 -26"><span class='ocrx_word' id='word_1_69' title='bbox 44 1035 141 1093; x_wconf 83' lang='lat' dir='ltr'><strong>maximo</strong></span> <span class='ocrx_word' id='word_1_70' title='bbox 157 1036 298 1094; x_wconf 84' lang='lat' dir='ltr'><strong>molimine</strong></span> <span class='ocrx_word' id='word_1_71' title='bbox 321 1058 339 1095; x_wconf 92' lang='lat' dir='ltr'><strong>a</strong></span> <span class='ocrx_word' id='word_1_72' title='bbox 361 1037 472 1095; x_wconf 90' lang='lat' dir='ltr'><strong>lectore</strong></span> <span class='ocrx_word' id='word_1_73' title='bbox 494 1038 660 1114; x_wconf 88' lang='lat' dir='ltr'><strong>impetrant.</strong></span> <span class='ocrx_word' id='word_1_74' title='bbox 704 1036 843 1113; x_wconf 87' lang='lat' dir='ltr'><strong>Sequitur</strong></span> <span class='ocrx_word' id='word_1_75' title='bbox 865 1044 897 1096; x_wconf 71' lang='lat' dir='ltr'><strong>ch</strong></span> <span class='ocrx_word' id='word_1_76' title='bbox 913 1038 983 1108; x_wconf 71' lang='grc' dir='ltr'><strong><em>ἦθος,</em></strong></span> <span class='ocrx_word' id='word_1_77' title='bbox 1007 1037 1096 1114; x_wconf 89' lang='lat' dir='ltr'><strong>quod,</strong></span> <span class='ocrx_word' id='word_1_78' title='bbox 1119 1050 1153 1096; x_wconf 88' lang='lat' dir='ltr'><strong>ut</strong></span> 
     </span>
     <span class='ocr_line' id='line_1_11' title="bbox 45 1113 1154 1195; baseline 0.007 -26"><span class='ocrx_word' id='word_1_79' title='bbox 45 1113 106 1171; x_wconf 86' lang='lat' dir='ltr'><strong>docet</strong></span> <span class='ocrx_word' id='word_1_80' title='bbox 129 1117 302 1185; x_wconf 86' lang='lat' dir='ltr'><strong>Aristoteles,</strong></span> <span class='ocrx_word' id='word_1_81' title='bbox 326 1119 356 1175; x_wconf 95' lang='lat' dir='ltr'><strong>in</strong></span> <span class='ocrx_word' id='word_1_82' title='bbox 379 1118 521 1185; x_wconf 86' lang='lat' dir='ltr'><strong>oratione,</strong></span> <span class='ocrx_word' id='word_1_83' title='bbox 543 1116 772 1195; x_wconf 89' lang='lat' dir='ltr'><strong>uniuscujusque</strong></span> <span class='ocrx_word' id='word_1_84' title='bbox 799 1117 963 1176; x_wconf 87' lang='lat' dir='ltr'><strong>institutum</strong></span> <span class='ocrx_word' id='word_1_85' title='bbox 990 1118 1100 1175; x_wconf 88' lang='lat' dir='ltr'><strong>indicat</strong></span> <span class='ocrx_word' id='word_1_86' title='bbox 1122 1130 1154 1177; x_wconf 92' lang='lat' dir='ltr'><strong>et</strong></span> 
     </span>
     <span class='ocr_line' id='line_1_12' title="bbox 45 1193 1153 1277; baseline 0.008 -29"><span class='ocrx_word' id='word_1_87' title='bbox 45 1193 193 1255; x_wconf 68' lang='lat' dir='ltr'><strong>veluntatem.</strong></span> <span class='ocrx_word' id='word_1_88' title='bbox 235 1198 327 1263; x_wconf 84' lang='lat' dir='ltr'><strong>Quod</strong></span> <span class='ocrx_word' id='word_1_89' title='bbox 348 1199 377 1256; x_wconf 89' lang='lat' dir='ltr'><strong>in</strong></span> <span class='ocrx_word' id='word_1_90' title='bbox 398 1197 520 1275; x_wconf 87' lang='lat' dir='ltr'><strong>singuiis</strong></span> <span class='ocrx_word' id='word_1_91' title='bbox 540 1211 759 1277; x_wconf 77' lang='lat' dir='ltr'><strong>repraesentare,</strong></span> <span class='ocrx_word' id='word_1_92' title='bbox 779 1198 836 1255; x_wconf 88' lang='lat' dir='ltr'><strong>nisi</strong></span> <span class='ocrx_word' id='word_1_93' title='bbox 854 1198 909 1256; x_wconf 83' lang='lat' dir='ltr'><strong>viri</strong></span> <span class='ocrx_word' id='word_1_94' title='bbox 930 1212 981 1255; x_wconf 90' lang='lat' dir='ltr'><strong>aut</strong></span> <span class='ocrx_word' id='word_1_95' title='bbox 1001 1198 1153 1276; x_wconf 86' lang='lat' dir='ltr'><strong>prudentis</strong></span> 
     </span>
     <span class='ocr_line' id='line_1_13' title="bbox 45 1276 1152 1357; baseline 0.006 -27"><span class='ocrx_word' id='word_1_96' title='bbox 45 1290 80 1331; x_wconf 84' lang='lat' dir='ltr'><strong>act</strong></span> <span class='ocrx_word' id='word_1_97' title='bbox 90 1276 241 1357; x_wconf 84' lang='lat' dir='ltr'><strong>philosophi,</strong></span> <span class='ocrx_word' id='word_1_98' title='bbox 257 1277 367 1337; x_wconf 89' lang='lat' dir='ltr'><strong>nuliius</strong></span> <span class='ocrx_word' id='word_1_99' title='bbox 381 1292 436 1337; x_wconf 90' lang='lat' dir='ltr'><strong>est.</strong></span> <span class='ocrx_word' id='word_1_100' title='bbox 480 1277 555 1336; x_wconf 88' lang='lat' dir='ltr'><strong>Nam</strong></span> <span class='ocrx_word' id='word_1_101' title='bbox 569 1278 815 1355; x_wconf 91' lang='lat' dir='ltr'><strong>quemadmodum</strong></span> <span class='ocrx_word' id='word_1_102' title='bbox 830 1298 846 1335; x_wconf 93' lang='lat' dir='ltr'><strong>e</strong></span> <span class='ocrx_word' id='word_1_103' title='bbox 861 1279 984 1353; x_wconf 81' lang='lat' dir='ltr'><strong>singulis</strong></span> <span class='ocrx_word' id='word_1_104' title='bbox 997 1280 1152 1357; x_wconf 85' lang='lat' dir='ltr'><strong>experien-</strong></span> 
     </span>
     <span class='ocr_line' id='line_1_14' title="bbox 47 1356 1153 1437; baseline 0.008 -28"><span class='ocrx_word' id='word_1_105' title='bbox 47 1356 120 1419; x_wconf 77' lang='lat' dir='ltr'><strong>tiaits</strong></span> <span class='ocrx_word' id='word_1_106' title='bbox 136 1378 214 1417; x_wconf 88' lang='lat' dir='ltr'><strong>ncmo</strong></span> <span class='ocrx_word' id='word_1_107' title='bbox 235 1358 417 1437; x_wconf 86' lang='lat' dir='ltr'><strong>singulorum</strong></span> <span class='ocrx_word' id='word_1_108' title='bbox 439 1379 534 1417; x_wconf 89' lang='lat' dir='ltr'><strong>mores</strong></span> <span class='ocrx_word' id='word_1_109' title='bbox 555 1360 617 1417; x_wconf 88' lang='lat' dir='ltr'><strong>sine</strong></span> <span class='ocrx_word' id='word_1_110' title='bbox 641 1360 695 1417; x_wconf 87' lang='lat' dir='ltr'><strong>hac</strong></span> <span class='ocrx_word' id='word_1_111' title='bbox 718 1360 867 1435; x_wconf 81' lang='lat' dir='ltr'><strong>exprimit.</strong></span> <span class='ocrx_word' id='word_1_112' title='bbox 908 1359 1010 1424; x_wconf 80' lang='lat' dir='ltr'><strong>Quare</strong></span> <span class='ocrx_word' id='word_1_113' title='bbox 1024 1361 1153 1419; x_wconf 90' lang='lat' dir='ltr'><strong>omnium</strong></span> 
     </span>
     <span class='ocr_line' id='line_1_15' title="bbox 50 1439 1152 1518; baseline 0.005 -25"><span class='ocrx_word' id='word_1_114' title='bbox 50 1440 219 1497; x_wconf 79' lang='lat' dir='ltr'><strong>accuratissime</strong></span> <span class='ocrx_word' id='word_1_115' title='bbox 234 1454 263 1498; x_wconf 90' lang='lat' dir='ltr'><strong>et</strong></span> <span class='ocrx_word' id='word_1_116' title='bbox 277 1441 398 1517; x_wconf 89' lang='lat' dir='ltr'><strong>optime,</strong></span> <span class='ocrx_word' id='word_1_117' title='bbox 413 1439 485 1518; x_wconf 91' lang='lat' dir='ltr'><strong>quid</strong></span> <span class='ocrx_word' id='word_1_118' title='bbox 498 1440 536 1497; x_wconf 87' lang='lat' dir='ltr'><strong>sit</strong></span> <span class='ocrx_word' id='word_1_119' title='bbox 549 1440 644 1499; x_wconf 79' lang='lat' dir='ltr'><strong>facere</strong></span> <span class='ocrx_word' id='word_1_120' title='bbox 660 1453 692 1497; x_wconf 89' lang='lat' dir='ltr'><strong>ut</strong></span> <span class='ocrx_word' id='word_1_121' title='bbox 706 1440 744 1497; x_wconf 90' lang='lat' dir='ltr'><strong>sit</strong></span> <span class='ocrx_word' id='word_1_122' title='bbox 756 1441 830 1512; x_wconf 72' lang='grc' dir='ltr'>ἠθικὴ</span> <span class='ocrx_word' id='word_1_123' title='bbox 843 1440 947 1509; x_wconf 89' lang='lat' dir='ltr'><strong>oratio,</strong></span> <span class='ocrx_word' id='word_1_124' title='bbox 962 1440 1152 1517; x_wconf 87' lang='lat' dir='ltr'><strong>philosophus</strong></span> 
     </span>
     <span class='ocr_line' id='line_1_16' title="bbox 51 1518 1153 1598; baseline 0.005 -23"><span class='ocrx_word' id='word_1_125' title='bbox 51 1518 145 1576; x_wconf 73' lang='lat' dir='ltr'><strong>salla</strong></span> <span class='ocrx_word' id='word_1_126' title='bbox 183 1520 274 1585; x_wconf 85' lang='lat' dir='ltr'><strong>Quod</strong></span> <span class='ocrx_word' id='word_1_127' title='bbox 288 1520 337 1578; x_wconf 83' lang='lat' dir='ltr'><strong>rel</strong></span> <span class='ocrx_word' id='word_1_128' title='bbox 351 1520 444 1580; x_wconf 91' lang='lat' dir='ltr'><strong>solum</strong></span> <span class='ocrx_word' id='word_1_129' title='bbox 464 1522 535 1578; x_wconf 90' lang='lat' dir='ltr'><strong>tanti</strong></span> <span class='ocrx_word' id='word_1_130' title='bbox 554 1534 608 1587; x_wconf 89' lang='lat' dir='ltr'><strong>est,</strong></span> <span class='ocrx_word' id='word_1_131' title='bbox 630 1532 663 1578; x_wconf 91' lang='lat' dir='ltr'><strong>ut</strong></span> <span class='ocrx_word' id='word_1_132' title='bbox 684 1519 755 1578; x_wconf 89' lang='lat' dir='ltr'><strong>nihil</strong></span> <span class='ocrx_word' id='word_1_133' title='bbox 777 1521 875 1581; x_wconf 89' lang='lat' dir='ltr'><strong>minua</strong></span> <span class='ocrx_word' id='word_1_134' title='bbox 895 1521 1036 1590; x_wconf 87' lang='lat' dir='ltr'><strong>nonnulli,</strong></span> <span class='ocrx_word' id='word_1_135' title='bbox 1051 1522 1101 1598; x_wconf 90' lang='lat' dir='ltr'><strong>qui</strong></span> <span class='ocrx_word' id='word_1_136' title='bbox 1115 1522 1153 1580; x_wconf 90' lang='lat' dir='ltr'><strong>ad</strong></span> 
     </span>
     <span class='ocr_line' id='line_1_17' title="bbox 52 1594 1154 1679; baseline 0.01 -30"><span class='ocrx_word' id='word_1_137' title='bbox 52 1594 211 1660; x_wconf 83' lang='lat' dir='ltr'><strong>rhetoricarum</strong></span> <span class='ocrx_word' id='word_1_138' title='bbox 225 1622 348 1660; x_wconf 88' lang='lat' dir='ltr'><strong>suarum</strong></span> <span class='ocrx_word' id='word_1_139' title='bbox 364 1600 445 1679; x_wconf 87' lang='lat' dir='ltr'><strong>leges</strong></span> <span class='ocrx_word' id='word_1_140' title='bbox 462 1620 634 1679; x_wconf 85' lang='lat' dir='ltr'><strong>magnorum</strong></span> <span class='ocrx_word' id='word_1_141' title='bbox 648 1621 765 1678; x_wconf 91' lang='lat' dir='ltr'><strong>quoque</strong></span> <span class='ocrx_word' id='word_1_142' title='bbox 784 1615 814 1660; x_wconf 89' lang='lat' dir='ltr'><strong>et</strong></span> <span class='ocrx_word' id='word_1_143' title='bbox 834 1600 1003 1660; x_wconf 85' lang='lat' dir='ltr'><strong>sublimium</strong></span> <span class='ocrx_word' id='word_1_144' title='bbox 1022 1602 1154 1678; x_wconf 81' lang='lat' dir='ltr'><strong>ingenio·</strong></span> 
     </span>
     <span class='ocr_line' id='line_1_18' title="bbox 51 1682 1153 1760; baseline 0.01 -29"><span class='ocrx_word' id='word_1_145' title='bbox 51 1682 228 1741; x_wconf 74' lang='lat' dir='ltr'><strong>amontiones</strong></span> <span class='ocrx_word' id='word_1_146' title='bbox 242 1684 363 1759; x_wconf 82' lang='lat' dir='ltr'><strong>exigere</strong></span> <span class='ocrx_word' id='word_1_147' title='bbox 378 1682 495 1749; x_wconf 83' lang='lat' dir='ltr'><strong>audent,</strong></span> <span class='ocrx_word' id='word_1_148' title='bbox 510 1682 607 1740; x_wconf 87' lang='lat' dir='ltr'><strong>bacin</strong></span> <span class='ocrx_word' id='word_1_149' title='bbox 622 1696 703 1759; x_wconf 89' lang='lat' dir='ltr'><strong>parte</strong></span> <span class='ocrx_word' id='word_1_150' title='bbox 720 1682 856 1741; x_wconf 86' lang='lat' dir='ltr'><strong>videant:</strong></span> <span class='ocrx_word' id='word_1_151' title='bbox 879 1683 908 1739; x_wconf 90' lang='lat' dir='ltr'><strong>in</strong></span> <span class='ocrx_word' id='word_1_152' title='bbox 922 1702 990 1759; x_wconf 89' lang='lat' dir='ltr'><strong>qua,</strong></span> <span class='ocrx_word' id='word_1_153' title='bbox 1005 1682 1042 1740; x_wconf 88' lang='lat' dir='ltr'><strong>ad</strong></span> <span class='ocrx_word' id='word_1_154' title='bbox 1061 1683 1153 1760; x_wconf 87' lang='lat' dir='ltr'><strong>ipsius</strong></span> 
     </span>
     <span class='ocr_line' id='line_1_19' title="bbox 50 1762 1158 1841; baseline 0.006 -25"><span class='ocrx_word' id='word_1_155' title='bbox 50 1776 129 1834; x_wconf 83' lang='lat' dir='ltr'><strong>quoque</strong></span> <span class='ocrx_word' id='word_1_156' title='bbox 145 1764 325 1840; x_wconf 81' lang='lat' dir='ltr'><strong>antiquitatis</strong></span> <span class='ocrx_word' id='word_1_157' title='bbox 346 1778 504 1841; x_wconf 82' lang='lat' dir='ltr'><strong>stuporem,</strong></span> <span class='ocrx_word' id='word_1_158' title='bbox 521 1763 593 1821; x_wconf 81' lang='lat' dir='ltr'><strong>Afer</strong></span> <span class='ocrx_word' id='word_1_159' title='bbox 615 1764 670 1821; x_wconf 89' lang='lat' dir='ltr'><strong>iste</strong></span> <span class='ocrx_word' id='word_1_160' title='bbox 690 1776 804 1839; x_wconf 87' lang='lat' dir='ltr'><strong>regnat.</strong></span> <span class='ocrx_word' id='word_1_161' title='bbox 847 1762 938 1821; x_wconf 87' lang='lat' dir='ltr'><strong>Recte</strong></span> <span class='ocrx_word' id='word_1_162' title='bbox 953 1784 1025 1840; x_wconf 84' lang='lat' dir='ltr'><strong>ergo</strong></span> <span class='ocrx_word' id='word_1_163' title='bbox 1040 1762 1158 1823; x_wconf 75' lang='lat' dir='ltr'><strong>Varios·</strong></span> 
     </span>
     <span class='ocr_line' id='line_1_20' title="bbox 47 1834 1155 1922; baseline 0.004 -22"><span class='ocrx_word' id='word_1_164' title='bbox 47 1834 69 1892; x_wconf 79' lang='lat' dir='ltr'><strong>lt</strong></span> <span class='ocrx_word' id='word_1_165' title='bbox 78 1843 223 1919; x_wconf 72' lang='lat' dir='ltr'><strong>argumentis</strong></span> <span class='ocrx_word' id='word_1_166' title='bbox 239 1843 381 1902; x_wconf 79' lang='lat' dir='ltr'><strong>Gaeciiias</strong></span> <span class='ocrx_word' id='word_1_167' title='bbox 391 1843 483 1921; x_wconf 84' lang='lat' dir='ltr'><strong>poscit</strong></span> <span class='ocrx_word' id='word_1_168' title='bbox 493 1842 630 1922; x_wconf 81' lang='lat' dir='ltr'><strong>palmam,</strong></span> <span class='ocrx_word' id='word_1_169' title='bbox 646 1844 675 1900; x_wconf 86' lang='lat' dir='ltr'><strong>in</strong></span> <span class='ocrx_word' id='word_1_170' title='bbox 689 1844 796 1901; x_wconf 82' lang='lat' dir='ltr'><strong>etheria</strong></span> <span class='ocrx_word' id='word_1_171' title='bbox 814 1842 968 1901; x_wconf 77' lang='lat' dir='ltr'><strong>Terentiae.</strong></span> <span class='ocrx_word' id='word_1_172' title='bbox 1002 1844 1155 1921; x_wconf 85' lang='lat' dir='ltr'><strong>Significat</strong></span> 
     </span>
     <span class='ocr_line' id='line_1_21' title="bbox 46 1918 1155 2002; baseline 0.001 -19"><span class='ocrx_word' id='word_1_173' title='bbox 46 1918 104 1983; x_wconf 60' lang='lat' dir='ltr'><strong>etim.</strong></span> <span class='ocrx_word' id='word_1_174' title='bbox 116 1919 256 1983; x_wconf 73' lang='lat' dir='ltr'><strong>Catilium</strong></span> <span class='ocrx_word' id='word_1_175' title='bbox 278 1929 419 1999; x_wconf 67' lang='grc' dir='ltr'><strong>ιὺρηηκὸν,</strong></span> <span class='ocrx_word' id='word_1_176' title='bbox 439 1937 489 1983; x_wconf 90' lang='lat' dir='ltr'><strong>aut</strong></span> <span class='ocrx_word' id='word_1_177' title='bbox 509 1926 607 2002; x_wconf 87' lang='lat' dir='ltr'><strong>potius</strong></span> <span class='ocrx_word' id='word_1_178' title='bbox 625 1929 819 1997; x_wconf 68' lang='grc' dir='ltr'>εὐοικονόμητον</span> <span class='ocrx_word' id='word_1_179' title='bbox 836 1924 942 1983; x_wconf 85' lang='lat' dir='ltr'><strong>fuisse:</strong></span> <span class='ocrx_word' id='word_1_180' title='bbox 964 1925 1155 2001; x_wconf 89' lang='lat' dir='ltr'><strong>quemadmo-</strong></span> 
     </span>
     <span class='ocr_line' id='line_1_22' title="bbox 47 1996 1156 2083; baseline 0.006 -26"><span class='ocrx_word' id='word_1_181' title='bbox 47 1996 92 2057; x_wconf 82' lang='lat' dir='ltr'><strong>thttn</strong></span> <span class='ocrx_word' id='word_1_182' title='bbox 106 2006 288 2079; x_wconf 67' lang='grc' dir='ltr'><strong>ἀνοικονόμητος</strong></span> <span class='ocrx_word' id='word_1_183' title='bbox 307 2024 514 2081; x_wconf 88' lang='lat' dir='ltr'><strong>nonnunquam</strong></span> <span class='ocrx_word' id='word_1_184' title='bbox 534 2024 596 2083; x_wconf 84' lang='lat' dir='ltr'><strong>prae</strong></span> <span class='ocrx_word' id='word_1_185' title='bbox 617 2004 735 2080; x_wconf 89' lang='lat' dir='ltr'><strong>reliquis</strong></span> <span class='ocrx_word' id='word_1_186' title='bbox 750 2005 868 2063; x_wconf 89' lang='lat' dir='ltr'><strong>videtur</strong></span> <span class='ocrx_word' id='word_1_187' title='bbox 885 2004 1015 2075; x_wconf 88' lang='lat' dir='ltr'><strong>Plautus,</strong></span> <span class='ocrx_word' id='word_1_188' title='bbox 1031 2007 1079 2063; x_wconf 93' lang='lat' dir='ltr'><strong>cui</strong></span> <span class='ocrx_word' id='word_1_189' title='bbox 1093 2026 1156 2064; x_wconf 86' lang='lat' dir='ltr'><strong>ser·</strong></span> 
     </span>
     <span class='ocr_line' id='line_1_23' title="bbox 46 2082 1156 2164; baseline 0.01 -30"><span class='ocrx_word' id='word_1_190' title='bbox 46 2082 109 2139; x_wconf 82' lang='lat' dir='ltr'><strong>uenis</strong></span> <span class='ocrx_word' id='word_1_191' title='bbox 119 2084 187 2143; x_wconf 89' lang='lat' dir='ltr'><strong>idem</strong></span> <span class='ocrx_word' id='word_1_192' title='bbox 203 2086 365 2162; x_wconf 79' lang='lat' dir='ltr'><strong>assignavit</strong></span> <span class='ocrx_word' id='word_1_193' title='bbox 385 2085 510 2144; x_wconf 87' lang='lat' dir='ltr'><strong>laudem.</strong></span> <span class='ocrx_word' id='word_1_194' title='bbox 553 2084 653 2153; x_wconf 86' lang='lat' dir='ltr'><strong>Quod,</strong></span> <span class='ocrx_word' id='word_1_195' title='bbox 673 2086 697 2143; x_wconf 89' lang='lat' dir='ltr'><strong>si</strong></span> <span class='ocrx_word' id='word_1_196' title='bbox 716 2085 870 2162; x_wconf 88' lang='lat' dir='ltr'><strong>quicquam</strong></span> <span class='ocrx_word' id='word_1_197' title='bbox 890 2086 1028 2164; x_wconf 79' lang='lat' dir='ltr'><strong>sapimus,</strong></span> <span class='ocrx_word' id='word_1_198' title='bbox 1044 2086 1156 2145; x_wconf 87' lang='lat' dir='ltr'><strong>Teren·</strong></span> 
     </span>
     <span class='ocr_line' id='line_1_24' title="bbox 47 2158 1157 2245; baseline 0.008 -28"><span class='ocrx_word' id='word_1_199' title='bbox 47 2158 94 2217; x_wconf 86' lang='lat' dir='ltr'><strong>tium</strong></span> <span class='ocrx_word' id='word_1_200' title='bbox 105 2179 142 2221; x_wconf 86' lang='lat' dir='ltr'><strong>est</strong></span> <span class='ocrx_word' id='word_1_201' title='bbox 154 2164 256 2225; x_wconf 89' lang='lat' dir='ltr'><strong>Plauto</strong></span> <span class='ocrx_word' id='word_1_202' title='bbox 268 2166 421 2243; x_wconf 83' lang='lat' dir='ltr'><strong>praeserre.</strong></span> <span class='ocrx_word' id='word_1_203' title='bbox 466 2164 507 2224; x_wconf 92' lang='lat' dir='ltr'><strong>Ut</strong></span> <span class='ocrx_word' id='word_1_204' title='bbox 522 2186 587 2224; x_wconf 91' lang='lat' dir='ltr'><strong>cum</strong></span> <span class='ocrx_word' id='word_1_205' title='bbox 602 2186 678 2235; x_wconf 86' lang='lat' dir='ltr'><strong>eum,</strong></span> <span class='ocrx_word' id='word_1_206' title='bbox 694 2165 744 2241; x_wconf 90' lang='lat' dir='ltr'><strong>qui</strong></span> <span class='ocrx_word' id='word_1_207' title='bbox 757 2166 876 2225; x_wconf 83' lang='lat' dir='ltr'><strong>excellit</strong></span> <span class='ocrx_word' id='word_1_208' title='bbox 892 2166 920 2223; x_wconf 92' lang='lat' dir='ltr'><strong>in</strong></span> <span class='ocrx_word' id='word_1_209' title='bbox 935 2166 1048 2243; x_wconf 88' lang='lat' dir='ltr'><strong>majori,</strong></span> <span class='ocrx_word' id='word_1_210' title='bbox 1063 2169 1157 2245; x_wconf 86' lang='lat' dir='ltr'><strong>magis</strong></span> 
     </span>
     <span class='ocr_line' id='line_1_25' title="bbox 44 2245 1156 2323; baseline 0.008 -25"><span class='ocrx_word' id='word_1_211' title='bbox 44 2258 104 2312; x_wconf 81' lang='lat' dir='ltr'><strong>quam</strong></span> <span class='ocrx_word' id='word_1_212' title='bbox 115 2245 158 2320; x_wconf 90' lang='lat' dir='ltr'><strong>qui</strong></span> <span class='ocrx_word' id='word_1_213' title='bbox 170 2248 198 2304; x_wconf 90' lang='lat' dir='ltr'><strong>in</strong></span> <span class='ocrx_word' id='word_1_214' title='bbox 218 2248 334 2315; x_wconf 89' lang='lat' dir='ltr'><strong>minori,</strong></span> <span class='ocrx_word' id='word_1_215' title='bbox 350 2247 472 2305; x_wconf 89' lang='lat' dir='ltr'><strong>dicimus</strong></span> <span class='ocrx_word' id='word_1_216' title='bbox 491 2245 645 2305; x_wconf 89' lang='lat' dir='ltr'><strong>excellere.</strong></span> <span class='ocrx_word' id='word_1_217' title='bbox 688 2246 792 2321; x_wconf 87' lang='lat' dir='ltr'><strong>Neque</strong></span> <span class='ocrx_word' id='word_1_218' title='bbox 805 2268 893 2306; x_wconf 90' lang='lat' dir='ltr'><strong>causa</strong></span> <span class='ocrx_word' id='word_1_219' title='bbox 906 2248 963 2305; x_wconf 79' lang='lat' dir='ltr'><strong>luit</strong></span> <span class='ocrx_word' id='word_1_220' title='bbox 976 2246 1041 2311; x_wconf 81' lang='lat' dir='ltr'><strong>alia.</strong></span> <span class='ocrx_word' id='word_1_221' title='bbox 1056 2268 1156 2323; x_wconf 88' lang='lat' dir='ltr'><strong>quare,</strong></span> 
     </span>
     <span class='ocr_line' id='line_1_26' title="bbox 44 2323 1157 2403; baseline 0.007 -24"><span class='ocrx_word' id='word_1_222' title='bbox 44 2323 98 2392; x_wconf 78' lang='lat' dir='ltr'><strong>qaod</strong></span> <span class='ocrx_word' id='word_1_223' title='bbox 114 2328 260 2387; x_wconf 80' lang='lat' dir='ltr'><strong>observant</strong></span> <span class='ocrx_word' id='word_1_224' title='bbox 274 2342 399 2395; x_wconf 87' lang='lat' dir='ltr'><strong>veteres,</strong></span> <span class='ocrx_word' id='word_1_225' title='bbox 420 2327 497 2385; x_wconf 91' lang='lat' dir='ltr'><strong>idem</strong></span> <span class='ocrx_word' id='word_1_226' title='bbox 512 2327 617 2396; x_wconf 87' lang='lat' dir='ltr'><strong>Varro,</strong></span> <span class='ocrx_word' id='word_1_227' title='bbox 631 2328 718 2387; x_wconf 89' lang='lat' dir='ltr'><strong>etiam</strong></span> <span class='ocrx_word' id='word_1_228' title='bbox 737 2327 911 2395; x_wconf 88' lang='lat' dir='ltr'><strong>Menandro,</strong></span> <span class='ocrx_word' id='word_1_229' title='bbox 933 2328 961 2384; x_wconf 90' lang='lat' dir='ltr'><strong>io</strong></span> <span class='ocrx_word' id='word_1_230' title='bbox 981 2328 1157 2403; x_wconf 90' lang='lat' dir='ltr'><strong>quibusdam</strong></span> 
     </span>
     <span class='ocr_line' id='line_1_27' title="bbox 44 2404 1157 2485; baseline 0.008 -26"><span class='ocrx_word' id='word_1_231' title='bbox 44 2404 169 2475; x_wconf 69' lang='lat' dir='ltr'><strong>praestetit</strong></span> <span class='ocrx_word' id='word_1_232' title='bbox 181 2408 365 2476; x_wconf 85' lang='lat' dir='ltr'><strong>Terentium,</strong></span> <span class='ocrx_word' id='word_1_233' title='bbox 381 2408 507 2485; x_wconf 85' lang='lat' dir='ltr'><strong>exempli</strong></span> <span class='ocrx_word' id='word_1_234' title='bbox 523 2428 618 2477; x_wconf 86' lang='lat' dir='ltr'><strong>causa,</strong></span> <span class='ocrx_word' id='word_1_235' title='bbox 632 2408 833 2485; x_wconf 80' lang='lat' dir='ltr'><strong>Adelphorum</strong></span> <span class='ocrx_word' id='word_1_236' title='bbox 848 2409 940 2467; x_wconf 90' lang='lat' dir='ltr'><strong>initio.</strong></span> <span class='ocrx_word' id='word_1_237' title='bbox 983 2407 1088 2484; x_wconf 90' lang='lat' dir='ltr'><strong>Neque</strong></span> <span class='ocrx_word' id='word_1_238' title='bbox 1101 2410 1157 2468; x_wconf 90' lang='lat' dir='ltr'><strong>itu·</strong></span> 
     </span>
     <span class='ocr_line' id='line_1_28' title="bbox 43 2486 1156 2566; baseline 0.009 -27"><span class='ocrx_word' id='word_1_239' title='bbox 43 2486 126 2543; x_wconf 84' lang='lat' dir='ltr'><strong>nerito.</strong></span> <span class='ocrx_word' id='word_1_240' title='bbox 150 2486 274 2547; x_wconf 87' lang='lat' dir='ltr'><strong>Mirifice</strong></span> <span class='ocrx_word' id='word_1_241' title='bbox 290 2490 378 2554; x_wconf 84' lang='lat' dir='ltr'><strong>enim,</strong></span> <span class='ocrx_word' id='word_1_242' title='bbox 393 2509 458 2547; x_wconf 88' lang='lat' dir='ltr'><strong>cum</strong></span> <span class='ocrx_word' id='word_1_243' title='bbox 473 2488 550 2559; x_wconf 90' lang='lat' dir='ltr'><strong>alibi,</strong></span> <span class='ocrx_word' id='word_1_244' title='bbox 567 2502 628 2549; x_wconf 91' lang='lat' dir='ltr'><strong>tum</strong></span> <span class='ocrx_word' id='word_1_245' title='bbox 644 2489 684 2546; x_wconf 91' lang='lat' dir='ltr'><strong>ibi</strong></span> <span class='ocrx_word' id='word_1_246' title='bbox 698 2503 801 2566; x_wconf 88' lang='lat' dir='ltr'><strong>regnat</strong></span> <span class='ocrx_word' id='word_1_247' title='bbox 814 2494 845 2547; x_wconf 82' lang='grc' dir='ltr'><strong>τὸ</strong></span> <span class='ocrx_word' id='word_1_248' title='bbox 857 2491 927 2560; x_wconf 72' lang='grc' dir='ltr'><strong><em>ἦθος.</em></strong></span> <span class='ocrx_word' id='word_1_249' title='bbox 956 2489 1038 2547; x_wconf 89' lang='lat' dir='ltr'><strong>Idem</strong></span> <span class='ocrx_word' id='word_1_250' title='bbox 1050 2488 1156 2561; x_wconf 86' lang='lat' dir='ltr'><strong>Varro,</strong></span> 
     </span>
     <span class='ocr_line' id='line_1_29' title="bbox 43 2568 1156 2650; baseline 0.007 -29"><span class='ocrx_word' id='word_1_251' title='bbox 43 2569 249 2650; x_wconf 70' lang='lat' dir='ltr'><strong>tuntmgoediae,</strong></span> <span class='ocrx_word' id='word_1_252' title='bbox 268 2570 433 2638; x_wconf 82' lang='lat' dir='ltr'><strong>comoediae,</strong></span> <span class='ocrx_word' id='word_1_253' title='bbox 449 2590 482 2627; x_wconf 88' lang='lat' dir='ltr'><strong>ac</strong></span> <span class='ocrx_word' id='word_1_254' title='bbox 504 2584 611 2647; x_wconf 83' lang='lat' dir='ltr'><strong>satyrae</strong></span> <span class='ocrx_word' id='word_1_255' title='bbox 633 2568 753 2645; x_wconf 86' lang='lat' dir='ltr'><strong>effingat</strong></span> <span class='ocrx_word' id='word_1_256' title='bbox 772 2571 890 2638; x_wconf 76' lang='lat' dir='ltr'><strong>formas,</strong></span> <span class='ocrx_word' id='word_1_257' title='bbox 906 2570 977 2646; x_wconf 93' lang='lat' dir='ltr'><strong>quid</strong></span> <span class='ocrx_word' id='word_1_258' title='bbox 997 2570 1034 2628; x_wconf 91' lang='lat' dir='ltr'><strong>de</strong></span> <span class='ocrx_word' id='word_1_259' title='bbox 1055 2584 1156 2630; x_wconf 89' lang='lat' dir='ltr'><strong>nostro</strong></span> 
     </span>
     <span class='ocr_line' id='line_1_30' title="bbox 40 2644 1157 2728; baseline 0.01 -29"><span class='ocrx_word' id='word_1_260' title='bbox 40 2644 130 2714; x_wconf 84' lang='lat' dir='ltr'><strong>Judicet,</strong></span> <span class='ocrx_word' id='word_1_261' title='bbox 149 2650 254 2709; x_wconf 84' lang='lat' dir='ltr'><strong>diserte</strong></span> <span class='ocrx_word' id='word_1_262' title='bbox 276 2651 432 2727; x_wconf 84' lang='lat' dir='ltr'><strong>expressit.</strong></span> <span class='ocrx_word' id='word_1_263' title='bbox 477 2648 648 2709; x_wconf 91' lang='lat' dir='ltr'><strong>Ubertstem</strong></span> <span class='ocrx_word' id='word_1_264' title='bbox 670 2651 746 2707; x_wconf 90' lang='lat' dir='ltr'><strong>enim</strong></span> <span class='ocrx_word' id='word_1_265' title='bbox 768 2651 871 2708; x_wconf 88' lang='lat' dir='ltr'><strong>tribuit</strong></span> <span class='ocrx_word' id='word_1_266' title='bbox 891 2650 1053 2728; x_wconf 69' lang='lat' dir='ltr'><strong>tragoediaa</strong></span> <span class='ocrx_word' id='word_1_267' title='bbox 1069 2671 1157 2728; x_wconf 87' lang='lat' dir='ltr'><strong>quam</strong></span> 
     </span>
     <span class='ocr_line' id='line_1_31' title="bbox 42 2720 1157 2809; baseline 0.011 -31"><span class='ocrx_word' id='word_1_268' title='bbox 42 2720 77 2779; x_wconf 87' lang='lat' dir='ltr'><strong>dat</strong></span> <span class='ocrx_word' id='word_1_269' title='bbox 87 2724 216 2788; x_wconf 81' lang='lat' dir='ltr'><strong>Pacuvio:</strong></span> <span class='ocrx_word' id='word_1_270' title='bbox 239 2730 433 2809; x_wconf 83' lang='lat' dir='ltr'><strong>gracilitatem</strong></span> <span class='ocrx_word' id='word_1_271' title='bbox 454 2746 570 2808; x_wconf 85' lang='lat' dir='ltr'><strong>satyrae,</strong></span> <span class='ocrx_word' id='word_1_272' title='bbox 586 2751 672 2807; x_wconf 89' lang='lat' dir='ltr'><strong>quam</strong></span> <span class='ocrx_word' id='word_1_273' title='bbox 694 2732 797 2789; x_wconf 88' lang='lat' dir='ltr'><strong>tribuit</strong></span> <span class='ocrx_word' id='word_1_274' title='bbox 817 2729 949 2789; x_wconf 88' lang='lat' dir='ltr'><strong>Lucilio:</strong></span> <span class='ocrx_word' id='word_1_275' title='bbox 971 2731 1157 2790; x_wconf 89' lang='lat' dir='ltr'><strong>mediocrita-</strong></span> 
     </span>
     <span class='ocr_line' id='line_1_32' title="bbox 43 2810 1156 2887; baseline 0.013 -30"><span class='ocrx_word' id='word_1_276' title='bbox 43 2816 83 2861; x_wconf 83' lang='lat' dir='ltr'><strong>tem</strong></span> <span class='ocrx_word' id='word_1_277' title='bbox 94 2828 153 2869; x_wconf 84' lang='lat' dir='ltr'><strong>vero</strong></span> <span class='ocrx_word' id='word_1_278' title='bbox 165 2812 330 2879; x_wconf 87' lang='lat' dir='ltr'><strong>comoediae‚</strong></span> <span class='ocrx_word' id='word_1_279' title='bbox 346 2832 431 2887; x_wconf 88' lang='lat' dir='ltr'><strong>quam</strong></span> <span class='ocrx_word' id='word_1_280' title='bbox 445 2812 497 2869; x_wconf 90' lang='lat' dir='ltr'><strong>dat</strong></span> <span class='ocrx_word' id='word_1_281' title='bbox 506 2812 655 2869; x_wconf 83' lang='lat' dir='ltr'><strong>Terentio.</strong></span> <span class='ocrx_word' id='word_1_282' title='bbox 683 2810 725 2868; x_wconf 90' lang='lat' dir='ltr'><strong>Ut</strong></span> <span class='ocrx_word' id='word_1_283' title='bbox 739 2812 762 2869; x_wconf 91' lang='lat' dir='ltr'><strong>si</strong></span> <span class='ocrx_word' id='word_1_284' title='bbox 777 2813 842 2887; x_wconf 89' lang='lat' dir='ltr'><strong>quis</strong></span> <span class='ocrx_word' id='word_1_285' title='bbox 855 2813 1004 2871; x_wconf 89' lang='lat' dir='ltr'><strong>uberrimo</strong></span> <span class='ocrx_word' id='word_1_286' title='bbox 1014 2814 1156 2872; x_wconf 88' lang='lat' dir='ltr'><strong>sermonis</strong></span> 
     </span>
     <span class='ocr_line' id='line_1_33' title="bbox 42 2890 1157 2971; baseline 0.007 -27"><span class='ocrx_word' id='word_1_287' title='bbox 42 2904 118 2955; x_wconf 68' lang='lat' dir='ltr'><strong>tenue</strong></span> <span class='ocrx_word' id='word_1_288' title='bbox 142 2892 288 2951; x_wconf 88' lang='lat' dir='ltr'><strong>heroicum</strong></span> <span class='ocrx_word' id='word_1_289' title='bbox 316 2890 434 2950; x_wconf 85' lang='lat' dir='ltr'><strong>definiat</strong></span> <span class='ocrx_word' id='word_1_290' title='bbox 459 2906 593 2971; x_wconf 90' lang='lat' dir='ltr'><strong>poetam:</strong></span> <span class='ocrx_word' id='word_1_291' title='bbox 619 2904 648 2949; x_wconf 90' lang='lat' dir='ltr'><strong>et</strong></span> <span class='ocrx_word' id='word_1_292' title='bbox 671 2892 728 2949; x_wconf 91' lang='lat' dir='ltr'><strong>hoc</strong></span> <span class='ocrx_word' id='word_1_293' title='bbox 751 2894 860 2951; x_wconf 90' lang='lat' dir='ltr'><strong>tribuat</strong></span> <span class='ocrx_word' id='word_1_294' title='bbox 882 2890 1017 2971; x_wconf 87' lang='lat' dir='ltr'><strong>Virgilio.</strong></span> <span class='ocrx_word' id='word_1_295' title='bbox 1060 2894 1157 2953; x_wconf 85' lang='lat' dir='ltr'><strong>Aulus</strong></span> 
     </span>
     <span class='ocr_line' id='line_1_34' title="bbox 43 2962 1158 3052; baseline 0.011 -31"><span class='ocrx_word' id='word_1_296' title='bbox 43 2962 127 3027; x_wconf 85' lang='lat' dir='ltr'><strong>Gellius</strong></span> <span class='ocrx_word' id='word_1_297' title='bbox 139 2970 186 3031; x_wconf 88' lang='lat' dir='ltr'><strong>lib.</strong></span> <span class='ocrx_word' id='word_1_298' title='bbox 201 2973 252 3031; x_wconf 86' lang='lat' dir='ltr'><strong>rii.</strong></span> <span class='ocrx_word' id='word_1_299' title='bbox 273 2978 403 3050; x_wconf 82' lang='lat' dir='ltr'><strong>cap.13.</strong></span> <span class='ocrx_word' id='word_1_300' title='bbox 442 2972 513 3030; x_wconf 85' lang='lat' dir='ltr'><strong>Vero</strong></span> <span class='ocrx_word' id='word_1_301' title='bbox 533 2982 625 3030; x_wconf 83' lang='lat' dir='ltr'><strong>autem</strong></span> <span class='ocrx_word' id='word_1_302' title='bbox 644 2981 672 3030; x_wconf 85' lang='lat' dir='ltr'><strong>et</strong></span> <span class='ocrx_word' id='word_1_303' title='bbox 687 2973 810 3050; x_wconf 82' lang='lat' dir='ltr'><strong>propria</strong></span> <span class='ocrx_word' id='word_1_304' title='bbox 831 2974 985 3051; x_wconf 83' lang='lat' dir='ltr'><strong>hujusmodi</strong></span> <span class='ocrx_word' id='word_1_305' title='bbox 995 2972 1158 3052; x_wconf 74' lang='lat' dir='ltr'><strong>serratorum</strong></span> 
     </span>
     <span class='ocr_line' id='line_1_35' title="bbox 42 3050 1157 3133; baseline 0.004 -25"><span class='ocrx_word' id='word_1_306' title='bbox 42 3050 145 3126; x_wconf 60' lang='lat' dir='ltr'><strong>etrapit,</strong></span> <span class='ocrx_word' id='word_1_307' title='bbox 164 3054 193 3110; x_wconf 83' lang='lat' dir='ltr'><strong>iu</strong></span> <span class='ocrx_word' id='word_1_308' title='bbox 217 3054 320 3133; x_wconf 79' lang='lat' dir='ltr'><strong>lingua</strong></span> <span class='ocrx_word' id='word_1_309' title='bbox 343 3052 459 3123; x_wconf 82' lang='lat' dir='ltr'><strong>Latina,</strong></span> <span class='ocrx_word' id='word_1_310' title='bbox 488 3052 530 3112; x_wconf 89' lang='lat' dir='ltr'><strong>M.</strong></span> <span class='ocrx_word' id='word_1_311' title='bbox 551 3053 640 3111; x_wconf 83' lang='lat' dir='ltr'><strong>Varro</strong></span> <span class='ocrx_word' id='word_1_312' title='bbox 657 3072 721 3110; x_wconf 79' lang='lat' dir='ltr'><strong>case</strong></span> <span class='ocrx_word' id='word_1_313' title='bbox 741 3053 818 3121; x_wconf 83' lang='lat' dir='ltr'><strong>dicit,</strong></span> <span class='ocrx_word' id='word_1_314' title='bbox 838 3052 974 3111; x_wconf 81' lang='lat' dir='ltr'><strong>ubertatis</strong></span> <span class='ocrx_word' id='word_1_315' title='bbox 992 3054 1157 3125; x_wconf 81' lang='lat' dir='ltr'><strong>Pacuuium,</strong></span> 
     </span>
     <span class='ocr_line' id='line_1_36' title="bbox 40 3130 1156 3208; baseline 0.005 -19"><span class='ocrx_word' id='word_1_316' title='bbox 40 3130 176 3199; x_wconf 71' lang='lat' dir='ltr'><strong>gracilitatis</strong></span> <span class='ocrx_word' id='word_1_317' title='bbox 189 3134 341 3202; x_wconf 80' lang='lat' dir='ltr'><strong>Lucilium,</strong></span> <span class='ocrx_word' id='word_1_318' title='bbox 356 3134 554 3192; x_wconf 83' lang='lat' dir='ltr'><strong>mediocritatis</strong></span> <span class='ocrx_word' id='word_1_319' title='bbox 571 3132 739 3192; x_wconf 85' lang='lat' dir='ltr'><strong>Terentium.</strong></span> <span class='ocrx_word' id='word_1_320' title='bbox 781 3134 859 3200; x_wconf 82' lang='lat' dir='ltr'><strong>Quae</strong></span> <span class='ocrx_word' id='word_1_321' title='bbox 878 3146 924 3192; x_wconf 87' lang='lat' dir='ltr'><strong>est</strong></span> <span class='ocrx_word' id='word_1_322' title='bbox 940 3135 977 3192; x_wconf 88' lang='lat' dir='ltr'><strong>de</strong></span> <span class='ocrx_word' id='word_1_323' title='bbox 991 3137 1156 3208; x_wconf 80' lang='lat' dir='ltr'><strong>comoediae,</strong></span> 
     </span>
     <span class='ocr_line' id='line_1_37' title="bbox 42 3212 1157 3295; baseline 0 -18"><span class='ocrx_word' id='word_1_324' title='bbox 42 3212 250 3277; x_wconf 66' lang='lat' dir='ltr'><strong>laudandum</strong></span> <span class='ocrx_word' id='word_1_325' title='bbox 276 3217 306 3272; x_wconf 91' lang='lat' dir='ltr'><strong>in</strong></span> <span class='ocrx_word' id='word_1_326' title='bbox 333 3214 439 3273; x_wconf 89' lang='lat' dir='ltr'><strong>scholis</strong></span> <span class='ocrx_word' id='word_1_327' title='bbox 467 3213 621 3292; x_wconf 87' lang='lat' dir='ltr'><strong>loquimur,</strong></span> <span class='ocrx_word' id='word_1_328' title='bbox 646 3215 780 3273; x_wconf 88' lang='lat' dir='ltr'><strong>essentia.</strong></span> <span class='ocrx_word' id='word_1_329' title='bbox 829 3214 904 3273; x_wconf 89' lang='lat' dir='ltr'><strong>Cum</strong></span> <span class='ocrx_word' id='word_1_330' title='bbox 929 3215 1052 3275; x_wconf 88' lang='lat' dir='ltr'><strong>Plautus</strong></span> <span class='ocrx_word' id='word_1_331' title='bbox 1076 3238 1157 3295; x_wconf 84' lang='lat' dir='ltr'><strong>saepe</strong></span> 
     </span>
     <span class='ocr_line' id='line_1_38' title="bbox 43 3291 1158 3372; baseline 0.007 -23"><span class='ocrx_word' id='word_1_332' title='bbox 43 3291 133 3364; x_wconf 73' lang='lat' dir='ltr'><strong>tragico,</strong></span> <span class='ocrx_word' id='word_1_333' title='bbox 157 3316 362 3371; x_wconf 86' lang='lat' dir='ltr'><strong>nonnunquam</strong></span> <span class='ocrx_word' id='word_1_334' title='bbox 389 3316 504 3371; x_wconf 90' lang='lat' dir='ltr'><strong>quoque</strong></span> <span class='ocrx_word' id='word_1_335' title='bbox 532 3297 617 3360; x_wconf 86' lang='lat' dir='ltr'><strong>serio,</strong></span> <span class='ocrx_word' id='word_1_336' title='bbox 646 3308 756 3353; x_wconf 87' lang='lat' dir='ltr'><strong>utatur.</strong></span> <span class='ocrx_word' id='word_1_337' title='bbox 808 3294 993 3372; x_wconf 84' lang='lat' dir='ltr'><strong>Quamquam</strong></span> <span class='ocrx_word' id='word_1_338' title='bbox 1021 3298 1062 3355; x_wconf 89' lang='lat' dir='ltr'><strong>ibi</strong></span> <span class='ocrx_word' id='word_1_339' title='bbox 1088 3319 1158 3357; x_wconf 90' lang='lat' dir='ltr'><strong>sane</strong></span> 
     </span>
     <span class='ocr_line' id='line_1_39' title="bbox 43 3376 1156 3453; baseline 0.013 -30"><span class='ocrx_word' id='word_1_340' title='bbox 43 3384 120 3439; x_wconf 79' lang='lat' dir='ltr'><strong>sermo,</strong></span> <span class='ocrx_word' id='word_1_341' title='bbox 132 3389 161 3433; x_wconf 91' lang='lat' dir='ltr'><strong>ut</strong></span> <span class='ocrx_word' id='word_1_342' title='bbox 173 3378 270 3453; x_wconf 89' lang='lat' dir='ltr'><strong>priore</strong></span> <span class='ocrx_word' id='word_1_343' title='bbox 285 3376 351 3435; x_wconf 91' lang='lat' dir='ltr'><strong>loco</strong></span> <span class='ocrx_word' id='word_1_344' title='bbox 364 3398 381 3433; x_wconf 93' lang='lat' dir='ltr'><strong>a</strong></span> <span class='ocrx_word' id='word_1_345' title='bbox 396 3376 529 3435; x_wconf 87' lang='lat' dir='ltr'><strong>Varrone</strong></span> <span class='ocrx_word' id='word_1_346' title='bbox 543 3376 695 3453; x_wconf 86' lang='lat' dir='ltr'><strong>accipitur.</strong></span> <span class='ocrx_word' id='word_1_347' title='bbox 730 3376 833 3436; x_wconf 87' lang='lat' dir='ltr'><strong>Sermo</strong></span> <span class='ocrx_word' id='word_1_348' title='bbox 846 3378 922 3435; x_wconf 89' lang='lat' dir='ltr'><strong>enim</strong></span> <span class='ocrx_word' id='word_1_349' title='bbox 937 3392 967 3435; x_wconf 90' lang='lat' dir='ltr'><strong>et</strong></span> <span class='ocrx_word' id='word_1_350' title='bbox 980 3383 1010 3436; x_wconf 76' lang='lat' dir='ltr'><strong>rh</strong></span> <span class='ocrx_word' id='word_1_351' title='bbox 1024 3380 1086 3450; x_wconf 64' lang='grc' dir='ltr'><strong>ἦθος</strong></span> <span class='ocrx_word' id='word_1_352' title='bbox 1098 3379 1156 3438; x_wconf 85' lang='lat' dir='ltr'><strong>dif-</strong></span> 
     </span>
     <span class='ocr_line' id='line_1_40' title="bbox 43 3446 1158 3536; baseline 0.009 -28"><span class='ocrx_word' id='word_1_353' title='bbox 43 3446 121 3520; x_wconf 75' lang='lat' dir='ltr'><strong>frnmt,</strong></span> <span class='ocrx_word' id='word_1_354' title='bbox 133 3470 163 3513; x_wconf 88' lang='lat' dir='ltr'><strong>ut</strong></span> <span class='ocrx_word' id='word_1_355' title='bbox 176 3458 264 3516; x_wconf 92' lang='lat' dir='ltr'><strong>homo</strong></span> <span class='ocrx_word' id='word_1_356' title='bbox 278 3457 531 3535; x_wconf 88' lang='lat' dir='ltr'><strong>prudentissimus,</strong></span> <span class='ocrx_word' id='word_1_357' title='bbox 546 3470 577 3515; x_wconf 91' lang='lat' dir='ltr'><strong>et</strong></span> <span class='ocrx_word' id='word_1_358' title='bbox 591 3458 697 3515; x_wconf 83' lang='lat' dir='ltr'><strong>femina</strong></span> <span class='ocrx_word' id='word_1_359' title='bbox 711 3478 778 3533; x_wconf 86' lang='lat' dir='ltr'><strong>quae</strong></span> <span class='ocrx_word' id='word_1_360' title='bbox 797 3478 871 3535; x_wconf 89' lang='lat' dir='ltr'><strong>pure</strong></span> <span class='ocrx_word' id='word_1_361' title='bbox 893 3458 1039 3535; x_wconf 82' lang='lat' dir='ltr'><strong>loquitur3</strong></span> <span class='ocrx_word' id='word_1_362' title='bbox 1062 3460 1158 3536; x_wconf 87' lang='lat' dir='ltr'><strong>qualis</strong></span> 
     </span>
     <span class='ocr_line' id='line_1_41' title="bbox 44 3526 1159 3616; baseline 0.011 -29"><span class='ocrx_word' id='word_1_363' title='bbox 44 3526 123 3591; x_wconf 79' lang='lat' dir='ltr'><strong>dicitur</strong></span> <span class='ocrx_word' id='word_1_364' title='bbox 135 3534 331 3597; x_wconf 90' lang='lat' dir='ltr'><strong>Gracchorum</strong></span> <span class='ocrx_word' id='word_1_365' title='bbox 345 3554 447 3596; x_wconf 84' lang='lat' dir='ltr'><strong>mater.</strong></span> <span class='ocrx_word' id='word_1_366' title='bbox 491 3535 734 3614; x_wconf 89' lang='lat' dir='ltr'><strong>Unumquemque</strong></span> <span class='ocrx_word' id='word_1_367' title='bbox 748 3539 825 3596; x_wconf 84' lang='lat' dir='ltr'><strong>enirn</strong></span> <span class='ocrx_word' id='word_1_368' title='bbox 846 3553 924 3597; x_wconf 88' lang='lat' dir='ltr'><strong>recte</strong></span> <span class='ocrx_word' id='word_1_369' title='bbox 938 3540 1112 3616; x_wconf 85' lang='lat' dir='ltr'><strong>exprimere,</strong></span> <span class='ocrx_word' id='word_1_370' title='bbox 1128 3555 1159 3599; x_wconf 90' lang='lat' dir='ltr'><strong>et</strong></span> 
     </span>
     <span class='ocr_line' id='line_1_42' title="bbox 42 3605 1157 3697; baseline 0.004 -22"><span class='ocrx_word' id='word_1_371' title='bbox 42 3605 164 3675; x_wconf 79' lang='lat' dir='ltr'><strong>humanam</strong></span> <span class='ocrx_word' id='word_1_372' title='bbox 177 3620 286 3695; x_wconf 91' lang='lat' dir='ltr'><strong>optime</strong></span> <span class='ocrx_word' id='word_1_373' title='bbox 301 3618 444 3677; x_wconf 85' lang='lat' dir='ltr'><strong>delineare</strong></span> <span class='ocrx_word' id='word_1_374' title='bbox 459 3619 559 3685; x_wconf 84' lang='lat' dir='ltr'><strong>vitam,</strong></span> <span class='ocrx_word' id='word_1_375' title='bbox 574 3639 704 3677; x_wconf 89' lang='lat' dir='ltr'><strong>summus</strong></span> <span class='ocrx_word' id='word_1_376' title='bbox 724 3632 811 3694; x_wconf 90' lang='lat' dir='ltr'><strong>atque</strong></span> <span class='ocrx_word' id='word_1_377' title='bbox 830 3634 979 3677; x_wconf 82' lang='lat' dir='ltr'><strong>extremus</strong></span> <span class='ocrx_word' id='word_1_378' title='bbox 993 3621 1048 3678; x_wconf 86' lang='lat' dir='ltr'><strong>viri</strong></span> <span class='ocrx_word' id='word_1_379' title='bbox 1069 3633 1157 3697; x_wconf 89' lang='lat' dir='ltr'><strong>atque</strong></span> 
     </span>
     <span class='ocr_line' id='line_1_43' title="bbox 44 3696 1157 3777; baseline 0.009 -26"><span class='ocrx_word' id='word_1_380' title='bbox 44 3696 139 3753; x_wconf 69' lang='lat' dir='ltr'><strong>luctans</strong></span> <span class='ocrx_word' id='word_1_381' title='bbox 150 3700 268 3757; x_wconf 82' lang='lat' dir='ltr'><strong>maximi</strong></span> <span class='ocrx_word' id='word_1_382' title='bbox 283 3714 404 3757; x_wconf 88' lang='lat' dir='ltr'><strong>conatus</strong></span> <span class='ocrx_word' id='word_1_383' title='bbox 418 3713 473 3757; x_wconf 88' lang='lat' dir='ltr'><strong>est.</strong></span> <span class='ocrx_word' id='word_1_384' title='bbox 516 3699 607 3757; x_wconf 87' lang='lat' dir='ltr'><strong>Recte</strong></span> <span class='ocrx_word' id='word_1_385' title='bbox 621 3701 802 3777; x_wconf 86' lang='lat' dir='ltr'><strong>grammatici</strong></span> <span class='ocrx_word' id='word_1_386' title='bbox 817 3700 854 3758; x_wconf 88' lang='lat' dir='ltr'><strong>ad</strong></span> <span class='ocrx_word' id='word_1_387' title='bbox 868 3699 1061 3777; x_wconf 89' lang='lat' dir='ltr'><strong>Sophoclem:</strong></span> <span class='ocrx_word' id='word_1_388' title='bbox 1077 3705 1157 3761; x_wconf 80' lang='grc' dir='ltr'>Ἐστι</span> 
     </span>
     <span class='ocr_line' id='line_1_44' title="bbox 45 3771 1158 3855; baseline 0.006 -22"><span class='ocrx_word' id='word_1_389' title='bbox 45 3771 132 3833; x_wconf 66' lang='lat' dir='ltr'><strong>iirtiro</strong></span> <span class='ocrx_word' id='word_1_390' title='bbox 145 3784 267 3855; x_wconf 75' lang='grc' dir='ltr'><strong>μέγιστον</strong></span> <span class='ocrx_word' id='word_1_391' title='bbox 279 3785 306 3838; x_wconf 77' lang='grc' dir='ltr'><strong>ἐν</strong></span> <span class='ocrx_word' id='word_1_392' title='bbox 318 3788 443 3853; x_wconf 73' lang='grc' dir='ltr'>ποιητικῇ,</span> <span class='ocrx_word' id='word_1_393' title='bbox 458 3786 552 3852; x_wconf 77' lang='grc' dir='ltr'>δηλοῦν</span> <span class='ocrx_word' id='word_1_394' title='bbox 565 3782 635 3852; x_wconf 64' lang='lat' dir='ltr'><strong>idos.</strong></span> <span class='ocrx_word' id='word_1_395' title='bbox 678 3780 734 3838; x_wconf 80' lang='lat' dir='ltr'><strong>Est</strong></span> <span class='ocrx_word' id='word_1_396' title='bbox 754 3790 846 3838; x_wconf 78' lang='lat' dir='ltr'><strong>atatem</strong></span> <span class='ocrx_word' id='word_1_397' title='bbox 866 3781 939 3839; x_wconf 80' lang='lat' dir='ltr'><strong>illud</strong></span> <span class='ocrx_word' id='word_1_398' title='bbox 957 3782 1106 3839; x_wconf 70' lang='lat' dir='ltr'><strong>maximum</strong></span> <span class='ocrx_word' id='word_1_399' title='bbox 1127 3784 1158 3841; x_wconf 80' lang='lat' dir='ltr'><strong>ia</strong></span> 
     </span>
     <span class='ocr_line' id='line_1_45' title="bbox 43 3854 1156 3941; baseline 0.001 -20"><span class='ocrx_word' id='word_1_400' title='bbox 43 3854 128 3925; x_wconf 61' lang='lat' dir='ltr'><strong>Mite,</strong></span> <span class='ocrx_word' id='word_1_401' title='bbox 139 3862 290 3937; x_wconf 77' lang='lat' dir='ltr'><strong>exprimere</strong></span> <span class='ocrx_word' id='word_1_402' title='bbox 302 3860 388 3919; x_wconf 83' lang='lat' dir='ltr'><strong>ethos.</strong></span> <span class='ocrx_word' id='word_1_403' title='bbox 431 3860 567 3919; x_wconf 89' lang='lat' dir='ltr'><strong>Debebat</strong></span> <span class='ocrx_word' id='word_1_404' title='bbox 582 3861 738 3930; x_wconf 85' lang='lat' dir='ltr'><strong>addidisse,</strong></span> <span class='ocrx_word' id='word_1_405' title='bbox 761 3863 790 3919; x_wconf 85' lang='lat' dir='ltr'><strong>in</strong></span> <span class='ocrx_word' id='word_1_406' title='bbox 811 3861 968 3919; x_wconf 84' lang='lat' dir='ltr'><strong>dramatico</strong></span> <span class='ocrx_word' id='word_1_407' title='bbox 983 3863 1156 3941; x_wconf 82' lang='lat' dir='ltr'><strong>praesertim.</strong></span> 
     </span>
     <span class='ocr_line' id='line_1_46' title="bbox 46 3926 1157 4019; baseline 0.008 -26"><span class='ocrx_word' id='word_1_408' title='bbox 46 3926 72 3986; x_wconf 88' lang='lat' dir='ltr'><strong>Et</strong></span> <span class='ocrx_word' id='word_1_409' title='bbox 83 3932 204 3999; x_wconf 87' lang='lat' dir='ltr'><strong>Horatius</strong></span> <span class='ocrx_word' id='word_1_410' title='bbox 219 3956 278 3999; x_wconf 90' lang='lat' dir='ltr'><strong>tam</strong></span> <span class='ocrx_word' id='word_1_411' title='bbox 293 3941 401 4009; x_wconf 89' lang='lat' dir='ltr'><strong>multis,</strong></span> <span class='ocrx_word' id='word_1_412' title='bbox 417 3941 507 3999; x_wconf 85' lang='lat' dir='ltr'><strong>vitam</strong></span> <span class='ocrx_word' id='word_1_413' title='bbox 525 3942 678 4019; x_wconf 84' lang='lat' dir='ltr'><strong>tragoediae</strong></span> <span class='ocrx_word' id='word_1_414' title='bbox 692 3947 722 4001; x_wconf 83' lang='grc' dir='ltr'><strong>τὸ</strong></span> <span class='ocrx_word' id='word_1_415' title='bbox 735 3945 797 4014; x_wconf 73' lang='grc' dir='ltr'><strong>ἦθος</strong></span> <span class='ocrx_word' id='word_1_416' title='bbox 809 3962 873 4000; x_wconf 86' lang='lat' dir='ltr'><strong>esse</strong></span> <span class='ocrx_word' id='word_1_417' title='bbox 888 3942 998 4001; x_wconf 90' lang='lat' dir='ltr'><strong>docuit.</strong></span> <span class='ocrx_word' id='word_1_418' title='bbox 1040 3942 1157 4002; x_wconf 87' lang='lat' dir='ltr'><strong>Aristo·</strong></span> 
     </span>
     <span class='ocr_line' id='line_1_47' title="bbox 46 4010 1158 4100; baseline 0.016 -37"><span class='ocrx_word' id='word_1_419' title='bbox 46 4010 175 4089; x_wconf 81' lang='lat' dir='ltr'><strong>tricarem,</strong></span> <span class='ocrx_word' id='word_1_420' title='bbox 188 4023 276 4080; x_wconf 89' lang='lat' dir='ltr'><strong>etiam</strong></span> <span class='ocrx_word' id='word_1_421' title='bbox 295 4022 324 4079; x_wconf 91' lang='lat' dir='ltr'><strong>in</strong></span> <span class='ocrx_word' id='word_1_422' title='bbox 344 4022 494 4100; x_wconf 85' lang='lat' dir='ltr'><strong>tragoedia,</strong></span> <span class='ocrx_word' id='word_1_423' title='bbox 510 4036 578 4100; x_wconf 87' lang='lat' dir='ltr'><strong>post</strong></span> <span class='ocrx_word' id='word_1_424' title='bbox 598 4024 743 4081; x_wconf 89' lang='lat' dir='ltr'><strong>actionem</strong></span> <span class='ocrx_word' id='word_1_425' title='bbox 758 4023 857 4099; x_wconf 87' lang='lat' dir='ltr'><strong>(quam</strong></span> <span class='ocrx_word' id='word_1_426' title='bbox 879 4021 1007 4081; x_wconf 87' lang='lat' dir='ltr'><strong>fabulam</strong></span> <span class='ocrx_word' id='word_1_427' title='bbox 1028 4022 1158 4100; x_wconf 90' lang='lat' dir='ltr'><strong>plerum·</strong></span> 
     </span>
     <span class='ocr_line' id='line_1_48' title="bbox 45 4101 1161 4183; baseline 0.004 -26"><span class='ocrx_word' id='word_1_428' title='bbox 45 4106 85 4183; x_wconf 63' lang='lat' dir='ltr'><strong>lte</strong></span> <span class='ocrx_word' id='word_1_429' title='bbox 95 4101 179 4173; x_wconf 78' lang='lat' dir='ltr'><strong>vocat)</strong></span> <span class='ocrx_word' id='word_1_430' title='bbox 191 4124 258 4179; x_wconf 77' lang='lat' dir='ltr'><strong>quse</strong></span> <span class='ocrx_word' id='word_1_431' title='bbox 272 4104 405 4162; x_wconf 87' lang='lat' dir='ltr'><strong>essentiae</strong></span> <span class='ocrx_word' id='word_1_432' title='bbox 423 4122 491 4181; x_wconf 89' lang='lat' dir='ltr'><strong>pars</strong></span> <span class='ocrx_word' id='word_1_433' title='bbox 503 4104 606 4182; x_wconf 88' lang='lat' dir='ltr'><strong>prima,</strong></span> <span class='ocrx_word' id='word_1_434' title='bbox 620 4116 733 4180; x_wconf 88' lang='lat' dir='ltr'><strong>partem</strong></span> <span class='ocrx_word' id='word_1_435' title='bbox 751 4104 885 4161; x_wconf 83' lang='lat' dir='ltr'><strong>essentiae</strong></span> <span class='ocrx_word' id='word_1_436' title='bbox 907 4101 1065 4161; x_wconf 86' lang='lat' dir='ltr'><strong>secundam</strong></span> <span class='ocrx_word' id='word_1_437' title='bbox 1089 4123 1161 4162; x_wconf 87' lang='lat' dir='ltr'><strong>con-</strong></span> 
     </span>
     <span class='ocr_line' id='line_1_49' title="bbox 46 4178 1160 4255; baseline -0.001 -12"><span class='ocrx_word' id='word_1_438' title='bbox 46 4178 153 4237; x_wconf 62' lang='lat' dir='ltr'><strong>sttuitfa</strong></span> <span class='ocrx_word' id='word_1_439' title='bbox 164 4185 230 4255; x_wconf 74' lang='grc' dir='ltr'><strong><em>ἦθος.</em></strong></span> <span class='ocrx_word' id='word_1_440' title='bbox 275 4182 385 4241; x_wconf 85' lang='lat' dir='ltr'><strong>Mirum</strong></span> <span class='ocrx_word' id='word_1_441' title='bbox 406 4198 451 4241; x_wconf 85' lang='lat' dir='ltr'><strong>est</strong></span> <span class='ocrx_word' id='word_1_442' title='bbox 470 4198 578 4251; x_wconf 89' lang='lat' dir='ltr'><strong>autem,</strong></span> <span class='ocrx_word' id='word_1_443' title='bbox 600 4183 696 4241; x_wconf 89' lang='lat' dir='ltr'><strong>locum</strong></span> <span class='ocrx_word' id='word_1_444' title='bbox 714 4182 855 4241; x_wconf 85' lang='lat' dir='ltr'><strong>Varronis</strong></span> <span class='ocrx_word' id='word_1_445' title='bbox 868 4204 887 4240; x_wconf 90' lang='lat' dir='ltr'><strong>a</strong></span> <span class='ocrx_word' id='word_1_446' title='bbox 900 4182 1013 4240; x_wconf 84' lang='lat' dir='ltr'><strong>nemine</strong></span> <span class='ocrx_word' id='word_1_447' title='bbox 1027 4183 1160 4243; x_wconf 85' lang='lat' dir='ltr'><strong>intellec-</strong></span> 
     </span>
     <span class='ocr_line' id='line_1_50' title="bbox 47 4260 1161 4343; baseline -0.01 -15"><span class='ocrx_word' id='word_1_448' title='bbox 47 4260 98 4311; x_wconf 57' lang='lat' dir='ltr'>tum·</span> <span class='ocrx_word' id='word_1_449' title='bbox 132 4261 271 4327; x_wconf 80' lang='lat' dir='ltr'><strong>Quicum</strong></span> <span class='ocrx_word' id='word_1_450' title='bbox 294 4264 419 4341; x_wconf 86' lang='lat' dir='ltr'><strong>palmam</strong></span> <span class='ocrx_word' id='word_1_451' title='bbox 440 4265 468 4322; x_wconf 88' lang='lat' dir='ltr'><strong>in</strong></span> <span class='ocrx_word' id='word_1_452' title='bbox 489 4265 668 4343; x_wconf 89' lang='lat' dir='ltr'><strong>argumentis</strong></span> <span class='ocrx_word' id='word_1_453' title='bbox 689 4261 811 4321; x_wconf 84' lang='lat' dir='ltr'><strong>Caecilio</strong></span> <span class='ocrx_word' id='word_1_454' title='bbox 832 4260 975 4328; x_wconf 88' lang='lat' dir='ltr'><strong>concedit,</strong></span> <span class='ocrx_word' id='word_1_455' title='bbox 996 4263 1161 4338; x_wconf 84' lang='lat' dir='ltr'><strong>principem</strong></span> 
     </span>
     <span class='ocr_line' id='line_1_51' title="bbox 47 4339 1161 4417; baseline -0.004 -16"><span class='ocrx_word' id='word_1_456' title='bbox 47 4339 166 4400; x_wconf 69' lang='lat' dir='ltr'><strong>wmoediae</strong></span> <span class='ocrx_word' id='word_1_457' title='bbox 184 4344 260 4403; x_wconf 88' lang='lat' dir='ltr'><strong>haud</strong></span> <span class='ocrx_word' id='word_1_458' title='bbox 281 4344 371 4403; x_wconf 89' lang='lat' dir='ltr'><strong>dubio</strong></span> <span class='ocrx_word' id='word_1_459' title='bbox 391 4344 542 4404; x_wconf 85' lang='lat' dir='ltr'><strong>Caecilium</strong></span> <span class='ocrx_word' id='word_1_460' title='bbox 563 4344 724 4404; x_wconf 87' lang='lat' dir='ltr'><strong>constituit.</strong></span> <span class='ocrx_word' id='word_1_461' title='bbox 759 4342 879 4408; x_wconf 76' lang='lat' dir='ltr'><strong>Quare?</strong></span> <span class='ocrx_word' id='word_1_462' title='bbox 911 4340 984 4398; x_wconf 87' lang='lat' dir='ltr'><strong>Pars</strong></span> <span class='ocrx_word' id='word_1_463' title='bbox 1004 4340 1161 4417; x_wconf 72' lang='lat' dir='ltr'><strong>tragoediae</strong></span> 
     </span>
     <span class='ocr_line' id='line_1_52' title="bbox 48 4419 1164 4563; baseline -0.011 -78"><span class='ocrx_word' id='word_1_464' title='bbox 48 4419 163 4497; x_wconf 66' lang='lat' dir='ltr'><strong>praepa.</strong></span> <span class='ocrx_word' id='word_1_465' title='bbox 175 4439 217 4484; x_wconf 88' lang='lat' dir='ltr'><strong>est</strong></span> <span class='ocrx_word' id='word_1_466' title='bbox 228 4440 441 4505; x_wconf 79' lang='lat' dir='ltr'><strong>argttmentum.</strong></span> <span class='ocrx_word' id='word_1_467' title='bbox 475 4426 652 4563; x_wconf 62' lang='lat' dir='ltr'><strong>Aristotples</strong></span> <span class='ocrx_word' id='word_1_468' title='bbox 671 4422 761 4483; x_wconf 91' lang='lat' dir='ltr'><strong>modo</strong></span> <span class='ocrx_word' id='word_1_469' title='bbox 773 4426 863 4494; x_wconf 75' lang='grc' dir='ltr'>μῦθον,</span> <span class='ocrx_word' id='word_1_470' title='bbox 876 4420 965 4479; x_wconf 91' lang='lat' dir='ltr'><strong>modo</strong></span> <span class='ocrx_word' id='word_1_471' title='bbox 976 4428 1028 4478; x_wconf 75' lang='grc' dir='ltr'><strong>τῶν</strong></span> <span class='ocrx_word' id='word_1_472' title='bbox 1038 4426 1164 4493; x_wconf 62' lang='lat' dir='ltr'><strong>operat.</strong></span> 
     </span>
    </p>
   </div>
   <div class='ocr_carea' id='block_1_6' title="bbox 0 0 1430 4759">
    <p class='ocr_par' dir='ltr' id='par_1_6' title="bbox 0 0 1430 4759">
     <span class='ocr_line' id='line_1_53' title="bbox 0 0 1430 4759; baseline 0 0"><span class='ocrx_word' id='word_1_473' title='bbox 0 0 1430 4759; x_wconf 95' lang='lat' dir='ltr'><strong> </strong></span> 
     </span>
    </p>
   </div>
  </div>
 </body>
</html>
