2834 4759
50 189 151 235 scens
168 168 224 252 r.]'
480 168 761 236 Pnoltnsso:
1128 170 1194 236 stt

130 303 197 368 Dr.
215 302 290 368 Scio
304 306 349 369 its
363 326 455 369 esse:
478 314 513 369 et
527 305 616 369 istaec
631 303 709 369 mibi
722 326 775 369 res
791 302 1057 382 sollicitudini’st;

129 402 248 487 Neque
263 403 347 467 adeo
361 402 533 467 defetiscar
546 424 687 487 unquam
700 404 890 488 experirier,

127 499 243 603 Donec
258 502 318 566 tibi
331 502 376 579 id,
392 501 480 586 quod
495 500 655 587 pollicitus
672 524 755 578 sum,
771 501 922 567 effecero.

233 776 423 889 sorus
458 813 683 899 onnam
718 814 907 888 scens
941 816 990 887 11.

561 1004 666 1053 GETA.

124 1128 203 1195 Euo
216 1129 376 1194 hominem
390 1128 585 1195 callidiorem
600 1129 666 1193 vidi
680 1130 849 1206 neminem,

54 1282 60 1298 .
123 1227 233 1301 Quam
247 1226 493 1293 Phormionem:
517 1228 609 1291 venio
625 1228 667 1291 ad
682 1226 853 1305 hominem,
869 1238 906 1291 ut
920 1227 1072 1305 dicerem,

122 1323 306 1411 Argentum
321 1350 403 1413 opus
419 1348 501 1404 esse,
518 1336 551 1389 et
565 1324 599 1388 id
613 1348 677 1409 quo
693 1336 790 1410 pacto
804 1326 909 1390 fieret.

122 1424 153 1488 V
156 1428 188 1489 ix
205 1428 282 1492 dum
297 1428 463 1492 dimidium
479 1426 634 1503 dixeram,
650 1424 870 1490 intellexerat:

95 1524 317 1591 sGaudebat:
341 1550 391 1591 me
406 1526 578 1590 laudabat:
602 1524 770 1608 quaerebat
786 1545 911 1587 senem:

121 1622 184 1688 Dis
199 1626 320 1708 gratias
337 1627 465 1711 egebat,
483 1637 609 1708 tempus
626 1622 686 1686 sibi
703 1623 785 1700 dari,

122 1721 189 1787 Ubi
207 1722 369 1787 Phaedriae
385 1746 420 1787 se
436 1722 622 1787 ostenderet
636 1720 736 1784 nihilo
748 1721 852 1784 minus

119 1821 271 1887 Amicum
285 1845 368 1895 esse,
382 1846 478 1908 quam
493 1818 694 1904 Antiphoni:
718 1818 880 1883 hominem
895 1819 937 1884 ad
952 1819 1057 1884 forum

118 1918 210 1984 Jussi
225 1922 386 2005 opperiri:
410 1943 449 1986 eo
464 1942 515 1987 me
529 1942 602 1985 esse
617 1918 834 1983 adducturum
849 1940 968 1983 senem.

80 2032 108 2078 10
120 2018 186 2085 Sed
200 2042 312 2083 eccum
326 2021 449 2104 ipsum:
473 2020 546 2104 quis
561 2030 611 2085 est
625 2018 781 2083 ulterior?
803 2030 871 2083 etat
887 2016 1049 2083 Phaedriae

42 2110 48 2123 ⁹
119 2118 219 2184 Peter
235 2120 339 2184 venit:
364 2120 423 2183 sed
438 2119 516 2204 quid
532 2118 682 2203 pertimui
696 2128 806 2181 autem
821 2116 951 2181 bellus?

41 2250 43 2257 ·
117 2220 172 2283 An
188 2218 276 2302 quie,
290 2240 371 2303 quos
386 2217 505 2296 fallam,
521 2240 581 2302 pro
596 2240 662 2281 uno
677 2217 744 2281 duo
758 2226 835 2280 sunt
847 2216 926 2280 mihi
941 2216 1034 2281 datie

118 2317 327 2382 Commodius
343 2338 415 2381 esse
431 2317 545 2401 opinor
557 2312 678 2399 duplici
693 2336 751 2399 spe
766 2315 860 2388 utier.

117 2413 232 2480 Petam
249 2414 335 2491 hinc,
351 2415 438 2479 unde
453 2438 471 2478 a
487 2415 589 2499 primo
604 2414 746 2478 institui:
770 2414 797 2476 is
812 2414 840 2477 si
855 2414 923 2489 dat,
940 2423 1073 2477 estest:

78 2526 105 2571 15
117 2512 152 2577 Si
167 2514 210 2578 ab
226 2511 289 2578 boc
304 2512 383 2577 nihil
397 2512 466 2590 fiet,
483 2524 550 2577 tum
564 2512 651 2578 hunc
667 2512 795 2577 adoriar
808 2512 980 2598 hospitem.

38 2694 95 2757 lini).
119 2697 289 2746 D.-Meorusn
307 2699 367 2746 solus
386 2696 447 2760 mm]
472 2694 589 2745 Priscian.
624 2696 768 2760 Antiphoni.
803 2696 868 2745 Nam
888 2696 965 2761 ipsius
983 2712 1057 2762 opers
1073 2698 1183 2763 Antipho

38 2758 73 2807 lib.
86 2762 126 2810 xii.
148 2764 176 2811 1..
623 2777 723 2809 uxorem
731 2762 841 2819 duxerat,
849 2777 933 2811 rursus
940 2762 1018 2826 ipsius
1026 2778 1101 2827 opere
1109 2764 1181 2813 Pbse-

66 2827 101 2873 2³.
120 2830 199 2891 Neque
217 2824 352 2889 defetiscar]
371 2826 458 2888 Neque
474 2825 588 2874 lassabor.
622 2826 675 2874 dria
685 2826 816 2875 redimeret
825 2827 984 2875 meretricem.
1006 2828 1035 2875 F..

36 2892 95 2937 Adeo
115 2890 254 2954 experts-ier]
279 2892 380 2955 Semper
403 2902 504 2938 tentare.
527 2890 590 2938 11.-
655 2892 676 2939 2,
693 2894 763 2939 Venio
778 2894 810 2939 od
825 2891 947 2955 hominess]
966 2892 1075 2941 Venusto
1090 2893 1182 2957 repeti·

37 2953 171 3021 Desetucar]
192 2958 260 3005 Vett.
279 2956 335 3004 libb.
354 2953 484 3016 defeciscat.
511 2955 586 3003 Prisc.
620 2968 671 3004 tum
684 2958 798 3005 hominess
825 2958 857 3004 D.

36 3016 105 3067 lihx.
123 3019 273 3083 Experirier]
295 3021 324 3068 V.
338 3020 365 3068 C.
384 3024 493 3081 experior.
526 3020 588 3067 1,.-
653 3022 674 3068 11.
688 3020 790 3083 Vulgari
804 3019 902 3069 lectioni
913 3020 1016 3084 'urgento
1027 3022 1182 3087 preferenda

37 3081 85 3131 Pru
101 3086 191 3149 vulgari
209 3085 321 3143 lectione,
339 3101 392 3148 que
410 3095 447 3132 est
467 3084 586 3142 Bembini,
620 3084 717 3133 videtur
735 3086 847 3133 Bembini
859 3094 994 3149 argentum
1011 3086 1069 3149 quis
1085 3097 1181 3136 veteres

35 3148 62 3193 sd
73 3150 195 3199 evitandas
204 3150 318 3199 elisiones
329 3150 410 3207 duras,
422 3150 537 3197 Terentio
549 3149 587 3197 in·
620 3150 654 3197 sic
667 3150 833 3213 loquebantur.
857 3151 886 3198 B.

35 3212 121 3275 dignes,
137 3216 218 3280 placet
236 3214 353 3263 Prisciani
371 3230 393 3278 p.
407 3217 461 3263 889.
477 3226 501 3262 et
515 3214 584 3265 1147.
651 3215 672 3266 7.
687 3215 804 3263 Rescribe
821 3230 906 3263 versus
921 3214 1000 3277 grstia
1012 3217 1139 3275 Pbaedrs'oi,
1152 3225 1181 3266 ut

36 3278 108 3340 Neque
119 3280 242 3343 deficiscor
253 3296 323 3343 arque
333 3282 390 3327 adeo
400 3282 531 3342 experirisr.
545 3278 585 3327 Sic
618 3294 692 3343 ruprs
710 3282 804 3337 Gdsiai,
825 3282 952 3342 Hospita's':
976 3289 1049 3343 etque
1069 3281 1126 3330 tolle
1147 3299 1180 3340 ss,

35 3348 163 3403 usqueadeo
174 3349 297 3403 donecett,
309 3344 373 3392 And.
385 3344 418 3392 iv.
433 3347 453 3392 1.
467 3346 503 3391 ³8.
523 3344 551 3392 B.
618 3345 747 3407 quodcum
759 3344 811 3393 cod.
824 3344 886 3408 Reg.
899 3345 1094 3396 transferendum
1105 3347 1179 3396 estin

64 3410 379 3472 stomachisque
398 3412 514 3471 pollicitus
528 3426 584 3465 sum,
618 3424 679 3457 vers.
692 3424 741 3471 seq.
754 3412 924 3473 postumicsm.
948 3411 976 3458 B.

35 3472 131 3537 effecero]
156 3476 226 3537 Virg.
251 3474 308 3522 AEn.
331 3474 357 3522 ii.
381 3474 436 3525 719.
460 3476 529 3522 donec
551 3490 585 3523 me
652 3476 688 3523 1⁰.
707 3475 809 3538 Corripe
825 3478 864 3537 qus·
880 3482 915 3523 est
930 3478 1046 3524 ιι11σ1ον1
1069 3476 1108 3525 vel
1128 3475 1178 3525 for-

31 3536 116 3593 suntne
126 3544 174 3588 sico
186 3542 294 3588 Attico.
316 3538 347 3587 D.
618 3548 687 3598 tasse,
700 3544 741 3603 qni
752 3543 795 3588 ists
805 3544 920 3589 uberior?
937 3540 965 3587 B.

36 3602 291 3673 2¹·1580l'0mf'10m]
313 3604 375 3652 Hoec
395 3618 467 3651 scens
487 3602 584 3667 exposi-
652 3606 688 3652 11.
703 3604 743 3652 Ex
755 3604 976 3659 Potereliditurrr
992 3607 1057 3667 quod
1068 3605 1177 3658 solemne

35 3672 201 3728 tronemtenet,
214 3669 335 3731 quiricum
349 3668 495 3717 Phormione
505 3678 585 3716 sctum
618 3678 655 3717 est
667 3669 692 3717 in
703 3668 784 3733 primo
796 3685 879 3718 versus
890 3669 959 3733 pede.
984 3668 1013 3717 B.

34 3728 72 3777 sit:
87 3746 172 3797 nempe
180 3734 215 3783 uti
223 3745 349 3797 argentum
357 3744 512 3796 quereretur,
521 3734 586 3795 quod
653 3735 689 3782 15.
702 3736 773 3782 Hunc
782 3737 876 3783 adorior
886 3733 1008 3796 hospitem]
1020 3736 1109 3783 Astuts
1124 3739 1177 3785 bos·

33 3790 108 3843 lenoni
120 3798 176 3846 ferri
188 3810 271 3863 posset
278 3813 323 3862 pro
334 3798 457 3853 Pboedriss
475 3812 501 3845 ut
515 3798 584 3845 Pbse-
614 3801 693 3859 prtem,
706 3799 737 3846 de
748 3814 778 3846 eo
794 3798 836 3861 qui
852 3798 1006 3862 supervenit:
1025 3814 1113 3848 nomen
1130 3815 1175 3864 sp-

33 3856 88 3907 driae
108 3876 133 3910 se
155 3864 268 3911 ostendat
287 3862 363 3911 nihilo
379 3864 460 3911 minus
480 3862 584 3911 amicum
618 3873 669 3911 turn
688 3863 838 3926 imprudenti
854 3878 943 3921 rerum,
960 3873 1033 3925 etque
1049 3864 1129 3912 siieno
1145 3866 1176 3913 sb

34 3934 169 3994 {tauquam
182 3928 325 3991 Antiphoni.
360 3928 449 3977 Aiebat
467 3928 512 3975 Dis
528 3942 583 3991 grs-
616 3942 698 3975 esrum
719 3928 827 3975 scientio.
868 3927 1003 3986 Sallustius,
1016 3928 1086 3976 Catil.
1100 3931 1122 3976 2.
1140 3932 1176 3977 oi·

33 3995 94 4047 trsm,
115 3990 197 4041 dstum
220 3992 267 4041 sibi
287 4008 341 4040 esse
361 4004 464 4056 tempus,
486 3992 511 4039 in
533 4008 581 4057 quo
614 4000 660 4041 tum
670 3996 741 4040 rs'csts’
748 3996 921 4055 peregrinantes
929 4001 1066 4056 transegere,
1078 4002 1120 4041 stc.
1142 3994 1174 4041 D.

33 4054 153 4105 ostendere
164 4073 190 4105 se
203 4068 293 4123 posset,
305 4056 378 4106 simili
390 4057 461 4107 modo
477 4072 503 4106 se
520 4057 580 4106 smi-
613 4057 695 4106 -Pro
706 4060 747 4105 boc
760 4058 843 4106 Rernb
855 4068 922 4105 recte
932 4074 974 4112 eo,-
991 4067 1063 4121 atquc
1073 4072 1119 4122 pro
1126 4060 1175 4119 flat

33 4129 83 4167 eum
95 4120 209 4172 Passus
221 4138 281 4183 esse,
290 4122 491 4186 quemadmodum
503 4121 582 4171 fuerat
614 4136 698 4171 omnes
711 4121 798 4171 Fseroi
811 4121 979 4184 ctuostrifiet.
1004 4122 1032 4171 B.
