2834 4759
240 28 305 94 308
677 23 955 91 TERENTII
1009 32 1013 39 '
1074 32 1078 37 '
1202 25 1366 110 [sennem.

285 162 417 232 Etenim
430 184 495 249 quo
509 169 606 248 pecto
619 160 654 226 id
668 159 741 226 fleri
755 158 868 237 soleat,
883 157 1011 226 culleo.'
1079 170 1084 177 '

285 263 348 328 Cn.
365 262 473 327 Tanto
488 259 597 327 hercle
610 258 733 325 melior.
771 258 830 323 Sr.
846 257 924 322 Non
938 268 990 323 est
1003 258 1130 325 mentiri
1144 281 1259 325 meum.

285 358 423 426 OmFsc
432 366 520 445 ergo.
543 355 989 436 Sr.Atheustu,fscitodum
998 357 1369 435 eedemhoecmemineris,

241 471 274 519 tu
286 459 322 524 Si
335 460 414 545 quid
427 458 525 543 hujus
541 456 640 522 simile
655 455 739 521 forte
752 454 924 539 aliquando
937 457 1092 536 evenerit,

284 557 332 623 Ut
347 567 422 622 sunt
436 557 585 633 humens,
601 566 677 619 tuus
690 563 728 619 ut
740 553 837 620 facist
849 553 946 620 filius.

285 656 349 721 Cn.
365 656 443 721 Non
456 678 535 721 usus
549 655 666 732 veniet,
682 674 789 740 spero.
825 652 885 718 Su.
902 652 1006 739 Spero
1020 653 1128 721 hercle
1142 676 1206 740 ego
1219 676 1357 741 quoque:

284 754 404 840 Neque
419 776 458 819 eo
473 775 558 818 nunc
572 753 657 830 dico,
672 752 761 838 quod
775 753 945 837 quicquam
958 750 1045 819 ilium
1060 755 1233 819 senserim:

286 853 353 918 Sed
368 854 396 917 si
410 853 500 939 quid,
513 874 555 917 ne
569 852 665 937 quid:
688 872 763 936 quae
777 851 819 916 sit
832 851 904 935 ejus
914 861 1005 929 setas,
1020 851 1122 917 vides.

244 965 275 1013 46
286 950 332 1016 Et
345 974 396 1017 nae
412 973 473 1037 ego
487 960 531 1029 te,
547 951 574 1015 si
588 972 666 1015 usus
681 950 798 1027 veniet,
811 948 990 1033 magnifiee,
1005 947 1157 1027 Chreme,

285 1050 442 1115 Tractare
456 1048 587 1135 possim.
624 1046 688 1113 Cn.
705 1046 760 1114 De
773 1048 866 1124 istoc,
880 1068 979 1130 quum
992 1068 1072 1112 usus
1085 1049 1221 1129 venerit,

285 1147 476 1214 Videbimus
490 1148 569 1233 quid
584 1169 666 1232 opus
682 1147 740 1211 sit:
763 1167 848 1210 nunc
861 1146 945 1210 istuc
959 1166 1031 1230 ege.

286 1246 344 1311 Sr.
360 1246 536 1331 Nunquam
549 1244 746 1311 commodius
763 1266 903 1328 unquam
916 1242 1030 1308 herum
1042 1244 1150 1309 audivi
1163 1244 1265 1332 loqui,

284 1344 359 1411 Nec
374 1368 473 1430 quum
486 1342 718 1421 malefacerem,
733 1344 898 1409 crederem
911 1340 989 1408 mihi
1002 1342 1164 1428 impunius

182 1508 184 1516 ,
243 1455 275 1503 50
286 1442 419 1510 Licere:
442 1443 589 1529 quisnam
603 1465 622 1508 a
636 1443 730 1508 nohis
744 1441 910 1528 egreditur
922 1440 1035 1507 forest

430 1744 620 1852 Aeros
656 1743 863 1818 runnu
901 1742 1090 1817 scunt
1121 1706 1192 1818 ιιι.

538 1917 716 1968 CHREMES.
751 1917 927 1967 CLITIPHO.
966 1917 1085 1967 SYRUS.

252 2058 256 2063 ’·
286 2044 380 2119 Quin
401 2044 496 2122 istuc,
512 2045 646 2129 quaesoi
668 2043 724 2128 qui
746 2044 818 2108 istie
838 2064 908 2107 mos
929 2053 991 2121 est,
1006 2042 1173 2129 Clitiphot
1193 2044 1284 2113 itane
1304 2043 1377 2121 fieri,
1415 2061 1416 2076 ³

348 2148 483 2231 quaesoi

242 2282 293 2345 tes]
311 2280 427 2332 Peritism
441 2296 509 2331 susm
524 2280 588 2331 circs
598 2280 736 2344 hujusmodi
746 2295 797 2329 rem
828 2282 904 2329 mse
919 2278 1042 2344 significet
1056 2284 1150 2339 wetere,
1162 2289 1191 2331 ut
1207 2298 1275 2349 serpe
1285 2283 1339 2333 lieet
1348 2280 1380 2330 ri·

242 2347 374 2398 declaravit
384 2362 481 2395 servus:
499 2346 542 2395 sed
552 2346 622 2405 dixit,
633 2345 795 2395 metueredo·
829 2343 887 2393 dere
907 2344 935 2393 in
951 2344 1069 2409 Epistolis
1091 2346 1226 2397 Ciceronis
1254 2344 1379 2412 Magnete]

241 2412 303 2461 mini
311 2412 467 2471 voluntatem,
477 2410 703 2475 etpossesessdie,
715 2409 798 2475 siipse
830 2410 898 2458 Bene
914 2413 1032 2472 negatus
1053 2410 1123 2469 dixit,
1145 2426 1242 2462 mernor
1261 2414 1380 2463 verborum

241 2477 346 2527 voluerit
355 2477 481 2541 imperare.
504 2476 533 2525 E.
830 2474 973 2532 Chremetis,
990 2474 1032 2537 qui
1046 2490 1121 2540 snprs
1136 2476 1209 2534 risit,
1225 2481 1292 2528 hem
1301 2478 1381 2541 sedis

274 2541 313 2593 st.
327 2540 416 2604 Culleo]
440 2542 470 2591 Id
490 2550 534 2599 est,
551 2540 638 2589 callide
655 2540 714 2589 scio.
736 2540 799 2589 (3.-
828 2542 899 2589 seroie
943 2543 949 2554 '
1051 2556 1099 2589 ms
1115 2544 1242 2591 ιιιιιᾰίιιι
1260 2558 1381 2607 κομι

244 2605 333 2671 oeteo]
350 2606 446 2657 Petinus
457 2606 648 2655 etdoctnssum.
670 2605 700 2654 E.
828 2621 850 2653 e
881 2608 887 2619 '
932 2608 938 2619 '
1020 2605 1048 2653 C.

275 2674 313 2723 ts.
330 2674 529 2721 Nenestmeots’n'
539 2669 622 2733 mesor]
647 2669 677 2720 In
693 2670 797 2735 promis·
861 2670 901 2717 46.
920 2668 1044 2733 Tractare]
1067 2668 1192 2735 Superius,
1216 2690 1262 2737 quo
1279 2671 1383 2736 peeteid

243 2736 311 2787 sione
322 2736 388 2795 dicit,
397 2750 446 2785 non
458 2736 484 2783 in
495 2735 606 2785 fallendo.
629 2735 656 2784 C.
824 2736 879 2795 sert
887 2736 1049 2792 retenentes
1062 2735 1161 2784 C.-Ds
1171 2739 1239 2795 istae,
1247 2755 1315 2801 pesse
1323 2732 1381 2797 uss]

276 2803 315 2851 89.
331 2804 436 2851 Atheus
453 2800 511 2863 tsi]
527 2801 582 2850 Jsm
601 2798 714 2865 providet
731 2798 799 2847 felle·
832 2797 997 2863 siquiden
1014 2798 1150 2863 eontigerit,
1168 2808 1231 2853 tuuc
1248 2801 1382 2858 videbimus,

241 2867 293 2925 cire,
305 2882 377 2929 quern
388 2874 469 2915 mente
479 2875 635 2941 conceperat:
647 2880 695 2927 quo
705 2864 800 2913 iecilins
830 2864 895 2927 quod
905 2864 1037 2913 necessitas
1046 2864 1213 2927 cogetfsoere.
1237 2868 1268 2917 R

244 2930 509 2989 mereaturveniom,si
521 2930 578 2993 qued
590 2930 706 2979 struxerit
717 2928 743 2977 in
754 2929 798 2978 he-
862 2928 901 2981 47.
918 2928 967 2977 Pro
986 2932 1043 2993 qnid
1060 2928 1173 2981 meliores
1193 2932 1277 2982 nostri
1296 2930 1382 2986 menes,

243 3011 305 3045 rum.
329 2996 471 3044 C.-·Fecito
489 2998 543 3044 dese
564 2998 641 3044 eudem
659 2992 720 3057 hee]
741 2994 798 3043 Jem
829 2996 895 3056 quod.
916 2994 946 3042 B.

243 3070 364 3125 preparet
384 3060 431 3109 sihi
452 3059 593 3109 dominum:
618 3068 748 3121 monetque
770 3068 798 3108 ut
860 3060 900 3108 49.
920 3061 971 3107 Nee
986 3075 1054 3122 pesse
1071 3057 1244 3126 mlesseersse]
1262 3062 1318 3112 Nisi
1334 3075 1382 3109 cun

243 3124 389 3183 meminerit,
401 3124 422 3173 si
438 3125 533 3187 quando
549 3125 600 3173 hoec
616 3124 697 3173 omnis
708 3138 798 3173 evene·
829 3139 869 3173 me
886 3138 962 3172 senex
972 3124 1120 3173 sdhortstur.
1144 3124 1263 3177 n-Pm
1272 3124 1382 3189 ualdus·

243 3189 301 3249 rint,
312 3189 376 3237 sicut
391 3189 497 3237 humone
514 3198 571 3238 sunt
585 3188 674 3245 omnis,
685 3188 721 3237 uti
732 3199 758 3237 et
768 3189 798 3238 fl·
829 3206 884 3248 nse,
896 3189 959 3251 quod
975 3188 1096 3253 reperitur
1112 3188 1138 3237 in
1154 3192 1257 3253 nonnis,
1268 3188 1383 3258 prehende

243 3254 354 3317 liusejns
365 3252 629 3317 possitisteperficere.
653 3254 681 3301 Ε.
720 3252 729 3262 “
831 3264 869 3302 est
888 3253 981 3302 Mureti
996 3253 1133 3303 emendatio
1150 3254 1296 3319 wasers,
1312 3256 1382 3306 deleto

277 3320 316 3367 42
333 3320 387 3367 Nes
401 3326 455 3367 esee
470 3318 556 3381 seem]
574 3318 631 3367 Non
642 3318 687 3367 hoc
703 3316 799 3367 contin·
830 3328 956 3367 commate.
981 3318 1104 3369 Ceterum
1120 3324 1263 3383 postrerbe
1277 3327 1382 3382 emere

244 3393 293 3449 get,
303 3398 381 3447 neque
392 3382 446 3433 heri
456 3392 542 3446 potest.
565 3382 594 3431 Ε.
831 3382 929 3431 domum
940 3382 992 3432 shit
1002 3383 1134 3440 Chremen
1151 3394 1177 3434 et
1193 3394 1246 3436 tres
1262 3394 1381 3451 sequentes

277 3450 316 3498 48.
333 3450 413 3511 Neque
431 3464 457 3497 eo
471 3464 531 3496 sose
549 3446 611 3511 dice]
628 3447 696 3497 Bene
711 3456 800 3513 purget
831 3462 916 3497 versus
930 3463 975 3512 per
988 3464 1016 3497 se
1029 3463 1127 3497 scenam
1137 3451 1300 3501 constituunt.
1324 3452 1381 3500 rum

243 3514 269 3563 id
282 3510 416 3577 (purgavit)
426 3528 486 3575 ques
498 3512 632 3561 immiserat
641 3512 799 3576 suspiciones,
830 3512 889 3561 dum
906 3514 980 3576 Syrus
998 3513 1064 3562 solus
1079 3529 1162 3563 seeum
1178 3531 1222 3564 eos
1238 3515 1380 3581 pronuncia.

243 3596 277 3629 ne
294 3594 352 3627 vero
366 3580 416 3640 J'sm
433 3576 516 3627 credet
529 3577 705 3626 odolescentem
722 3576 800 3627 filium
831 3577 948 3625 Chremes
956 3577 1054 3627 interim
1064 3578 1142 3627 filium
1150 3594 1207 3629 cum
1218 3581 1338 3631 Bsechidc
1345 3579 1381 3627 de·

242 3655 314 3710 peter
324 3642 382 3691 talia
393 3642 432 3691 vel
442 3642 519 3691 facere
531 3642 570 3691 vel
581 3641 693 3705 cogitare.
715 3642 799 3691 Dixit·
830 3641 967 3706 prehendit,
978 3652 1004 3691 et
1017 3642 1095 3691 iratus
1105 3643 1132 3691 in
1142 3658 1243 3695 scenam
1258 3647 1327 3704 redit,
1337 3643 1380 3692 filio

244 3726 291 3775 que
297 3725 324 3758 e
333 3722 431 3758 serrum
440 3722 472 3755 ex
481 3706 617 3772 suspicione
626 3707 672 3756 ists
683 3717 799 3765 metuere,
831 3722 925 3770 quoque
935 3718 1042 3757 evocsto.
1063 3708 1091 3756 ih

242 3774 307 3839 quod
317 3776 369 3836 eJus
379 3782 437 3822 tetes
445 3774 496 3834 jem
510 3771 573 3831 telis,
590 3772 625 3821 uti
636 3771 658 3820 si
668 3772 800 3821 necessitas
864 3773 902 3820 60.
922 3775 1031 3825 Quium
1046 3790 1062 3820 a
1079 3776 1143 3822 sohs‘s
1158 3778 1279 3838 qnater
1291 3768 1378 3839 susat]

241 3852 271 3889 nt
281 3840 434 3889 Chremetem
448 3836 483 3885 ite
493 3837 567 3885 ducet
577 3847 602 3885 et
613 3846 705 3893 tractet.
714 3851 798 3899 quem-
832 3837 972 3899 nsewrsrh
982 3836 1082 3886 citerius
1092 3852 1178 3887 scente.
1200 3841 1230 3889 C.

242 3904 372 3955 admodum
383 3918 447 3951 nunc
458 3917 533 3951 senex
542 3902 637 3951 ridetur
647 3900 745 3949 hortari.
769 3900 799 3949 Ε.
866 3903 887 3949 1.
906 3904 969 3953 Quid
986 3906 1055 3959 eene,
1072 3902 1178 3966 queret]
1203 3904 1236 3954 ln
1254 3906 1300 3955 hec
1317 3915 1379 3953 soem

242 3970 324 4018 -Pro
335 3971 394 4031 quod
404 3966 504 4031 vulgari,
516 3976 582 4015 recte
589 3966 651 4015 liber
659 3965 799 4024 Bembinus,
831 3964 908 4078 {prus
918 3966 977 4015 hero
992 3968 1129 4031 persuadet,
1141 3969 1207 4029 quod
1218 3970 1321 4019 multum
1330 3965 1379 4016 feeit

242 4050 292 4097 que.
315 4033 343 4080 B.
871 4031 1062 4094 extorquendum
1072 4042 1208 4096 argentum.
1228 4028 1378 4091 wimer]

276 4100 314 4145 ‘Ae
327 4100 402 4145 Sedet
412 4098 475 4159 quid,
486 4113 513 4146 ne
524 4095 592 4159 qes'd]
609 4094 794 4153 ’decretumne
829 4094 931 4145 Viderat
951 4096 1069 4145 Chremes
1089 4096 1168 4146 hlium
1187 4098 1312 4149 ludentem
1330 4109 1377 4145 cum

243 4160 312 4226 quusi
321 4160 392 4217 diest,
404 4165 430 4210 oe·
442 4163 498 4223 quid
507 4166 612 4213 euemrit.
639 4160 695 4213 Ques
705 4164 738 4208 sit
746 4160 797 4222 ejus
829 4160 957 4220 neoenoe,
966 4176 1039 4223 quem
1051 4161 1139 4211 Clinin
1152 4178 1206 4213 esse
1217 4164 1334 4214 credehm.
1349 4160 1379 4208 Bt

242 4235 307 4282 m,
318 4225 392 4288 eides]
410 4228 470 4281 Quae
479 4226 555 4275 emori
565 4236 603 4275 est
613 4224 724 4274 obnoxie.
744 4226 773 4273 C.
829 4226 890 4274 hene
909 4226 1030 4289 expressit
1050 4227 1244 4290 objurgationem
1262 4238 1377 4293 prtem

275 4292 358 4341 enee
370 4290 419 4354 sa]
436 4292 484 4341 Pro
494 4294 567 4341 oeldo.
588 4289 733 4353 Useoens'et]
748 4292 796 4340 Urs
827 4305 892 4356 sepe
908 4292 1048 4355 repetendo.
1070 4292 1197 4347 Cedis&
1212 4292 1304 4357 ἰιιιστ]
1323 4291 1377 4340 Est
