2834 4759
411 200 472 269 DE
501 202 766 265 TERENTIO.
1082 222 1169 267 xxxv

42 332 202 393 sinuloernm
220 332 368 412 quoddam
387 354 422 394 ac
441 336 608 414 imaginem,
627 336 656 393 in
676 352 765 393 scene
784 344 985 413 muraneum
1026 330 1117 395 Hans
1130 344 1166 395 ut

42 416 135 491 pictura
152 434 217 491 qure
238 436 256 473 a
276 436 346 474 vero
366 416 436 485 abit,
458 430 489 475 et
509 415 556 475 vel
576 412 732 475 cubitalem
752 434 866 485 nuum,
885 416 932 475 rel
952 416 1110 475 distortum
1129 436 1165 476 oa

41 496 116 555 iacere
136 510 332 575 repraesentat,
356 496 447 555 risum
469 509 587 556 movet:
609 496 712 555 similis
732 496 869 555 delectat.
912 496 1011 575 Atque
1030 498 1086 557 hoc
1108 510 1164 569 eet,

41 577 102 651 quod
112 596 206 635 omnes
220 577 352 636 tribuunt
366 576 542 645 Menandro,
556 596 642 655 quem
656 576 814 637 Terentina
826 578 982 656 expressit.
1024 576 1068 637 Ut
1081 574 1162 639 Her·

39 677 168 734 mogenee:
196 664 271 735 nupd
293 686 322 717 rr
342 662 412 737 αὐτῷ
434 664 573 737 Μενάνδρῳ
594 660 625 717 dr
646 662 725 734 μυρία
748 660 831 735 εὕροις
852 666 958 717 ποιοΰω
979 664 1021 717 κοί
1043 666 1165 736 prosim

37 744 151 813 ληοίοος,
171 745 379 799 criminarer
400 744 518 815 r'pr'evrnr,
539 744 579 797 rui
598 745 744 815 μαγείρους,
758 746 799 797 κοί
816 743 959 815 παρθένους
977 744 1162 816 ommium,

37 825 133 879 minna
144 822 249 880 ἄλλους·
271 824 339 881 ὅλος
351 846 380 879 πε
399 826 441 879 διὰ
459 826 489 879 rd
508 824 659 879 ὑποπίπτειν
677 828 714 897 τῷ
731 821 810 899 ἦθικᾷ
829 827 902 899 λόγῳ
923 826 964 879 ποί
985 830 1038 880 πὸυ
1058 826 1162 895 ὁμοίου,

37 906 97 957 ruira'
107 928 134 976 γε
145 905 226 959 πάντα
240 904 255 974 ἢ
269 906 333 978 τόγε
343 908 457 959 πλεῖστα
469 906 560 969 αὐτῶν,
575 904 725 959 ὑποκείσθω
745 908 776 973 τῇ
793 905 904 977 ἀφελείᾳ
919 906 968 960 δεῖ.
1010 902 1163 968 Quemad-

36 981 131 1038 modum
145 981 345 1059 Hieronymus
361 980 557 1041 Menandrum
576 994 606 1039 et
624 980 794 1039 Terentium
815 1002 883 1040 cnm
903 983 1032 1041 maximo
1048 982 1163 1061 judicio

37 1060 167 1139 conjungit.
202 1062 254 1120 Ad
270 1061 426 1121 Paulinum
441 1063 534 1121 enim:
548 1072 640 1141 poetae
652 1062 819 1119 ωπυίεπτυο
829 1062 990 1133 Homerum,
1002 1062 1162 1141 Vergilium,

37 1142 207 1211 Μοιοπίουπι,
227 1143 399 1202 Terentium.
441 1142 521 1202 Audi
534 1143 695 1203 orationem
708 1144 800 1220 patria
813 1143 889 1203 irati.
933 1142 1043 1203 Heaut.
1059 1158 1116 1203 act.
1131 1162 1161 1203 v.

38 1242 105 1279 arena
116 1228 142 1281 4.

90 1369 175 1453 Natos,
188 1372 287 1427 itidem
299 1380 330 1426 ut
341 1372 421 1454 aiunt·
426 1370 650 1454 Minervam&
662 1311 925 1438 rhodiis-2203&
933 1320 1044 1445 ΐοὲίπω

91 1440 175 1508 Patiar,
189 1442 326 1513 Clitipho,
341 1442 448 1513 flagitas
458 1442 514 1497 tuis
526 1460 570 1497 me
581 1442 708 1499 inluuiem
721 1444 787 1499 fieri.

46 1526 131 1605 laque
143 1546 321 1609 sequuntur.
364 1530 445 1591 nudi
458 1531 538 1591 mitis
552 1531 607 1589 viri
621 1532 721 1611 potius
734 1553 822 1610 quam
836 1532 924 1591 boni:

94 1627 217 1689 Amulio,
232 1644 269 1679 ne
283 1642 327 1679 rue
339 1624 474 1679 obtundas
487 1624 520 1679 de
532 1625 581 1679 hac
593 1642 622 1679 re
634 1627 742 1697 sepius.

95 1693 166 1751 Tuum
179 1697 269 1751 filiurn
283 1695 380 1751 dedisti
392 1694 574 1766 adoptandum
587 1696 662 1751 mibi.

92 1764 113 1819 lr
122 1784 193 1821 meua
205 1777 249 1821 est
262 1766 361 1821 factrus.
399 1764 430 1821 Si
442 1764 507 1837 quid
520 1776 621 1835 peccat,
634 1766 747 1833 Demea,

91 1834 149 1891 Mihi
159 1847 272 1909 peccat:
294 1854 347 1907 ego
358 1836 397 1891 illi
410 1854 563 1891 maxumam
575 1848 676 1907 partem
689 1838 783 1891 ieram.

90 1906 218 1963 Obsonat?
253 1907 353 1962 Putat?
386 1904 448 1961 Olet
460 1911 615 1977 unguenta?
647 1906 691 1961 De
703 1925 774 1963 meo.

89 1980 177 2031 Anat?
209 1978 334 2032 Dabitur
346 1995 361 2030 a
372 1994 416 2031 me
427 1986 577 2048 argentum,
592 1976 657 2031 dnrn
669 1979 720 2033 erit
732 1976 921 2034 commodum:

91 2044 137 2102 Ubi
147 2066 202 2103 non
214 2050 278 2113 erit,
292 2048 407 2102 sortasse
418 2047 575 2103 excludetur
585 2048 666 2103 [oras.

90 2116 160 2173 Fores
257 2120 298 2171 'ti
333 2116 527 2173 Restituuntnr.
563 2117 681 2173 Discidit

88 2185 205 2245 Vestem?
345 2189 350 2200 '
380 2206 421 2243 nr.
458 2188 508 2243 Far
520 2188 561 2243 dis
571 2190 658 2260 gratie

90 2257 119 2313 Et
128 2260 197 2316 unde
208 2260 270 2315 haec
283 2260 359 2325 fiant,
372 2268 399 2314 et
410 2258 498 2315 adhuc
510 2276 566 2315 non
577 2260 691 2315 molesta
702 2268 776 2315 sunt.

40 2342 67 2402 Er
77 2346 162 2409 divina
176 2350 243 2409 illa:

218 2428 302 2483 credo
313 2428 419 2483 hercle:
439 2444 502 2481 nam
514 2426 653 2497 ingenium
664 2426 730 2481 novi
741 2436 820 2481 tuum

90 2495 208 2553 lnberale.
248 2498 305 2554 Sed
316 2516 411 2555 vereor
422 2515 457 2553 ne
467 2496 609 2567 indiligens
621 2496 736 2551 nimium
748 2496 809 2551 sies.

90 2566 118 2621 ln
128 2587 178 2641 qua
189 2570 301 2625 civitate
313 2568 422 2625 tandem
434 2568 562 2623 arbitrare
573 2577 601 2623 te
612 2568 721 2621 vivere?

41 2656 137 2797 ξίφη
154 2668 216 2726 aine
241 2680 327 2726 motu
349 2667 438 2726 animi
461 2678 492 2725 et
514 2664 686 2725 suavissima
706 2662 857 2743 voluptate
880 2662 940 2741 legi
961 2683 1020 2723 nou
1043 2675 1168 2743 possum

65 2762 151 2821 etym
365 2823 655 2881 odiosahaeceetaetas
667 2821 889 2877 adolescentulis:

92 2890 111 2945 E
123 2895 207 2950 medio
219 2914 331 2968 aequurn
343 2895 470 2949 excedere
481 2906 532 2950 eat.
569 2892 711 2949 Postremo
719 2893 777 2964 jam
790 2910 841 2947 nos
852 2892 944 2947 fabula

93 2960 192 3031 Sumne,
206 2966 358 3037 Pamphilu,
372 2984 453 3020 senex
465 2974 545 3037 atque
556 2982 634 3019 anua.

44 3062 71 3121 Et
81 3084 190 3129 catera:
210 3070 347 3149 pluscula
361 3083 428 3131 sunt
449 3070 534 3131 euim.
577 3068 664 3139 Quis,
679 3088 746 3127 cnm
760 3066 811 3127 illa
823 3066 999 3128 Phormione
1011 3068 1093 3149 legit,
1107 3088 1165 3129 nou

43 3162 140 3207 uorem
152 3152 305 3211 honestam
318 3150 444 3211 adulteri
456 3151 609 3229 agnoscit?

94 3310 141 3377 Qui
151 3316 226 3382 milri,
240 3242 630 3378 ubiasldffiqdhainvhrhlhhheefftt,
638 3240 910 3367 amputamur

95 3381 210 3441 llaeociue
222 3396 301 3441 erant
311 3388 409 3441 itiones
421 3386 521 3440 crehrre
532 3394 558 3439 et
570 3382 724 3439 mansiones
735 3382 847 3437 dinfinoe

95 3452 195 3511 lanai?
219 3458 349 3513 Haeccine
360 3465 416 3511 erat
428 3474 489 3528 quoe
500 3464 608 3509 nostros
619 3454 725 3507 fructus
736 3452 875 3508 minuebat
886 3452 996 3507 vilitas?

96 3522 176 3589 Quid?
196 3546 247 3599 ego
260 3546 339 3599 aequo
351 3528 442 3583 animo
455 3526 535 3597 cupio
547 3526 644 3580 misera
656 3524 683 3578 in
695 3524 746 3579 hac
757 3541 786 3577 re
799 3522 946 3594 defungier.

96 3590 140 3649 Sed
151 3598 213 3669 quid
225 3601 349 3669 sperem?
369 3606 447 3653 utute
458 3614 542 3668 porro
554 3596 643 3651 minue
655 3603 830 3665 peccaturum
840 3598 952 3665 putem?

96 3662 149 3719 lan
160 3678 217 3723 turn
230 3678 286 3723 erat
298 3686 389 3733 senex,
404 3676 527 3722 senectus
539 3667 562 3721 ei
573 3663 741 3720 verecundos
753 3664 827 3720 iecit.

96 3734 134 3789 An
145 3754 200 3793 nea
210 3739 299 3793 forma
310 3748 337 3794 at
358 3756 390 3793 ue
402 3748 465 3794 aetas
474 3738 530 3809 jam
542 3739 628 3807 magis
640 3734 789 3806 expetenda
800 3742 850 3799 est,
863 3732 1019 3804 Demipho?

97 3802 310 3869 Qnidmihinnnc
353 3803 1160 3883 ers,quamobremexspectem,autaperem,porrononlore?

50 3899 301 3991 &quandoquidem
321 3914 500 3993 simplicitas,
517 3913 643 3971 maxima
662 3924 784 3971 moratae
806 3911 946 3969 orationis
959 3911 1063 3977 virtus,
1079 3908 1104 3967 ei
1118 3909 1163 3967 in·

51 3986 163 4070 leudam,
177 3998 348 4054 suavitatem
362 3996 438 4075 parit
450 4018 457 4065 ς
480 4014 566 4053 nenio
579 3994 641 4053 sine
661 3990 824 4051 incredibili
837 4012 872 4051 ec
885 4012 999 4051 sumina
1012 3990 1164 4067 voluptate

51 4060 103 4124 fflld
113 4070 254 4135 Bacchidis
268 4076 363 4155 leget:

715 4158 787 4204 recte
798 4148 903 4213 musti,
917 4146 1066 4216 Pamphile,

103 4214 207 4277 Uxorem
218 4236 303 4279 tuum.
341 4223 412 4278 Nam
424 4208 563 4296 nunqnam
575 4230 636 4277 ante
648 4220 719 4275 hanc
735 4220 807 4273 diem
823 4220 890 4273 meis
906 4218 992 4271 oculis
1008 4232 1077 4280 am,
1091 4218 1166 4287 quod

145 4308 255 4359 nomem,
268 4294 396 4349 videram.

102 4353 252 4421 Perliberalis
263 4366 322 4427 vira
333 4374 382 4421 eat.

57 4436 481 4525 Ideo‘1¹¹0fabulae-Terentiano,
499 4452 660 4515 doctiorem
682 4447 866 4516 histrionem,
879 4462 967 4520 quam
987 4440 1170 4513 reliquorum
