<?xml version="1.0" encoding="UTF-8"?>
<!DOCTYPE html PUBLIC "-//W3C//DTD XHTML 1.0 Transitional//EN"
    "http://www.w3.org/TR/xhtml1/DTD/xhtml1-transitional.dtd">
<html xmlns="http://www.w3.org/1999/xhtml" xml:lang="en" lang="en">
 <head>
  <title>
</title>
<meta http-equiv="Content-Type" content="text/html;charset=utf-8" />
  <meta name='ocr-system' content='tesseract 3.04.00' />
  <meta name='ocr-capabilities' content='ocr_page ocr_carea ocr_par ocr_line ocrx_word'/>
</head>
<body>
  <div class='ocr_page' id='page_1' title='image "./publiiterentiic01lindgoog/publiiterentiic01lindgoog_0525.png"; bbox 0 0 2834 4759; ppageno 0'>
   <div class='ocr_carea' id='block_1_1' title="bbox 217 118 1376 207">
    <p class='ocr_par' dir='ltr' id='par_1_1' title="bbox 217 118 1376 207">
     <span class='ocr_line' id='line_1_1' title="bbox 217 118 1376 207; baseline 0 -22"><span class='ocrx_word' id='word_1_1' title='bbox 217 121 284 185; x_wconf 74' lang='lat'><strong>514</strong></span> <span class='ocrx_word' id='word_1_2' title='bbox 648 118 929 187; x_wconf 85' lang='lat' dir='ltr'>TERENTII</span> <span class='ocrx_word' id='word_1_3' title='bbox 1189 121 1315 207; x_wconf 73' lang='lat' dir='ltr'><strong>[acrus</strong></span> <span class='ocrx_word' id='word_1_4' title='bbox 1330 140 1376 185; x_wconf 91' lang='lat' dir='ltr'><strong>ur.</strong></span> 
     </span>
    </p>
   </div>
   <div class='ocr_carea' id='block_1_2' title="bbox 259 252 1361 1520">
    <p class='ocr_par' dir='ltr' id='par_1_2' title="bbox 259 252 1361 1520">
     <span class='ocr_line' id='line_1_2' title="bbox 304 252 1134 340; baseline 0.004 -21"><span class='ocrx_word' id='word_1_5' title='bbox 304 252 467 340; x_wconf 82' lang='lat' dir='ltr'><strong>Amoque,</strong></span> <span class='ocrx_word' id='word_1_6' title='bbox 482 264 517 320; x_wconf 88' lang='lat' dir='ltr'><strong>et</strong></span> <span class='ocrx_word' id='word_1_7' title='bbox 530 253 641 333; x_wconf 89' lang='lat' dir='ltr'><strong>lando,</strong></span> <span class='ocrx_word' id='word_1_8' title='bbox 656 265 690 320; x_wconf 90' lang='lat' dir='ltr'><strong>et</strong></span> <span class='ocrx_word' id='word_1_9' title='bbox 704 254 912 321; x_wconf 84' lang='lat' dir='ltr'><strong>vehementer</strong></span> <span class='ocrx_word' id='word_1_10' title='bbox 927 254 1098 322; x_wconf 83' lang='lat' dir='ltr'><strong>desidero.¹</strong></span> <span class='ocrx_word' id='word_1_11' title='bbox 1130 258 1134 268; x_wconf 91' lang='lat'>&#39;</span> 
     </span>
     <span class='ocr_line' id='line_1_3' title="bbox 304 352 1197 441; baseline 0.002 -24"><span class='ocrx_word' id='word_1_12' title='bbox 304 352 392 417; x_wconf 89' lang='lat' dir='ltr'><strong>Nam</strong></span> <span class='ocrx_word' id='word_1_13' title='bbox 407 352 510 419; x_wconf 85' lang='lat' dir='ltr'><strong>firisse</strong></span> <span class='ocrx_word' id='word_1_14' title='bbox 524 375 604 439; x_wconf 82' lang='lat' dir='ltr'><strong>erga</strong></span> <span class='ocrx_word' id='word_1_15' title='bbox 616 375 668 417; x_wconf 90' lang='lat' dir='ltr'><strong>me</strong></span> <span class='ocrx_word' id='word_1_16' title='bbox 681 354 764 419; x_wconf 91' lang='lat' dir='ltr'><strong>miro</strong></span> <span class='ocrx_word' id='word_1_17' title='bbox 778 354 920 441; x_wconf 84' lang='lat' dir='ltr'><strong>ingenio,</strong></span> <span class='ocrx_word' id='word_1_18' title='bbox 933 365 1091 441; x_wconf 89' lang='lat' dir='ltr'><strong>expertus</strong></span> <span class='ocrx_word' id='word_1_19' title='bbox 1107 376 1197 421; x_wconf 81' lang='lat' dir='ltr'><strong>sum:</strong></span> 
     </span>
     <span class='ocr_line' id='line_1_4' title="bbox 259 449 1045 539; baseline 0.001 -23"><span class='ocrx_word' id='word_1_20' title='bbox 259 462 293 509; x_wconf 82' lang='lat'><strong>40</strong></span> <span class='ocrx_word' id='word_1_21' title='bbox 304 449 421 537; x_wconf 85' lang='lat' dir='ltr'>Illique</span> <span class='ocrx_word' id='word_1_22' title='bbox 436 462 570 538; x_wconf 81' lang='lat' dir='ltr'><strong>exopto,</strong></span> <span class='ocrx_word' id='word_1_23' title='bbox 586 462 624 517; x_wconf 92' lang='lat' dir='ltr'><strong>ut</strong></span> <span class='ocrx_word' id='word_1_24' title='bbox 637 450 807 537; x_wconf 86' lang='lat' dir='ltr'><strong>relliquam</strong></span> <span class='ocrx_word' id='word_1_25' title='bbox 821 452 920 517; x_wconf 86' lang='lat' dir='ltr'><strong>vitam</strong></span> <span class='ocrx_word' id='word_1_26' title='bbox 934 453 1045 539; x_wconf 84' lang='lat' dir='ltr'><strong>exigat</strong></span> 
     </span>
     <span class='ocr_line' id='line_1_5' title="bbox 306 549 964 635; baseline 0.002 -21"><span class='ocrx_word' id='word_1_27' title='bbox 306 549 390 615; x_wconf 89' lang='lat' dir='ltr'><strong>Cum</strong></span> <span class='ocrx_word' id='word_1_28' title='bbox 404 573 445 616; x_wconf 90' lang='lat' dir='ltr'><strong>eo</strong></span> <span class='ocrx_word' id='word_1_29' title='bbox 459 551 540 629; x_wconf 84' lang='lat' dir='ltr'><strong>viro,</strong></span> <span class='ocrx_word' id='word_1_30' title='bbox 554 572 606 615; x_wconf 88' lang='lat' dir='ltr'><strong>me</strong></span> <span class='ocrx_word' id='word_1_31' title='bbox 621 552 678 635; x_wconf 92' lang='lat' dir='ltr'><strong>qui</strong></span> <span class='ocrx_word' id='word_1_32' title='bbox 692 551 735 614; x_wconf 87' lang='lat' dir='ltr'><strong>sit</strong></span> <span class='ocrx_word' id='word_1_33' title='bbox 750 549 964 615; x_wconf 83' lang='lat' dir='ltr'><strong>fortunatior:</strong></span> 
     </span>
     <span class='ocr_line' id='line_1_6' title="bbox 306 646 1151 735; baseline 0 -22"><span class='ocrx_word' id='word_1_34' title='bbox 306 647 583 735; x_wconf 77' lang='lat' dir='ltr'><strong>Quandoquidem</strong></span> <span class='ocrx_word' id='word_1_35' title='bbox 597 646 684 712; x_wconf 90' lang='lat' dir='ltr'><strong>illam</strong></span> <span class='ocrx_word' id='word_1_36' title='bbox 699 671 720 712; x_wconf 88' lang='lat' dir='ltr'><strong>a</strong></span> <span class='ocrx_word' id='word_1_37' title='bbox 733 670 784 712; x_wconf 90' lang='lat' dir='ltr'><strong>me</strong></span> <span class='ocrx_word' id='word_1_38' title='bbox 796 647 949 713; x_wconf 81' lang='lat' dir='ltr'><strong>distrahit</strong></span> <span class='ocrx_word' id='word_1_39' title='bbox 963 650 1151 715; x_wconf 75' lang='lat' dir='ltr'><strong>necessitas.</strong></span> 
     </span>
     <span class='ocr_line' id='line_1_7' title="bbox 309 744 1260 825; baseline 0.001 -15"><span class='ocrx_word' id='word_1_40' title='bbox 309 744 375 811; x_wconf 78' lang='lat' dir='ltr'><strong>Pa.</strong></span> <span class='ocrx_word' id='word_1_41' title='bbox 391 746 470 811; x_wconf 91' lang='lat' dir='ltr'><strong>Tibi</strong></span> <span class='ocrx_word' id='word_1_42' title='bbox 484 747 518 811; x_wconf 92' lang='lat' dir='ltr'><strong>id</strong></span> <span class='ocrx_word' id='word_1_43' title='bbox 533 747 567 809; x_wconf 92' lang='lat' dir='ltr'><strong>in</strong></span> <span class='ocrx_word' id='word_1_44' title='bbox 581 768 679 811; x_wconf 91' lang='lat' dir='ltr'><strong>manu</strong></span> <span class='ocrx_word' id='word_1_45' title='bbox 693 755 756 823; x_wconf 91' lang='lat' dir='ltr'><strong>est,</strong></span> <span class='ocrx_word' id='word_1_46' title='bbox 768 768 809 811; x_wconf 90' lang='lat' dir='ltr'><strong>ne</strong></span> <span class='ocrx_word' id='word_1_47' title='bbox 825 746 895 813; x_wconf 85' lang='lat' dir='ltr'><strong>fiat.</strong></span> <span class='ocrx_word' id='word_1_48' title='bbox 934 746 999 812; x_wconf 78' lang='lat' dir='ltr'><strong>LA.</strong></span> <span class='ocrx_word' id='word_1_49' title='bbox 1017 746 1053 811; x_wconf 91' lang='lat' dir='ltr'><strong>si</strong></span> <span class='ocrx_word' id='word_1_50' title='bbox 1068 769 1166 812; x_wconf 89' lang='lat' dir='ltr'><strong>sanus</strong></span> <span class='ocrx_word' id='word_1_51' title='bbox 1182 746 1260 825; x_wconf 89' lang='lat' dir='ltr'><strong>sies,</strong></span> 
     </span>
     <span class='ocr_line' id='line_1_8' title="bbox 304 842 1235 931; baseline -0.001 -22"><span class='ocrx_word' id='word_1_52' title='bbox 304 843 394 909; x_wconf 85' lang='lat' dir='ltr'><strong>Jube</strong></span> <span class='ocrx_word' id='word_1_53' title='bbox 408 844 494 909; x_wconf 85' lang='lat' dir='ltr'><strong>illam</strong></span> <span class='ocrx_word' id='word_1_54' title='bbox 509 845 628 909; x_wconf 89' lang='lat' dir='ltr'><strong>redire.</strong></span> <span class='ocrx_word' id='word_1_55' title='bbox 664 842 755 909; x_wconf 74' lang='lat' dir='ltr'><strong>Pru.</strong></span> <span class='ocrx_word' id='word_1_56' title='bbox 766 843 846 909; x_wconf 90' lang='lat' dir='ltr'><strong>Non</strong></span> <span class='ocrx_word' id='word_1_57' title='bbox 860 855 912 910; x_wconf 90' lang='lat' dir='ltr'><strong>est</strong></span> <span class='ocrx_word' id='word_1_58' title='bbox 926 844 1105 923; x_wconf 90' lang='lat' dir='ltr'><strong>consilium,</strong></span> <span class='ocrx_word' id='word_1_59' title='bbox 1121 855 1235 931; x_wconf 84' lang='lat' dir='ltr'><strong>pater:</strong></span> 
     </span>
     <span class='ocr_line' id='line_1_9' title="bbox 261 942 1209 1021; baseline 0.005 -17"><span class='ocrx_word' id='word_1_60' title='bbox 261 956 293 1003; x_wconf 77' lang='lat'><strong>4⁵</strong></span> <span class='ocrx_word' id='word_1_61' title='bbox 306 944 425 1009; x_wconf 81' lang='lat' dir='ltr'><strong>Matris</strong></span> <span class='ocrx_word' id='word_1_62' title='bbox 441 945 571 1009; x_wconf 82' lang='lat' dir='ltr'><strong>servibo</strong></span> <span class='ocrx_word' id='word_1_63' title='bbox 584 942 771 1009; x_wconf 88' lang='lat' dir='ltr'><strong>commodis.</strong></span> <span class='ocrx_word' id='word_1_64' title='bbox 811 942 877 1007; x_wconf 75' lang='lat' dir='ltr'><strong>LA.</strong></span> <span class='ocrx_word' id='word_1_65' title='bbox 893 942 972 1017; x_wconf 82' lang='lat' dir='ltr'><strong>Quo</strong></span> <span class='ocrx_word' id='word_1_66' title='bbox 986 944 1081 1009; x_wconf 71' lang='lat' dir='ltr'><strong>abis?</strong></span> <span class='ocrx_word' id='word_1_67' title='bbox 1104 966 1209 1021; x_wconf 85' lang='lat' dir='ltr'><strong>mane,</strong></span> 
     </span>
     <span class='ocr_line' id='line_1_10' title="bbox 303 1040 1361 1129; baseline 0 -22"><span class='ocrx_word' id='word_1_68' title='bbox 303 1042 418 1120; x_wconf 87' lang='lat' dir='ltr'><strong>Mane,</strong></span> <span class='ocrx_word' id='word_1_69' title='bbox 432 1044 581 1129; x_wconf 87' lang='lat' dir='ltr'><strong>inquam:</strong></span> <span class='ocrx_word' id='word_1_70' title='bbox 605 1063 672 1127; x_wconf 93' lang='lat' dir='ltr'><strong>quo</strong></span> <span class='ocrx_word' id='word_1_71' title='bbox 686 1042 780 1107; x_wconf 76' lang='lat' dir='ltr'><strong>ubist</strong></span> <span class='ocrx_word' id='word_1_72' title='bbox 819 1040 884 1106; x_wconf 75' lang='grc' dir='ltr'><strong>ΡΗ.</strong></span> <span class='ocrx_word' id='word_1_73' title='bbox 902 1040 988 1115; x_wconf 81' lang='lat' dir='ltr'><strong>Quae</strong></span> <span class='ocrx_word' id='word_1_74' title='bbox 1002 1040 1074 1107; x_wconf 84' lang='lat' dir='ltr'><strong>haec</strong></span> <span class='ocrx_word' id='word_1_75' title='bbox 1088 1052 1141 1107; x_wconf 87' lang='lat' dir='ltr'><strong>est</strong></span> <span class='ocrx_word' id='word_1_76' title='bbox 1153 1042 1361 1127; x_wconf 69' lang='lat' dir='ltr'><strong>pertinacia?</strong></span> 
     </span>
     <span class='ocr_line' id='line_1_11' title="bbox 303 1131 1361 1225; baseline 0 -19"><span class='ocrx_word' id='word_1_77' title='bbox 303 1140 369 1206; x_wconf 76' lang='lat' dir='ltr'><strong>Lu.</strong></span> <span class='ocrx_word' id='word_1_78' title='bbox 385 1138 519 1218; x_wconf 85' lang='lat' dir='ltr'><strong>Dixine,</strong></span> <span class='ocrx_word' id='word_1_79' title='bbox 535 1138 712 1225; x_wconf 90' lang='lat' dir='ltr'><strong>Phidippe,</strong></span> <span class='ocrx_word' id='word_1_80' title='bbox 727 1138 813 1204; x_wconf 88' lang='lat' dir='ltr'><strong>hanc</strong></span> <span class='ocrx_word' id='word_1_81' title='bbox 827 1131 896 1203; x_wconf 86' lang='lat' dir='ltr'><strong>rem</strong></span> <span class='ocrx_word' id='word_1_82' title='bbox 911 1161 998 1224; x_wconf 83' lang='lat' dir='ltr'><strong>aegre</strong></span> <span class='ocrx_word' id='word_1_83' title='bbox 1013 1138 1154 1205; x_wconf 88' lang='lat' dir='ltr'><strong>laturum</strong></span> <span class='ocrx_word' id='word_1_84' title='bbox 1168 1162 1243 1207; x_wconf 85' lang='lat' dir='ltr'><strong>esse</strong></span> <span class='ocrx_word' id='word_1_85' title='bbox 1258 1144 1361 1207; x_wconf 78' lang='lat' dir='ltr'><strong>anmi</strong></span> 
     </span>
     <span class='ocr_line' id='line_1_12' title="bbox 306 1237 1110 1315; baseline 0 -12"><span class='ocrx_word' id='word_1_86' title='bbox 306 1238 530 1313; x_wconf 82' lang='lat' dir='ltr'><strong>Quamobrem</strong></span> <span class='ocrx_word' id='word_1_87' title='bbox 544 1249 577 1303; x_wconf 91' lang='lat' dir='ltr'><strong>te</strong></span> <span class='ocrx_word' id='word_1_88' title='bbox 593 1238 738 1315; x_wconf 85' lang='lat' dir='ltr'><strong>orabam,</strong></span> <span class='ocrx_word' id='word_1_89' title='bbox 754 1247 791 1302; x_wconf 92' lang='lat' dir='ltr'><strong>ut</strong></span> <span class='ocrx_word' id='word_1_90' title='bbox 804 1237 904 1302; x_wconf 86' lang='lat' dir='ltr'><strong>filiam</strong></span> <span class='ocrx_word' id='word_1_91' title='bbox 918 1239 1110 1303; x_wconf 87' lang='lat' dir='ltr'><strong>remitteres.</strong></span> 
     </span>
     <span class='ocr_line' id='line_1_13' title="bbox 302 1334 1171 1421; baseline 0 -20"><span class='ocrx_word' id='word_1_92' title='bbox 302 1335 368 1401; x_wconf 83' lang='lat' dir='ltr'><strong>Pu.</strong></span> <span class='ocrx_word' id='word_1_93' title='bbox 384 1336 464 1401; x_wconf 91' lang='lat' dir='ltr'><strong>Non</strong></span> <span class='ocrx_word' id='word_1_94' title='bbox 479 1336 605 1401; x_wconf 88' lang='lat' dir='ltr'><strong>credidi</strong></span> <span class='ocrx_word' id='word_1_95' title='bbox 619 1334 748 1421; x_wconf 86' lang='lat' dir='ltr'><strong>aedepol</strong></span> <span class='ocrx_word' id='word_1_96' title='bbox 763 1334 847 1401; x_wconf 86' lang='lat' dir='ltr'><strong>adeo</strong></span> <span class='ocrx_word' id='word_1_97' title='bbox 860 1335 1070 1401; x_wconf 86' lang='lat' dir='ltr'><strong>inhnmanum</strong></span> <span class='ocrx_word' id='word_1_98' title='bbox 1083 1335 1171 1401; x_wconf 83' lang='lat' dir='ltr'><strong>fore:</strong></span> 
     </span>
     <span class='ocr_line' id='line_1_14' title="bbox 259 1432 1043 1520; baseline 0.006 -26"><span class='ocrx_word' id='word_1_99' title='bbox 259 1432 354 1499; x_wconf 76' lang='lat' dir='ltr'><strong>tulta</strong></span> <span class='ocrx_word' id='word_1_100' title='bbox 368 1457 455 1499; x_wconf 90' lang='lat' dir='ltr'><strong>nunc</strong></span> <span class='ocrx_word' id='word_1_101' title='bbox 465 1435 492 1497; x_wconf 89' lang='lat' dir='ltr'><strong>is</strong></span> <span class='ocrx_word' id='word_1_102' title='bbox 509 1435 636 1499; x_wconf 90' lang='lat' dir='ltr'><strong>sibime</strong></span> <span class='ocrx_word' id='word_1_103' title='bbox 653 1433 911 1520; x_wconf 88' lang='lat' dir='ltr'><strong>supplicaturum</strong></span> <span class='ocrx_word' id='word_1_104' title='bbox 924 1436 1043 1520; x_wconf 76' lang='lat' dir='ltr'><strong>putati</strong></span> 
     </span>
    </p>
   </div>
   <div class='ocr_carea' id='block_1_3' title="bbox 211 1600 1384 3996">
    <p class='ocr_par' dir='ltr' id='par_1_3' title="bbox 211 1600 1384 3996">
     <span class='ocr_line' id='line_1_15' title="bbox 248 1600 1383 1667; baseline -0.001 -15"><span class='ocrx_word' id='word_1_105' title='bbox 248 1604 287 1652; x_wconf 81' lang='lat'><strong>88.</strong></span> <span class='ocrx_word' id='word_1_106' title='bbox 299 1605 408 1665; x_wconf 75' lang='lat' dir='ltr'><strong>Anoqu,</strong></span> <span class='ocrx_word' id='word_1_107' title='bbox 419 1609 443 1651; x_wconf 80' lang='lat' dir='ltr'><strong>et</strong></span> <span class='ocrx_word' id='word_1_108' title='bbox 458 1600 540 1665; x_wconf 70' lang='lat' dir='ltr'><strong>hado]</strong></span> <span class='ocrx_word' id='word_1_109' title='bbox 559 1601 618 1651; x_wconf 85' lang='lat' dir='ltr'><strong>Non</strong></span> <span class='ocrx_word' id='word_1_110' title='bbox 634 1601 719 1651; x_wconf 69' lang='lat' dir='ltr'><strong>entim</strong></span> <span class='ocrx_word' id='word_1_111' title='bbox 735 1600 778 1665; x_wconf 89' lang='lat' dir='ltr'><strong>qui</strong></span> <span class='ocrx_word' id='word_1_112' title='bbox 809 1600 894 1651; x_wconf 86' lang='lat' dir='ltr'><strong>redeat</strong></span> <span class='ocrx_word' id='word_1_113' title='bbox 907 1602 995 1665; x_wconf 83' lang='lat' dir='ltr'><strong>jubere</strong></span> <span class='ocrx_word' id='word_1_114' title='bbox 1013 1610 1102 1667; x_wconf 86' lang='lat' dir='ltr'><strong>potest.</strong></span> <span class='ocrx_word' id='word_1_115' title='bbox 1125 1602 1220 1651; x_wconf 57' lang='lat' dir='ltr'><strong>Dedi</strong></span> <span class='ocrx_word' id='word_1_116' title='bbox 1235 1618 1312 1651; x_wconf 70' lang='lat' dir='ltr'><strong>sonu</strong></span> <span class='ocrx_word' id='word_1_117' title='bbox 1325 1602 1383 1665; x_wconf 77' lang='lat' dir='ltr'><strong>sier]</strong></span> 
     </span>
     <span class='ocr_line' id='line_1_16' title="bbox 214 1666 1179 1729; baseline -0.002 -12"><span class='ocrx_word' id='word_1_118' title='bbox 214 1666 518 1726; x_wconf 82' lang='lat' dir='ltr'><strong>amantur,etlaudantur:</strong></span> <span class='ocrx_word' id='word_1_119' title='bbox 536 1666 777 1729; x_wconf 84' lang='lat' dir='ltr'><strong>necquilaudantur,</strong></span> <span class='ocrx_word' id='word_1_120' title='bbox 810 1666 841 1715; x_wconf 85' lang='lat' dir='ltr'><strong>V.</strong></span> <span class='ocrx_word' id='word_1_121' title='bbox 850 1667 996 1717; x_wconf 52' lang='lat' dir='ltr'><strong>culmum</strong></span> <span class='ocrx_word' id='word_1_122' title='bbox 1006 1670 1065 1717; x_wconf 71' lang='lat' dir='ltr'><strong>sotis</strong></span> <span class='ocrx_word' id='word_1_123' title='bbox 1075 1670 1126 1716; x_wconf 67' lang='lat' dir='ltr'><strong>:tea</strong></span> <span class='ocrx_word' id='word_1_124' title='bbox 1151 1666 1179 1715; x_wconf 73' lang='lat' dir='ltr'><strong>Ia</strong></span> 
     </span>
     <span class='ocr_line' id='line_1_17' title="bbox 212 1730 1383 1795; baseline 0 -14"><span class='ocrx_word' id='word_1_125' title='bbox 212 1731 289 1781; x_wconf 86' lang='lat' dir='ltr'><strong>etiarn</strong></span> <span class='ocrx_word' id='word_1_126' title='bbox 299 1731 416 1781; x_wconf 88' lang='lat' dir='ltr'><strong>continuo</strong></span> <span class='ocrx_word' id='word_1_127' title='bbox 426 1731 603 1779; x_wconf 76' lang='lat' dir='ltr'><strong>desiderantur.</strong></span> <span class='ocrx_word' id='word_1_128' title='bbox 627 1730 709 1779; x_wconf 84' lang='lat' dir='ltr'><strong>Multa</strong></span> <span class='ocrx_word' id='word_1_129' title='bbox 719 1746 778 1794; x_wconf 75' lang='lat' dir='ltr'><strong>ergo</strong></span> <span class='ocrx_word' id='word_1_130' title='bbox 843 1733 883 1781; x_wconf 88' lang='grc'><strong>44,</strong></span> <span class='ocrx_word' id='word_1_131' title='bbox 896 1734 950 1781; x_wconf 84' lang='lat' dir='ltr'><strong>Non</strong></span> <span class='ocrx_word' id='word_1_132' title='bbox 960 1739 996 1781; x_wconf 76' lang='lat' dir='ltr'><strong>est</strong></span> <span class='ocrx_word' id='word_1_133' title='bbox 1004 1730 1135 1795; x_wconf 73' lang='lat' dir='ltr'><strong>comitiam]</strong></span> <span class='ocrx_word' id='word_1_134' title='bbox 1148 1730 1244 1781; x_wconf 75' lang='lat' dir='ltr'><strong>Durius</strong></span> <span class='ocrx_word' id='word_1_135' title='bbox 1254 1742 1320 1791; x_wconf 80' lang='lat' dir='ltr'><strong>erat,</strong></span> <span class='ocrx_word' id='word_1_136' title='bbox 1332 1734 1383 1781; x_wconf 74' lang='lat' dir='ltr'><strong>nelo</strong></span> 
     </span>
     <span class='ocr_line' id='line_1_18' title="bbox 214 1796 1297 1860; baseline 0 -15"><span class='ocrx_word' id='word_1_137' title='bbox 214 1796 286 1855; x_wconf 85' lang='lat' dir='ltr'><strong>dixit,</strong></span> <span class='ocrx_word' id='word_1_138' title='bbox 297 1799 441 1860; x_wconf 67' lang='lat' dir='ltr'><strong>Antequam</strong></span> <span class='ocrx_word' id='word_1_139' title='bbox 455 1798 531 1853; x_wconf 71' lang='lat' dir='ltr'><strong>hudo,</strong></span> <span class='ocrx_word' id='word_1_140' title='bbox 541 1803 565 1845; x_wconf 81' lang='lat' dir='ltr'><strong>at</strong></span> <span class='ocrx_word' id='word_1_141' title='bbox 581 1798 722 1845; x_wconf 72' lang='lat' dir='ltr'><strong>ubemur</strong></span> <span class='ocrx_word' id='word_1_142' title='bbox 737 1799 778 1845; x_wconf 86' lang='lat' dir='ltr'><strong>de-</strong></span> <span class='ocrx_word' id='word_1_143' title='bbox 810 1799 934 1845; x_wconf 78' lang='lat' dir='ltr'><strong>redueare:</strong></span> <span class='ocrx_word' id='word_1_144' title='bbox 951 1812 1009 1860; x_wconf 75' lang='lat' dir='ltr'><strong>ergo</strong></span> <span class='ocrx_word' id='word_1_145' title='bbox 1019 1797 1066 1845; x_wconf 89' lang='lat' dir='ltr'><strong>hoe</strong></span> <span class='ocrx_word' id='word_1_146' title='bbox 1075 1796 1155 1846; x_wconf 83' lang='lat' dir='ltr'><strong>leninr</strong></span> <span class='ocrx_word' id='word_1_147' title='bbox 1166 1796 1238 1845; x_wconf 81' lang='lat' dir='ltr'><strong>dixit.</strong></span> <span class='ocrx_word' id='word_1_148' title='bbox 1261 1797 1297 1845; x_wconf 91' lang='lat' dir='ltr'><strong>D.</strong></span> 
     </span>
     <span class='ocr_line' id='line_1_19' title="bbox 213 1860 1382 1925; baseline 0.001 -15"><span class='ocrx_word' id='word_1_149' title='bbox 213 1864 296 1910; x_wconf 71' lang='lat' dir='ltr'><strong>sidero.</strong></span> <span class='ocrx_word' id='word_1_150' title='bbox 324 1861 359 1909; x_wconf 89' lang='lat' dir='ltr'><strong>Et</strong></span> <span class='ocrx_word' id='word_1_151' title='bbox 369 1860 434 1918; x_wconf 83' lang='lat' dir='ltr'><strong>ride,</strong></span> <span class='ocrx_word' id='word_1_152' title='bbox 445 1860 535 1909; x_wconf 82' lang='lat' dir='ltr'><strong>amoris</strong></span> <span class='ocrx_word' id='word_1_153' title='bbox 551 1860 671 1925; x_wconf 76' lang='lat' dir='ltr'><strong>impulsat</strong></span> <span class='ocrx_word' id='word_1_154' title='bbox 687 1860 779 1909; x_wconf 73' lang='lat' dir='ltr'><strong>nimius</strong></span> <span class='ocrx_word' id='word_1_155' title='bbox 843 1862 883 1909; x_wconf 81' lang='grc'><strong>45.</strong></span> <span class='ocrx_word' id='word_1_156' title='bbox 895 1863 983 1911; x_wconf 77' lang='lat' dir='ltr'><strong>Matris</strong></span> <span class='ocrx_word' id='word_1_157' title='bbox 990 1860 1220 1925; x_wconf 71' lang='lat' dir='ltr'><strong>seroibomumodt&#39;r]</strong></span> <span class='ocrx_word' id='word_1_158' title='bbox 1234 1861 1295 1910; x_wconf 85' lang='lat' dir='ltr'><strong>Hoc</strong></span> <span class='ocrx_word' id='word_1_159' title='bbox 1305 1864 1382 1911; x_wconf 81' lang='lat' dir='ltr'><strong>verbo</strong></span> 
     </span>
     <span class='ocr_line' id='line_1_20' title="bbox 213 1924 1384 1990; baseline 0.004 -15"><span class='ocrx_word' id='word_1_160' title='bbox 213 1924 256 1975; x_wconf 87' lang='lat' dir='ltr'><strong>hic</strong></span> <span class='ocrx_word' id='word_1_161' title='bbox 273 1933 313 1975; x_wconf 79' lang='lat' dir='ltr'><strong>eet</strong></span> <span class='ocrx_word' id='word_1_162' title='bbox 331 1926 397 1975; x_wconf 80' lang='lat' dir='ltr'><strong>cirea</strong></span> <span class='ocrx_word' id='word_1_163' title='bbox 417 1940 532 1974; x_wconf 84' lang='lat' dir='ltr'><strong>uxorem:</strong></span> <span class='ocrx_word' id='word_1_164' title='bbox 549 1935 576 1973; x_wconf 85' lang='lat' dir='ltr'><strong>et</strong></span> <span class='ocrx_word' id='word_1_165' title='bbox 596 1924 666 1988; x_wconf 81' lang='lat' dir='ltr'><strong>qumi</strong></span> <span class='ocrx_word' id='word_1_166' title='bbox 688 1924 779 1974; x_wconf 83' lang='lat' dir='ltr'><strong>oblitus</strong></span> <span class='ocrx_word' id='word_1_167' title='bbox 811 1924 990 1984; x_wconf 81' lang='lat' dir='ltr'><strong>necessitatem,</strong></span> <span class='ocrx_word' id='word_1_168' title='bbox 1003 1940 1051 1990; x_wconf 87' lang='lat' dir='ltr'><strong>qua</strong></span> <span class='ocrx_word' id='word_1_169' title='bbox 1067 1926 1306 1989; x_wconf 64' lang='lat' dir='ltr'><strong>togatumostendit.</strong></span> <span class='ocrx_word' id='word_1_170' title='bbox 1332 1930 1384 1980; x_wconf 67' lang='lat' dir='ltr'><strong>Qu</strong></span> 
     </span>
     <span class='ocr_line' id='line_1_21' title="bbox 213 1988 1383 2055; baseline -0.001 -14"><span class='ocrx_word' id='word_1_171' title='bbox 213 2006 266 2041; x_wconf 72' lang='lat' dir='ltr'><strong>tna</strong></span> <span class='ocrx_word' id='word_1_172' title='bbox 281 1991 366 2040; x_wconf 75' lang='lat' dir='ltr'><strong>manis</strong></span> <span class='ocrx_word' id='word_1_173' title='bbox 382 1999 409 2039; x_wconf 79' lang='lat' dir='ltr'><strong>et</strong></span> <span class='ocrx_word' id='word_1_174' title='bbox 424 1990 523 2046; x_wconf 70' lang='lat' dir='ltr'><strong>vitiata,</strong></span> <span class='ocrx_word' id='word_1_175' title='bbox 534 1990 658 2053; x_wconf 70' lang='lat' dir='ltr'><strong>loquimar:</strong></span> <span class='ocrx_word' id='word_1_176' title='bbox 675 1990 720 2038; x_wconf 80' lang='lat' dir='ltr'><strong>sed</strong></span> <span class='ocrx_word' id='word_1_177' title='bbox 736 1988 778 2038; x_wconf 79' lang='lat' dir='ltr'><strong>tui</strong></span> <span class='ocrx_word' id='word_1_178' title='bbox 810 1988 894 2054; x_wconf 76' lang='lat' dir='ltr'><strong>abiet]</strong></span> <span class='ocrx_word' id='word_1_179' title='bbox 911 1991 1013 2039; x_wconf 84' lang='lat' dir='ltr'><strong>Factum</strong></span> <span class='ocrx_word' id='word_1_180' title='bbox 1026 1989 1148 2055; x_wconf 83' lang='lat' dir='ltr'><strong>Pamphili</strong></span> <span class='ocrx_word' id='word_1_181' title='bbox 1159 2006 1191 2039; x_wconf 84' lang='lat' dir='ltr'><strong>ex</strong></span> <span class='ocrx_word' id='word_1_182' title='bbox 1205 1990 1287 2055; x_wconf 82' lang='lat' dir='ltr'><strong>patria</strong></span> <span class='ocrx_word' id='word_1_183' title='bbox 1299 1992 1383 2040; x_wconf 75' lang='lat' dir='ltr'><strong>verbis</strong></span> 
     </span>
     <span class='ocr_line' id='line_1_22' title="bbox 213 2053 1383 2183; baseline 0 -78"><span class='ocrx_word' id='word_1_184' title='bbox 213 2070 277 2170; x_wconf 40' lang='grc' dir='ltr'><strong>εἴ</strong></span> <span class='ocrx_word' id='word_1_185' title='bbox 287 2066 329 2169; x_wconf 55' lang='lat' dir='ltr'><strong>epp</strong></span> <span class='ocrx_word' id='word_1_186' title='bbox 334 2054 463 2120; x_wconf 85' lang='lat' dir='ltr'><strong>Pamphilo</strong></span> <span class='ocrx_word' id='word_1_187' title='bbox 473 2054 505 2130; x_wconf 75' lang='lat' dir='ltr'><strong>ad</strong></span> <span class='ocrx_word' id='word_1_188' title='bbox 513 2053 637 2169; x_wconf 48' lang='lat' dir='ltr'><strong>dudum</strong></span> <span class='ocrx_word' id='word_1_189' title='bbox 647 2070 778 2183; x_wconf 57' lang='grc' dir='ltr'><strong>Ἣη-</strong></span> <span class='ocrx_word' id='word_1_190' title='bbox 809 2054 954 2169; x_wconf 57' lang='lat' dir='ltr'><strong>plsppnditur,</strong></span> <span class='ocrx_word' id='word_1_191' title='bbox 967 2056 1032 2119; x_wconf 88' lang='lat' dir='ltr'><strong>quod</strong></span> <span class='ocrx_word' id='word_1_192' title='bbox 1043 2055 1169 2169; x_wconf 41' lang='lat' dir='ltr'><strong>ditexit:</strong></span> <span class='ocrx_word' id='word_1_193' title='bbox 1188 2056 1306 2170; x_wconf 51' lang='grc' dir='ltr'><strong>4ῑέξὲεᾶ</strong></span> <span class='ocrx_word' id='word_1_194' title='bbox 1323 2072 1383 2105; x_wconf 79' lang='lat' dir='ltr'><strong>narn</strong></span> 
     </span>
     <span class='ocr_line' id='line_1_23' title="bbox 267 2134 1382 2183; baseline 0.002 -14"><span class='ocrx_word' id='word_1_195' title='bbox 267 2156 274 2179; x_wconf 94' lang='lat'><strong>,</strong></span> <span class='ocrx_word' id='word_1_196' title='bbox 328 2136 374 2169; x_wconf 86' lang='lat' dir='ltr'><strong>nec</strong></span> <span class='ocrx_word' id='word_1_197' title='bbox 395 2134 513 2183; x_wconf 79' lang='lat' dir='ltr'><strong>pervenre</strong></span> <span class='ocrx_word' id='word_1_198' title='bbox 597 2136 693 2169; x_wconf 73' lang='lat' dir='ltr'><strong>earm</strong></span> <span class='ocrx_word' id='word_1_199' title='bbox 755 2138 777 2179; x_wconf 80' lang='grc' dir='ltr'><strong>ν,</strong></span> <span class='ocrx_word' id='word_1_200' title='bbox 860 2134 912 2169; x_wconf 83' lang='lat' dir='ltr'><strong>nur</strong></span> <span class='ocrx_word' id='word_1_201' title='bbox 945 2134 1048 2169; x_wconf 75' lang='lat' dir='ltr'><strong>retente</strong></span> <span class='ocrx_word' id='word_1_202' title='bbox 1151 2136 1212 2169; x_wconf 83' lang='lat' dir='ltr'><strong>resrs</strong></span> <span class='ocrx_word' id='word_1_203' title='bbox 1307 2137 1382 2171; x_wconf 82' lang='lat' dir='ltr'><strong>urum</strong></span> 
     </span>
     <span class='ocr_line' id='line_1_24' title="bbox 214 2136 1097 2248; baseline -0.002 -13"><span class='ocrx_word' id='word_1_204' title='bbox 214 2185 241 2235; x_wconf 89' lang='lat' dir='ltr'><strong>iu</strong></span> <span class='ocrx_word' id='word_1_205' title='bbox 252 2201 301 2248; x_wconf 85' lang='lat' dir='ltr'><strong>qua</strong></span> <span class='ocrx_word' id='word_1_206' title='bbox 311 2200 413 2234; x_wconf 86' lang='lat' dir='ltr'><strong>uxorem</strong></span> <span class='ocrx_word' id='word_1_207' title='bbox 423 2183 509 2233; x_wconf 79' lang='lat' dir='ltr'><strong>reduci</strong></span> <span class='ocrx_word' id='word_1_208' title='bbox 519 2200 620 2233; x_wconf 77' lang='lat' dir='ltr'><strong>necesse</strong></span> <span class='ocrx_word' id='word_1_209' title='bbox 631 2194 676 2234; x_wconf 83' lang='lat' dir='ltr'><strong>est.</strong></span> <span class='ocrx_word' id='word_1_210' title='bbox 699 2185 732 2233; x_wconf 94' lang='lat' dir='ltr'><strong>D.</strong></span> <span class='ocrx_word' id='word_1_211' title='bbox 808 2184 863 2233; x_wconf 86' lang='lat' dir='ltr'><strong>l&#39;uit.</strong></span> <span class='ocrx_word' id='word_1_212' title='bbox 888 2184 918 2233; x_wconf 93' lang='lat' dir='ltr'><strong>D.</strong></span> <span class='ocrx_word' id='word_1_213' title='bbox 927 2136 944 2185; x_wconf 67' lang='lat' dir='ltr'>P</span> <span class='ocrx_word' id='word_1_214' title='bbox 1065 2136 1097 2185; x_wconf 53' lang='grc' dir='ltr'>μ</span> 
     </span>
     <span class='ocr_line' id='line_1_25' title="bbox 212 2248 1383 2315; baseline 0.001 -16"><span class='ocrx_word' id='word_1_215' title='bbox 212 2280 216 2286; x_wconf 68' lang='grc'><em>»</em></span> <span class='ocrx_word' id='word_1_216' title='bbox 247 2252 287 2300; x_wconf 75' lang='lat'><strong>³9.</strong></span> <span class='ocrx_word' id='word_1_217' title='bbox 299 2248 442 2312; x_wconf 74' lang='lat' dir='ltr'><strong>Nansm&#39;m</strong></span> <span class='ocrx_word' id='word_1_218' title='bbox 450 2266 507 2313; x_wconf 75' lang='lat' dir='ltr'><strong>erge</strong></span> <span class='ocrx_word' id='word_1_219' title='bbox 515 2248 563 2313; x_wconf 71' lang='lat' dir='ltr'><strong>ne]</strong></span> <span class='ocrx_word' id='word_1_220' title='bbox 576 2250 701 2305; x_wconf 79' lang='lat' dir='ltr'><strong>eruntum</strong></span> <span class='ocrx_word' id='word_1_221' title='bbox 712 2248 778 2297; x_wconf 85' lang='lat' dir='ltr'><strong>valet</strong></span> <span class='ocrx_word' id='word_1_222' title='bbox 841 2250 881 2297; x_wconf 88' lang='grc'><strong>46.</strong></span> <span class='ocrx_word' id='word_1_223' title='bbox 894 2252 973 2309; x_wconf 80' lang='lat' dir='ltr'><strong>Mane,</strong></span> <span class='ocrx_word' id='word_1_224' title='bbox 984 2253 1093 2313; x_wconf 75' lang='lat' dir='ltr'><strong>inquom:</strong></span> <span class='ocrx_word' id='word_1_225' title='bbox 1104 2248 1241 2313; x_wconf 73' lang='lat' dir='ltr'><strong>quantist]</strong></span> <span class='ocrx_word' id='word_1_226' title='bbox 1254 2250 1328 2300; x_wconf 68' lang='lat' dir='ltr'><strong>Bne</strong></span> <span class='ocrx_word' id='word_1_227' title='bbox 1337 2270 1383 2315; x_wconf 73' lang='lat' dir='ltr'><strong>qao</strong></span> 
     </span>
     <span class='ocr_line' id='line_1_26' title="bbox 212 2314 1382 2379; baseline 0 -15"><span class='ocrx_word' id='word_1_228' title='bbox 212 2314 280 2379; x_wconf 82' lang='lat' dir='ltr'><strong>quod</strong></span> <span class='ocrx_word' id='word_1_229' title='bbox 292 2314 369 2377; x_wconf 72' lang='lat' dir='ltr'><strong>satore</strong></span> <span class='ocrx_word' id='word_1_230' title='bbox 385 2314 456 2373; x_wconf 83' lang='lat' dir='ltr'><strong>dixit,</strong></span> <span class='ocrx_word' id='word_1_231' title='bbox 473 2322 499 2363; x_wconf 87' lang='lat' dir='ltr'><strong>et</strong></span> <span class='ocrx_word' id='word_1_232' title='bbox 517 2330 568 2363; x_wconf 90' lang='lat' dir='ltr'><strong>non</strong></span> <span class='ocrx_word' id='word_1_233' title='bbox 582 2318 647 2363; x_wconf 74' lang='lat' dir='ltr'><strong>aaut</strong></span> <span class='ocrx_word' id='word_1_234' title='bbox 663 2314 733 2376; x_wconf 80' lang='lat' dir='ltr'><strong>quasi</strong></span> <span class='ocrx_word' id='word_1_235' title='bbox 748 2328 777 2362; x_wconf 88' lang='lat' dir='ltr'><strong>re</strong></span> <span class='ocrx_word' id='word_1_236' title='bbox 808 2316 876 2363; x_wconf 80' lang='lat' dir='ltr'><strong>abts.-</strong></span> <span class='ocrx_word' id='word_1_237' title='bbox 887 2314 945 2377; x_wconf 85' lang='lat' dir='ltr'><strong>quia</strong></span> <span class='ocrx_word' id='word_1_238' title='bbox 956 2314 1184 2379; x_wconf 80' lang='lat' dir='ltr'><strong>patremdeseriret</strong></span> <span class='ocrx_word' id='word_1_239' title='bbox 1194 2330 1308 2365; x_wconf 82' lang='lat' dir='ltr'><strong>uxorem.</strong></span> <span class='ocrx_word' id='word_1_240' title='bbox 1324 2316 1382 2370; x_wconf 78' lang='lat' dir='ltr'><strong>Qu</strong></span> 
     </span>
     <span class='ocr_line' id='line_1_27' title="bbox 212 2377 1381 2443; baseline 0 -14"><span class='ocrx_word' id='word_1_241' title='bbox 212 2390 343 2429; x_wconf 66' lang='lat' dir='ltr'><strong>nanneto.</strong></span> <span class='ocrx_word' id='word_1_242' title='bbox 365 2377 491 2443; x_wconf 70' lang='grc' dir='ltr'><strong>Ετμιι]</strong></span> <span class='ocrx_word' id='word_1_243' title='bbox 505 2378 561 2427; x_wconf 83' lang='grc' dir='ltr'><strong>Ηοο</strong></span> <span class='ocrx_word' id='word_1_244' title='bbox 571 2378 776 2443; x_wconf 83' lang='lat' dir='ltr'><strong>totumrepudia-</strong></span> <span class='ocrx_word' id='word_1_245' title='bbox 808 2382 857 2427; x_wconf 74' lang='lat' dir='ltr'><strong>boc</strong></span> <span class='ocrx_word' id='word_1_246' title='bbox 873 2386 909 2428; x_wconf 78' lang='lat' dir='ltr'><strong>eat</strong></span> <span class='ocrx_word' id='word_1_247' title='bbox 928 2378 1093 2443; x_wconf 64' lang='lat' dir='ltr'><strong>pertimesci]</strong></span> <span class='ocrx_word' id='word_1_248' title='bbox 1117 2378 1186 2429; x_wconf 86' lang='lat' dir='ltr'><strong>Sicut</strong></span> <span class='ocrx_word' id='word_1_249' title='bbox 1204 2379 1291 2429; x_wconf 89' lang='lat' dir='ltr'><strong>decuit</strong></span> <span class='ocrx_word' id='word_1_250' title='bbox 1311 2396 1381 2431; x_wconf 80' lang='lat' dir='ltr'><strong>soee-</strong></span> 
     </span>
     <span class='ocr_line' id='line_1_28' title="bbox 213 2442 1382 2508; baseline 0 -13"><span class='ocrx_word' id='word_1_251' title='bbox 213 2454 284 2495; x_wconf 84' lang='lat' dir='ltr'><strong>turus</strong></span> <span class='ocrx_word' id='word_1_252' title='bbox 299 2444 407 2493; x_wconf 88' lang='lat' dir='ltr'><strong>inaniter</strong></span> <span class='ocrx_word' id='word_1_253' title='bbox 417 2444 516 2502; x_wconf 85' lang='lat' dir='ltr'><strong>diceret,</strong></span> <span class='ocrx_word' id='word_1_254' title='bbox 528 2443 577 2493; x_wconf 83' lang='lat' dir='ltr'><strong>nisi</strong></span> <span class='ocrx_word' id='word_1_255' title='bbox 587 2442 620 2493; x_wconf 81' lang='lat' dir='ltr'><strong>ad</strong></span> <span class='ocrx_word' id='word_1_256' title='bbox 630 2442 725 2492; x_wconf 86' lang='lat' dir='ltr'><strong>exitum</strong></span> <span class='ocrx_word' id='word_1_257' title='bbox 740 2442 776 2492; x_wconf 84' lang='lat' dir='ltr'><strong>fa-</strong></span> <span class='ocrx_word' id='word_1_258' title='bbox 809 2458 878 2493; x_wconf 89' lang='lat' dir='ltr'><strong>rum:</strong></span> <span class='ocrx_word' id='word_1_259' title='bbox 897 2452 922 2491; x_wconf 87' lang='lat' dir='ltr'><strong>et</strong></span> <span class='ocrx_word' id='word_1_260' title='bbox 939 2444 1134 2507; x_wconf 79' lang='lat' dir='ltr'><strong>subindignatur,</strong></span> <span class='ocrx_word' id='word_1_261' title='bbox 1151 2444 1209 2508; x_wconf 87' lang='lat' dir='ltr'><strong>quia</strong></span> <span class='ocrx_word' id='word_1_262' title='bbox 1225 2460 1314 2495; x_wconf 78' lang='lat' dir='ltr'><strong>coram</strong></span> <span class='ocrx_word' id='word_1_263' title='bbox 1333 2447 1382 2495; x_wconf 74' lang='lat' dir='ltr'><strong>sibi</strong></span> 
     </span>
     <span class='ocr_line' id='line_1_29' title="bbox 213 2507 1059 2574; baseline -0.001 -16"><span class='ocrx_word' id='word_1_264' title='bbox 213 2509 278 2559; x_wconf 73' lang='lat' dir='ltr'><strong>bula</strong></span> <span class='ocrx_word' id='word_1_265' title='bbox 292 2519 365 2574; x_wconf 82' lang='lat' dir='ltr'><strong>poeta</strong></span> <span class='ocrx_word' id='word_1_266' title='bbox 380 2508 522 2573; x_wconf 81' lang='lat' dir='ltr'><strong>respiciens,</strong></span> <span class='ocrx_word' id='word_1_267' title='bbox 533 2507 658 2557; x_wconf 86' lang='lat' dir='ltr'><strong>reducturi</strong></span> <span class='ocrx_word' id='word_1_268' title='bbox 668 2508 778 2556; x_wconf 82' lang='lat' dir='ltr'><strong>animum</strong></span> <span class='ocrx_word' id='word_1_269' title='bbox 810 2508 839 2557; x_wconf 81' lang='lat' dir='ltr'><strong>fit</strong></span> <span class='ocrx_word' id='word_1_270' title='bbox 849 2508 1004 2557; x_wconf 87' lang='lat' dir='ltr'><strong>contumelia.</strong></span> <span class='ocrx_word' id='word_1_271' title='bbox 1027 2508 1059 2557; x_wconf 89' lang='lat' dir='ltr'><strong>D.</strong></span> 
     </span>
     <span class='ocr_line' id='line_1_30' title="bbox 213 2570 1380 2638; baseline 0.002 -16"><span class='ocrx_word' id='word_1_272' title='bbox 213 2573 241 2622; x_wconf 90' lang='lat' dir='ltr'><strong>in</strong></span> <span class='ocrx_word' id='word_1_273' title='bbox 254 2574 381 2638; x_wconf 83' lang='lat' dir='ltr'><strong>Pamphilo</strong></span> <span class='ocrx_word' id='word_1_274' title='bbox 392 2582 535 2623; x_wconf 84' lang='lat' dir='ltr'><strong>reservaret.</strong></span> <span class='ocrx_word' id='word_1_275' title='bbox 557 2573 592 2621; x_wconf 84' lang='lat' dir='ltr'><strong>Et</strong></span> <span class='ocrx_word' id='word_1_276' title='bbox 602 2582 661 2621; x_wconf 84' lang='lat' dir='ltr'><strong>nota</strong></span> <span class='ocrx_word' id='word_1_277' title='bbox 677 2572 777 2637; x_wconf 84' lang='lat' dir='ltr'><strong>repudi-</strong></span> <span class='ocrx_word' id='word_1_278' title='bbox 843 2573 882 2625; x_wconf 88' lang='grc'><strong>47.</strong></span> <span class='ocrx_word' id='word_1_279' title='bbox 903 2576 997 2631; x_wconf 69' lang='lat' dir='ltr'><strong>Dixtin,</strong></span> <span class='ocrx_word' id='word_1_280' title='bbox 1016 2570 1143 2637; x_wconf 71' lang='lat' dir='ltr'><strong>Phidippa]</strong></span> <span class='ocrx_word' id='word_1_281' title='bbox 1165 2572 1311 2623; x_wconf 80' lang='lat' dir='ltr'><strong>Artificioae</strong></span> <span class='ocrx_word' id='word_1_282' title='bbox 1332 2574 1380 2624; x_wconf 66' lang='lat' dir='ltr'><strong>Ia·</strong></span> 
     </span>
     <span class='ocr_line' id='line_1_31' title="bbox 213 2636 1382 2703; baseline 0 -14"><span class='ocrx_word' id='word_1_283' title='bbox 213 2647 297 2689; x_wconf 76' lang='lat' dir='ltr'><strong>antam</strong></span> <span class='ocrx_word' id='word_1_284' title='bbox 319 2654 380 2697; x_wconf 86' lang='lat' dir='ltr'><strong>eam,</strong></span> <span class='ocrx_word' id='word_1_285' title='bbox 402 2653 476 2701; x_wconf 81' lang='lat' dir='ltr'><strong>quarn</strong></span> <span class='ocrx_word' id='word_1_286' title='bbox 501 2638 592 2697; x_wconf 75' lang='lat' dir='ltr'><strong>laudm,</strong></span> <span class='ocrx_word' id='word_1_287' title='bbox 611 2636 705 2701; x_wconf 83' lang='lat' dir='ltr'><strong>pietate</strong></span> <span class='ocrx_word' id='word_1_288' title='bbox 726 2636 779 2687; x_wconf 75' lang='lat' dir='ltr'><strong>mla</strong></span> <span class='ocrx_word' id='word_1_289' title='bbox 810 2638 875 2696; x_wconf 82' lang='lat' dir='ltr'><strong>cher,</strong></span> <span class='ocrx_word' id='word_1_290' title='bbox 887 2646 915 2687; x_wconf 88' lang='lat' dir='ltr'><strong>ut</strong></span> <span class='ocrx_word' id='word_1_291' title='bbox 925 2638 1007 2687; x_wconf 87' lang='lat' dir='ltr'><strong>minus</strong></span> <span class='ocrx_word' id='word_1_292' title='bbox 1018 2638 1127 2694; x_wconf 84' lang='lat' dir='ltr'><strong>miretur,</strong></span> <span class='ocrx_word' id='word_1_293' title='bbox 1138 2646 1163 2687; x_wconf 88' lang='lat' dir='ltr'><strong>et</strong></span> <span class='ocrx_word' id='word_1_294' title='bbox 1173 2638 1255 2688; x_wconf 82' lang='lat' dir='ltr'><strong>minus</strong></span> <span class='ocrx_word' id='word_1_295' title='bbox 1263 2638 1382 2703; x_wconf 71' lang='lat' dir='ltr'><strong>indigne·</strong></span> 
     </span>
     <span class='ocr_line' id='line_1_32' title="bbox 213 2701 1382 2767; baseline 0.001 -15"><span class='ocrx_word' id='word_1_296' title='bbox 213 2702 374 2767; x_wconf 79' lang='lat' dir='ltr'><strong>compnlrum.</strong></span> <span class='ocrx_word' id='word_1_297' title='bbox 399 2702 430 2751; x_wconf 88' lang='lat' dir='ltr'><strong>D.</strong></span> <span class='ocrx_word' id='word_1_298' title='bbox 810 2710 851 2751; x_wconf 86' lang='lat' dir='ltr'><strong>tur</strong></span> <span class='ocrx_word' id='word_1_299' title='bbox 862 2718 937 2761; x_wconf 81' lang='lat' dir='ltr'><strong>socer,</strong></span> <span class='ocrx_word' id='word_1_300' title='bbox 949 2701 1022 2752; x_wconf 84' lang='lat' dir='ltr'><strong>irasci</strong></span> <span class='ocrx_word' id='word_1_301' title='bbox 1030 2702 1185 2767; x_wconf 84' lang='lat' dir='ltr'><strong>Pamphilum</strong></span> <span class='ocrx_word' id='word_1_302' title='bbox 1193 2702 1267 2752; x_wconf 84' lang='lat' dir='ltr'><strong>dicit:</strong></span> <span class='ocrx_word' id='word_1_303' title='bbox 1280 2705 1382 2767; x_wconf 79' lang='lat' dir='ltr'><strong>quando</strong></span> 
     </span>
     <span class='ocr_line' id='line_1_33' title="bbox 246 2766 1381 2832; baseline 0.002 -16"><span class='ocrx_word' id='word_1_304' title='bbox 246 2770 287 2816; x_wconf 88' lang='grc'><strong>40.</strong></span> <span class='ocrx_word' id='word_1_305' title='bbox 303 2770 335 2817; x_wconf 84' lang='lat' dir='ltr'><strong>Ut</strong></span> <span class='ocrx_word' id='word_1_306' title='bbox 344 2766 640 2831; x_wconf 72' lang='lat' dir='ltr'><strong>raliquamoitmxigot]</strong></span> <span class='ocrx_word' id='word_1_307' title='bbox 658 2766 723 2816; x_wconf 85' lang='lat' dir='ltr'><strong>Satis</strong></span> <span class='ocrx_word' id='word_1_308' title='bbox 734 2766 775 2815; x_wconf 89' lang='lat' dir='ltr'><strong>fle·</strong></span> <span class='ocrx_word' id='word_1_309' title='bbox 811 2776 836 2816; x_wconf 90' lang='lat' dir='ltr'><strong>et</strong></span> <span class='ocrx_word' id='word_1_310' title='bbox 852 2766 996 2832; x_wconf 82' lang='lat' dir='ltr'><strong>praedictnnr</strong></span> <span class='ocrx_word' id='word_1_311' title='bbox 1012 2776 1055 2826; x_wconf 86' lang='lat' dir='ltr'><strong>est,</strong></span> <span class='ocrx_word' id='word_1_312' title='bbox 1068 2778 1093 2817; x_wconf 88' lang='lat' dir='ltr'><strong>et</strong></span> <span class='ocrx_word' id='word_1_313' title='bbox 1109 2766 1145 2817; x_wconf 83' lang='lat' dir='ltr'><strong>ric</strong></span> <span class='ocrx_word' id='word_1_314' title='bbox 1161 2768 1278 2832; x_wconf 87' lang='lat' dir='ltr'><strong>oportuit.</strong></span> <span class='ocrx_word' id='word_1_315' title='bbox 1309 2772 1381 2818; x_wconf 68' lang='lat' dir='ltr'><strong>Dra*-</strong></span> 
     </span>
     <span class='ocr_line' id='line_1_34' title="bbox 212 2830 1383 2895; baseline 0.001 -13"><span class='ocrx_word' id='word_1_316' title='bbox 212 2831 296 2882; x_wconf 88' lang='lat' dir='ltr'><strong>biliter</strong></span> <span class='ocrx_word' id='word_1_317' title='bbox 318 2831 434 2895; x_wconf 68' lang='lat' dir='ltr'><strong>(fideliter</strong></span> <span class='ocrx_word' id='word_1_318' title='bbox 453 2832 502 2880; x_wconf 78' lang='lat' dir='ltr'><strong>Ma.</strong></span> <span class='ocrx_word' id='word_1_319' title='bbox 519 2830 559 2893; x_wconf 90' lang='lat' dir='ltr'><strong>B.)</strong></span> <span class='ocrx_word' id='word_1_320' title='bbox 577 2832 648 2891; x_wconf 82' lang='lat' dir='ltr'><strong>dixit,</strong></span> <span class='ocrx_word' id='word_1_321' title='bbox 667 2835 779 2895; x_wconf 68' lang='lat' dir='ltr'><strong>reliquum</strong></span> <span class='ocrx_word' id='word_1_322' title='bbox 810 2849 846 2891; x_wconf 81' lang='lat' dir='ltr'><strong>ne,</strong></span> <span class='ocrx_word' id='word_1_323' title='bbox 858 2834 979 2895; x_wconf 76' lang='lat' dir='ltr'><strong>Phidippo,</strong></span> <span class='ocrx_word' id='word_1_324' title='bbox 996 2835 1055 2881; x_wconf 82' lang='lat' dir='ltr'><strong>hanc</strong></span> <span class='ocrx_word' id='word_1_325' title='bbox 1069 2849 1117 2881; x_wconf 82' lang='lat' dir='ltr'><strong>rem</strong></span> <span class='ocrx_word' id='word_1_326' title='bbox 1134 2849 1194 2895; x_wconf 77' lang='lat' dir='ltr'><strong>oegre</strong></span> <span class='ocrx_word' id='word_1_327' title='bbox 1211 2835 1317 2882; x_wconf 63' lang='lat' dir='ltr'><strong>hurum</strong></span> <span class='ocrx_word' id='word_1_328' title='bbox 1333 2851 1383 2883; x_wconf 73' lang='lat' dir='ltr'><strong>eser</strong></span> 
     </span>
     <span class='ocr_line' id='line_1_35' title="bbox 213 2895 1381 2963; baseline 0 -16"><span class='ocrx_word' id='word_1_329' title='bbox 213 2902 300 2961; x_wconf 67' lang='lat' dir='ltr'><strong>exigat.</strong></span> <span class='ocrx_word' id='word_1_330' title='bbox 330 2897 399 2961; x_wconf 76' lang='lat' dir='ltr'><strong>Virg.</strong></span> <span class='ocrx_word' id='word_1_331' title='bbox 416 2895 501 2945; x_wconf 85' lang='lat' dir='ltr'><strong>AEn.i.</strong></span> <span class='ocrx_word' id='word_1_332' title='bbox 521 2896 560 2947; x_wconf 84' lang='grc'><strong>78.</strong></span> <span class='ocrx_word' id='word_1_333' title='bbox 575 2904 779 2955; x_wconf 67' lang='lat' dir='ltr'><strong>muttum,</strong></span> <span class='ocrx_word' id='word_1_334' title='bbox 811 2896 892 2960; x_wconf 71' lang='lat' dir='ltr'><strong>eamr]</strong></span> <span class='ocrx_word' id='word_1_335' title='bbox 916 2896 1055 2947; x_wconf 81' lang='lat' dir='ltr'><strong>Renovavit</strong></span> <span class='ocrx_word' id='word_1_336' title='bbox 1072 2898 1146 2946; x_wconf 81' lang='lat' dir='ltr'><strong>verba</strong></span> <span class='ocrx_word' id='word_1_337' title='bbox 1162 2912 1207 2945; x_wconf 84' lang='lat' dir='ltr'><strong>sua</strong></span> <span class='ocrx_word' id='word_1_338' title='bbox 1223 2896 1307 2947; x_wconf 84' lang='lat' dir='ltr'><strong>eidem</strong></span> <span class='ocrx_word' id='word_1_339' title='bbox 1323 2915 1381 2963; x_wconf 90' lang='lat' dir='ltr'><strong>per-</strong></span> 
     </span>
     <span class='ocr_line' id='line_1_36' title="bbox 214 2960 1382 3025; baseline -0.001 -12"><span class='ocrx_word' id='word_1_340' title='bbox 214 2965 541 3025; x_wconf 55' lang='lat' dir='ltr'><strong>matemautensem</strong></span> <span class='ocrx_word' id='word_1_341' title='bbox 550 2963 647 3024; x_wconf 76' lang='lat' dir='ltr'><strong>Erigat.</strong></span> <span class='ocrx_word' id='word_1_342' title='bbox 671 2960 702 3009; x_wconf 89' lang='lat' dir='ltr'><strong>D.</strong></span> <span class='ocrx_word' id='word_1_343' title='bbox 769 2994 773 3001; x_wconf 87' lang='lat'>-</span> <span class='ocrx_word' id='word_1_344' title='bbox 812 2977 885 3011; x_wconf 82' lang='lat' dir='ltr'><strong>sonae.</strong></span> <span class='ocrx_word' id='word_1_345' title='bbox 913 2962 977 3011; x_wconf 88' lang='lat' dir='ltr'><strong>Nam</strong></span> <span class='ocrx_word' id='word_1_346' title='bbox 993 2962 1028 3011; x_wconf 87' lang='lat' dir='ltr'><strong>ita</strong></span> <span class='ocrx_word' id='word_1_347' title='bbox 1047 2962 1150 3021; x_wconf 78' lang='lat' dir='ltr'><strong>dixerat,</strong></span> <span class='ocrx_word' id='word_1_348' title='bbox 1170 2964 1253 3024; x_wconf 77' lang='lat' dir='ltr'><strong>Neque</strong></span> <span class='ocrx_word' id='word_1_349' title='bbox 1270 2966 1332 3011; x_wconf 77' lang='lat' dir='ltr'><strong>adeo</strong></span> <span class='ocrx_word' id='word_1_350' title='bbox 1348 2982 1382 3013; x_wconf 70' lang='lat' dir='ltr'><strong>ae</strong></span> 
     </span>
     <span class='ocr_line' id='line_1_37' title="bbox 247 3024 1382 3091; baseline 0.001 -15"><span class='ocrx_word' id='word_1_351' title='bbox 247 3030 287 3077; x_wconf 82' lang='lat'><strong>41.</strong></span> <span class='ocrx_word' id='word_1_352' title='bbox 301 3030 358 3076; x_wconf 65' lang='lat' dir='ltr'><strong>ditm</strong></span> <span class='ocrx_word' id='word_1_353' title='bbox 374 3044 400 3076; x_wconf 80' lang='lat' dir='ltr'><strong>aa</strong></span> <span class='ocrx_word' id='word_1_354' title='bbox 416 3025 478 3089; x_wconf 77' lang='lat' dir='ltr'><strong>viro]</strong></span> <span class='ocrx_word' id='word_1_355' title='bbox 500 3026 558 3075; x_wconf 90' lang='lat' dir='ltr'><strong>Non</strong></span> <span class='ocrx_word' id='word_1_356' title='bbox 576 3024 653 3090; x_wconf 72' lang='lat' dir='ltr'><strong>(aaut)</strong></span> <span class='ocrx_word' id='word_1_357' title='bbox 669 3025 780 3075; x_wconf 83' lang='lat' dir='ltr'><strong>inridere</strong></span> <span class='ocrx_word' id='word_1_358' title='bbox 812 3030 872 3075; x_wconf 81' lang='lat' dir='ltr'><strong>clam</strong></span> <span class='ocrx_word' id='word_1_359' title='bbox 888 3036 930 3085; x_wconf 77' lang='lat' dir='ltr'><strong>ert,</strong></span> <span class='ocrx_word' id='word_1_360' title='bbox 941 3044 1009 3091; x_wconf 79' lang='lat' dir='ltr'><strong>quam</strong></span> <span class='ocrx_word' id='word_1_361' title='bbox 1025 3044 1073 3075; x_wconf 80' lang='lat' dir='ltr'><strong>etse</strong></span> <span class='ocrx_word' id='word_1_362' title='bbox 1089 3044 1139 3077; x_wconf 80' lang='lat' dir='ltr'><strong>euos</strong></span> <span class='ocrx_word' id='word_1_363' title='bbox 1153 3031 1258 3089; x_wconf 76' lang='lat' dir='ltr'><strong>grwiter</strong></span> <span class='ocrx_word' id='word_1_364' title='bbox 1276 3030 1382 3077; x_wconf 69' lang='lat' dir='ltr'><strong>taram</strong></span> 
     </span>
     <span class='ocr_line' id='line_1_38' title="bbox 211 3090 1382 3155; baseline 0 -14"><span class='ocrx_word' id='word_1_365' title='bbox 211 3093 264 3155; x_wconf 81' lang='lat' dir='ltr'><strong>jam</strong></span> <span class='ocrx_word' id='word_1_366' title='bbox 275 3107 325 3141; x_wconf 88' lang='lat' dir='ltr'><strong>non</strong></span> <span class='ocrx_word' id='word_1_367' title='bbox 336 3102 375 3141; x_wconf 79' lang='lat' dir='ltr'><strong>est</strong></span> <span class='ocrx_word' id='word_1_368' title='bbox 385 3091 474 3139; x_wconf 77' lang='lat' dir='ltr'><strong>mariti</strong></span> <span class='ocrx_word' id='word_1_369' title='bbox 496 3091 528 3139; x_wconf 91' lang='lat' dir='ltr'><strong>D.</strong></span> <span class='ocrx_word' id='word_1_370' title='bbox 812 3094 911 3150; x_wconf 62' lang='lat' dir='ltr'><strong>credatu,</strong></span> <span class='ocrx_word' id='word_1_371' title='bbox 923 3094 963 3140; x_wconf 84' lang='lat' dir='ltr'><strong>boe</strong></span> <span class='ocrx_word' id='word_1_372' title='bbox 974 3094 1129 3141; x_wconf 66' lang='lat' dir='ltr'><strong>sinoncort.</strong></span> <span class='ocrx_word' id='word_1_373' title='bbox 1150 3090 1309 3151; x_wconf 71' lang='lat' dir='ltr'><strong>D.-Dt&#39;sin’,</strong></span> <span class='ocrx_word' id='word_1_374' title='bbox 1326 3092 1382 3141; x_wconf 76' lang='lat' dir='ltr'><strong>Pst-</strong></span> 
     </span>
     <span class='ocr_line' id='line_1_39' title="bbox 247 3158 1380 3231; baseline 0.002 -26"><span class='ocrx_word' id='word_1_375' title='bbox 247 3158 287 3205; x_wconf 76' lang='lat'><strong>42</strong></span> <span class='ocrx_word' id='word_1_376' title='bbox 297 3158 779 3218; x_wconf 69' lang='lat' dir='ltr'><strong>Qamdoqat&#39;deerilloaramedittrabitne-</strong></span> <span class='ocrx_word' id='word_1_377' title='bbox 812 3158 888 3218; x_wconf 80' lang='lat' dir='ltr'><strong>dippe,</strong></span> <span class='ocrx_word' id='word_1_378' title='bbox 900 3160 959 3205; x_wconf 83' lang='lat' dir='ltr'><strong>bona</strong></span> <span class='ocrx_word' id='word_1_379' title='bbox 973 3174 1021 3206; x_wconf 78' lang='lat' dir='ltr'><strong>rem</strong></span> <span class='ocrx_word' id='word_1_380' title='bbox 1037 3173 1097 3231; x_wconf 66' lang='lat' dir='ltr'><strong>egre</strong></span> <span class='ocrx_word' id='word_1_381' title='bbox 1114 3159 1215 3205; x_wconf 71' lang='lat' dir='ltr'><strong>arma</strong></span> <span class='ocrx_word' id='word_1_382' title='bbox 1227 3173 1276 3205; x_wconf 78' lang='lat' dir='ltr'><strong>este</strong></span> <span class='ocrx_word' id='word_1_383' title='bbox 1295 3158 1380 3221; x_wconf 68' lang='lat' dir='ltr'><strong>aaut]</strong></span> 
     </span>
     <span class='ocr_line' id='line_1_40' title="bbox 212 3220 1381 3287; baseline 0.001 -16"><span class='ocrx_word' id='word_1_384' title='bbox 212 3220 321 3284; x_wconf 70' lang='lat' dir='ltr'><strong>maritat]</strong></span> <span class='ocrx_word' id='word_1_385' title='bbox 333 3220 421 3269; x_wconf 83' lang='lat' dir='ltr'><strong>Omnis</strong></span> <span class='ocrx_word' id='word_1_386' title='bbox 431 3220 556 3269; x_wconf 78' lang='lat' dir='ltr'><strong>conclusio</strong></span> <span class='ocrx_word' id='word_1_387' title='bbox 566 3221 694 3269; x_wconf 85' lang='lat' dir='ltr'><strong>verborum</strong></span> <span class='ocrx_word' id='word_1_388' title='bbox 706 3221 779 3269; x_wconf 83' lang='lat' dir='ltr'><strong>Pam·</strong></span> <span class='ocrx_word' id='word_1_389' title='bbox 813 3220 854 3269; x_wconf 85' lang='lat' dir='ltr'><strong>Sic</strong></span> <span class='ocrx_word' id='word_1_390' title='bbox 870 3220 936 3269; x_wconf 89' lang='lat' dir='ltr'><strong>enim</strong></span> <span class='ocrx_word' id='word_1_391' title='bbox 954 3236 1028 3287; x_wconf 85' lang='lat' dir='ltr'><strong>supra</strong></span> <span class='ocrx_word' id='word_1_392' title='bbox 1044 3221 1148 3279; x_wconf 82' lang='lat' dir='ltr'><strong>drxerat,</strong></span> <span class='ocrx_word' id='word_1_393' title='bbox 1159 3222 1241 3283; x_wconf 74' lang='lat' dir='ltr'><strong>Neque</strong></span> <span class='ocrx_word' id='word_1_394' title='bbox 1251 3224 1312 3271; x_wconf 76' lang='lat' dir='ltr'><strong>adeo</strong></span> <span class='ocrx_word' id='word_1_395' title='bbox 1322 3226 1381 3272; x_wconf 74' lang='lat' dir='ltr'><strong>clo·</strong></span> 
     </span>
     <span class='ocr_line' id='line_1_41' title="bbox 214 3283 1380 3351; baseline 0.003 -18"><span class='ocrx_word' id='word_1_396' title='bbox 214 3285 284 3351; x_wconf 89' lang='lat' dir='ltr'><strong>phili,</strong></span> <span class='ocrx_word' id='word_1_397' title='bbox 307 3284 404 3349; x_wconf 81' lang='lat' dir='ltr'><strong>repudii</strong></span> <span class='ocrx_word' id='word_1_398' title='bbox 422 3283 631 3333; x_wconf 85' lang='lat' dir='ltr'><strong>confirmationem</strong></span> <span class='ocrx_word' id='word_1_399' title='bbox 652 3286 778 3334; x_wconf 84' lang='lat' dir='ltr'><strong>continet:</strong></span> <span class='ocrx_word' id='word_1_400' title='bbox 811 3302 846 3334; x_wconf 82' lang='lat' dir='ltr'><strong>me</strong></span> <span class='ocrx_word' id='word_1_401' title='bbox 856 3294 898 3343; x_wconf 77' lang='lat' dir='ltr'><strong>est,</strong></span> <span class='ocrx_word' id='word_1_402' title='bbox 907 3302 975 3349; x_wconf 76' lang='lat' dir='ltr'><strong>quam</strong></span> <span class='ocrx_word' id='word_1_403' title='bbox 982 3302 1030 3335; x_wconf 77' lang='lat' dir='ltr'><strong>esra</strong></span> <span class='ocrx_word' id='word_1_404' title='bbox 1041 3302 1091 3335; x_wconf 80' lang='lat' dir='ltr'><strong>eum</strong></span> <span class='ocrx_word' id='word_1_405' title='bbox 1099 3288 1204 3350; x_wconf 60' lang='lat' dir='ltr'><strong>panitas</strong></span> <span class='ocrx_word' id='word_1_406' title='bbox 1215 3288 1321 3335; x_wconf 68' lang='lat' dir='ltr'><strong>laem</strong></span> <span class='ocrx_word' id='word_1_407' title='bbox 1330 3305 1380 3337; x_wconf 79' lang='lat' dir='ltr'><strong>cre-</strong></span> 
     </span>
     <span class='ocr_line' id='line_1_42' title="bbox 213 3349 922 3415; baseline 0 -16"><span class='ocrx_word' id='word_1_408' title='bbox 213 3351 271 3415; x_wconf 85' lang='lat' dir='ltr'><strong>plus</strong></span> <span class='ocrx_word' id='word_1_409' title='bbox 288 3359 370 3399; x_wconf 68' lang='lat' dir='ltr'><strong>umen</strong></span> <span class='ocrx_word' id='word_1_410' title='bbox 386 3350 510 3398; x_wconf 82' lang='lat' dir='ltr'><strong>sententia</strong></span> <span class='ocrx_word' id='word_1_411' title='bbox 528 3349 689 3412; x_wconf 77' lang='lat' dir='ltr'><strong>significante,</strong></span> <span class='ocrx_word' id='word_1_412' title='bbox 706 3365 779 3413; x_wconf 85' lang='lat' dir='ltr'><strong>quarn</strong></span> <span class='ocrx_word' id='word_1_413' title='bbox 811 3352 872 3399; x_wconf 83' lang='lat' dir='ltr'><strong>dam.</strong></span> <span class='ocrx_word' id='word_1_414' title='bbox 892 3350 922 3399; x_wconf 77' lang='lat' dir='ltr'><strong>F..</strong></span> 
     </span>
     <span class='ocr_line' id='line_1_43' title="bbox 215 3415 1379 3477; baseline -0.001 -13"><span class='ocrx_word' id='word_1_415' title='bbox 215 3415 304 3465; x_wconf 81' lang='lat' dir='ltr'><strong>verbis.</strong></span> <span class='ocrx_word' id='word_1_416' title='bbox 323 3416 606 3477; x_wconf 52' lang='lat' dir='ltr'><strong>manutentum</strong></span> <span class='ocrx_word' id='word_1_417' title='bbox 617 3431 652 3463; x_wconf 76' lang='lat' dir='ltr'><strong>are</strong></span> <span class='ocrx_word' id='word_1_418' title='bbox 668 3417 779 3463; x_wconf 75' lang='lat' dir='ltr'><strong>distrahit</strong></span> <span class='ocrx_word' id='word_1_419' title='bbox 842 3417 882 3463; x_wconf 83' lang='grc'><strong>48.</strong></span> <span class='ocrx_word' id='word_1_420' title='bbox 894 3417 1043 3468; x_wconf 80' lang='lat' dir='ltr'><strong>Quamobrem</strong></span> <span class='ocrx_word' id='word_1_421' title='bbox 1059 3421 1082 3463; x_wconf 81' lang='lat' dir='ltr'><strong>te</strong></span> <span class='ocrx_word' id='word_1_422' title='bbox 1098 3418 1199 3473; x_wconf 69' lang='lat' dir='ltr'><strong>mabam,</strong></span> <span class='ocrx_word' id='word_1_423' title='bbox 1214 3423 1241 3463; x_wconf 79' lang='lat' dir='ltr'><strong>at</strong></span> <span class='ocrx_word' id='word_1_424' title='bbox 1251 3418 1379 3477; x_wconf 67' lang='lat' dir='ltr'><strong>filiun·</strong></span> 
     </span>
     <span class='ocr_line' id='line_1_44' title="bbox 214 3478 1380 3547; baseline -0.001 -17"><span class='ocrx_word' id='word_1_425' title='bbox 214 3478 351 3542; x_wconf 61' lang='lat' dir='ltr'><strong>aarum]</strong></span> <span class='ocrx_word' id='word_1_426' title='bbox 371 3478 505 3527; x_wconf 72' lang='lat' dir='ltr'><strong>Excursatio</strong></span> <span class='ocrx_word' id='word_1_427' title='bbox 515 3478 542 3526; x_wconf 90' lang='lat' dir='ltr'><strong>in</strong></span> <span class='ocrx_word' id='word_1_428' title='bbox 559 3478 712 3538; x_wconf 75' lang='lat' dir='ltr'><strong>necomitate,</strong></span> <span class='ocrx_word' id='word_1_429' title='bbox 724 3495 779 3543; x_wconf 75' lang='lat' dir='ltr'><strong>que</strong></span> <span class='ocrx_word' id='word_1_430' title='bbox 809 3480 925 3544; x_wconf 70' lang='lat' dir='ltr'><strong>cultores]</strong></span> <span class='ocrx_word' id='word_1_431' title='bbox 945 3478 1208 3545; x_wconf 80' lang='lat' dir='ltr'><strong>Invidioseadvaraum</strong></span> <span class='ocrx_word' id='word_1_432' title='bbox 1218 3480 1380 3547; x_wconf 82' lang='lat' dir='ltr'><strong>Phidippmn,</strong></span> 
     </span>
     <span class='ocr_line' id='line_1_45' title="bbox 215 3543 1380 3618; baseline 0.001 -24"><span class='ocrx_word' id='word_1_433' title='bbox 215 3554 254 3595; x_wconf 83' lang='lat' dir='ltr'><strong>ert</strong></span> <span class='ocrx_word' id='word_1_434' title='bbox 264 3543 428 3593; x_wconf 79' lang='lat' dir='ltr'><strong>inexorabilis.</strong></span> <span class='ocrx_word' id='word_1_435' title='bbox 449 3544 484 3591; x_wconf 85' lang='lat' dir='ltr'><strong>Et</strong></span> <span class='ocrx_word' id='word_1_436' title='bbox 494 3547 624 3601; x_wconf 65' lang='lat' dir='ltr'><strong>mneritas,</strong></span> <span class='ocrx_word' id='word_1_437' title='bbox 635 3544 777 3618; x_wconf 72' lang='lat' dir='ltr'><strong>permessi-</strong></span> <span class='ocrx_word' id='word_1_438' title='bbox 811 3554 926 3608; x_wconf 84' lang='lat' dir='ltr'><strong>tanquam</strong></span> <span class='ocrx_word' id='word_1_439' title='bbox 938 3545 964 3593; x_wconf 91' lang='lat' dir='ltr'><strong>in</strong></span> <span class='ocrx_word' id='word_1_440' title='bbox 975 3543 1140 3603; x_wconf 66' lang='lat' dir='ltr'><strong>illositunde</strong></span> <span class='ocrx_word' id='word_1_441' title='bbox 1152 3560 1178 3593; x_wconf 84' lang='lat' dir='ltr'><strong>se</strong></span> <span class='ocrx_word' id='word_1_442' title='bbox 1205 3556 1320 3608; x_wconf 55' lang='lat' dir='ltr'><strong>urgebat</strong></span> <span class='ocrx_word' id='word_1_443' title='bbox 1332 3562 1380 3595; x_wconf 89' lang='lat' dir='ltr'><strong>non</strong></span> 
     </span>
     <span class='ocr_line' id='line_1_46' title="bbox 215 3608 1380 3673; baseline 0.001 -14"><span class='ocrx_word' id='word_1_444' title='bbox 215 3610 281 3666; x_wconf 85' lang='lat' dir='ltr'><strong>licet,</strong></span> <span class='ocrx_word' id='word_1_445' title='bbox 298 3624 371 3673; x_wconf 88' lang='lat' dir='ltr'><strong>quarn</strong></span> <span class='ocrx_word' id='word_1_446' title='bbox 388 3608 558 3657; x_wconf 76' lang='lat' dir='ltr'><strong>necessitatem</strong></span> <span class='ocrx_word' id='word_1_447' title='bbox 576 3608 643 3656; x_wconf 85' lang='lat' dir='ltr'><strong>donn</strong></span> <span class='ocrx_word' id='word_1_448' title='bbox 661 3608 778 3658; x_wconf 83' lang='lat' dir='ltr'><strong>offendit:</strong></span> <span class='ocrx_word' id='word_1_449' title='bbox 810 3620 908 3659; x_wconf 83' lang='lat' dir='ltr'><strong>accuset</strong></span> <span class='ocrx_word' id='word_1_450' title='bbox 920 3610 979 3658; x_wconf 87' lang='lat' dir='ltr'><strong>Pam</strong></span> <span class='ocrx_word' id='word_1_451' title='bbox 997 3608 1083 3659; x_wconf 90' lang='lat' dir='ltr'><strong>hilum.</strong></span> <span class='ocrx_word' id='word_1_452' title='bbox 1107 3610 1173 3658; x_wconf 91' lang='lat' dir='ltr'><strong>D.-</strong></span> <span class='ocrx_word' id='word_1_453' title='bbox 1199 3609 1330 3661; x_wconf 79' lang='lat' dir='ltr'><strong>tevitetur</strong></span> <span class='ocrx_word' id='word_1_454' title='bbox 1341 3628 1380 3660; x_wconf 82' lang='lat' dir='ltr'><strong>aa·</strong></span> 
     </span>
     <span class='ocr_line' id='line_1_47' title="bbox 215 3625 1379 3740; baseline 0 -15"><span class='ocrx_word' id='word_1_455' title='bbox 215 3674 282 3740; x_wconf 83' lang='lat' dir='ltr'><strong>quod</strong></span> <span class='ocrx_word' id='word_1_456' title='bbox 299 3690 331 3723; x_wconf 85' lang='lat' dir='ltr'><strong>ex</strong></span> <span class='ocrx_word' id='word_1_457' title='bbox 347 3673 395 3722; x_wconf 84' lang='lat' dir='ltr'><strong>alio</strong></span> <span class='ocrx_word' id='word_1_458' title='bbox 412 3672 506 3723; x_wconf 79' lang='lat' dir='ltr'><strong>scilieet</strong></span> <span class='ocrx_word' id='word_1_459' title='bbox 521 3672 624 3737; x_wconf 84' lang='lat' dir='ltr'><strong>peperit.</strong></span> <span class='ocrx_word' id='word_1_460' title='bbox 648 3673 697 3721; x_wconf 87' lang='lat' dir='ltr'><strong>Sed</strong></span> <span class='ocrx_word' id='word_1_461' title='bbox 707 3674 779 3723; x_wconf 87' lang='lat' dir='ltr'><strong>modo</strong></span> <span class='ocrx_word' id='word_1_462' title='bbox 811 3674 941 3723; x_wconf 75' lang='lat' dir='ltr'><strong>centraria</strong></span> <span class='ocrx_word' id='word_1_463' title='bbox 961 3625 1047 3722; x_wconf 72' lang='lat' dir='ltr'><strong>ullium</strong></span> <span class='ocrx_word' id='word_1_464' title='bbox 1063 3675 1107 3723; x_wconf 78' lang='grc' dir='ltr'><strong>τοῦ</strong></span> <span class='ocrx_word' id='word_1_465' title='bbox 1119 3677 1204 3736; x_wconf 66' lang='lat' dir='ltr'><strong>filictia,</strong></span> <span class='ocrx_word' id='word_1_466' title='bbox 1215 3690 1274 3724; x_wconf 86' lang='lat' dir='ltr'><strong>cunr</strong></span> <span class='ocrx_word' id='word_1_467' title='bbox 1293 3676 1379 3725; x_wconf 87' lang='lat' dir='ltr'><strong>Beurb.</strong></span> 
     </span>
     <span class='ocr_line' id='line_1_48' title="bbox 215 3738 1191 3802; baseline -0.002 -13"><span class='ocrx_word' id='word_1_468' title='bbox 215 3740 270 3790; x_wconf 82' lang='lat' dir='ltr'><strong>vult</strong></span> <span class='ocrx_word' id='word_1_469' title='bbox 287 3738 466 3796; x_wconf 73' lang='lat' dir='ltr'><strong>necessitatem,</strong></span> <span class='ocrx_word' id='word_1_470' title='bbox 485 3738 570 3787; x_wconf 84' lang='lat' dir='ltr'><strong>matris</strong></span> <span class='ocrx_word' id='word_1_471' title='bbox 586 3738 665 3786; x_wconf 84' lang='lat' dir='ltr'><strong>rideri</strong></span> <span class='ocrx_word' id='word_1_472' title='bbox 681 3738 778 3787; x_wconf 72' lang='lat' dir='ltr'><strong>iracun</strong></span> <span class='ocrx_word' id='word_1_473' title='bbox 810 3742 1138 3802; x_wconf 74' lang='lat' dir='ltr'><strong>poueflltamutremttterer.</strong></span> <span class='ocrx_word' id='word_1_474' title='bbox 1162 3738 1191 3792; x_wconf 85' lang='grc' dir='ltr'><strong>Β.</strong></span> 
     </span>
     <span class='ocr_line' id='line_1_49' title="bbox 216 3802 1380 3871; baseline 0.001 -17"><span class='ocrx_word' id='word_1_475' title='bbox 216 3806 282 3855; x_wconf 76' lang='lat' dir='ltr'><strong>diurn</strong></span> <span class='ocrx_word' id='word_1_476' title='bbox 299 3802 434 3868; x_wconf 62' lang='lat' dir='ltr'><strong>(inierim)</strong></span> <span class='ocrx_word' id='word_1_477' title='bbox 449 3818 504 3866; x_wconf 75' lang='lat' dir='ltr'><strong>que</strong></span> <span class='ocrx_word' id='word_1_478' title='bbox 521 3818 537 3852; x_wconf 89' lang='lat' dir='ltr'><strong>a</strong></span> <span class='ocrx_word' id='word_1_479' title='bbox 555 3817 620 3851; x_wconf 89' lang='lat' dir='ltr'><strong>nuru</strong></span> <span class='ocrx_word' id='word_1_480' title='bbox 635 3802 671 3851; x_wconf 82' lang='lat' dir='ltr'><strong>ita</strong></span> <span class='ocrx_word' id='word_1_481' title='bbox 687 3802 780 3852; x_wconf 80' lang='lat' dir='ltr'><strong>offensa</strong></span> <span class='ocrx_word' id='word_1_482' title='bbox 844 3806 883 3853; x_wconf 87' lang='grc'><strong>49.</strong></span> <span class='ocrx_word' id='word_1_483' title='bbox 893 3807 959 3853; x_wconf 84' lang='lat' dir='ltr'><strong>Adeo</strong></span> <span class='ocrx_word' id='word_1_484' title='bbox 975 3806 1120 3853; x_wconf 73' lang='lat' dir='ltr'><strong>inhumanum</strong></span> <span class='ocrx_word' id='word_1_485' title='bbox 1132 3802 1200 3871; x_wconf 77' lang='lat' dir='ltr'><strong>fors]</strong></span> <span class='ocrx_word' id='word_1_486' title='bbox 1222 3802 1302 3863; x_wconf 84' lang='lat' dir='ltr'><strong>Bene,</strong></span> <span class='ocrx_word' id='word_1_487' title='bbox 1312 3805 1380 3869; x_wconf 75' lang='lat' dir='ltr'><strong>quasi</strong></span> 
     </span>
     <span class='ocr_line' id='line_1_50' title="bbox 215 3867 1379 3931; baseline 0 -12"><span class='ocrx_word' id='word_1_488' title='bbox 215 3870 255 3920; x_wconf 78' lang='lat' dir='ltr'><strong>sit.</strong></span> <span class='ocrx_word' id='word_1_489' title='bbox 280 3869 312 3918; x_wconf 89' lang='lat' dir='ltr'><strong>D.</strong></span> <span class='ocrx_word' id='word_1_490' title='bbox 811 3867 1233 3931; x_wconf 80' lang='lat' dir='ltr'><strong>iratua,inhumanu1nesseinquit.</strong></span> <span class='ocrx_word' id='word_1_491' title='bbox 1259 3870 1316 3919; x_wconf 71' lang='lat' dir='ltr'><strong>Non</strong></span> <span class='ocrx_word' id='word_1_492' title='bbox 1330 3888 1379 3919; x_wconf 78' lang='lat' dir='ltr'><strong>ere·</strong></span> 
     </span>
     <span class='ocr_line' id='line_1_51' title="bbox 247 3929 1378 3996; baseline 0.001 -12"><span class='ocrx_word' id='word_1_493' title='bbox 247 3937 288 3984; x_wconf 77' lang='grc'><strong>43.</strong></span> <span class='ocrx_word' id='word_1_494' title='bbox 303 3936 356 3982; x_wconf 73' lang='grc' dir='ltr'><strong>Ίῖὸι·</strong></span> <span class='ocrx_word' id='word_1_495' title='bbox 371 3936 397 3981; x_wconf 76' lang='lat' dir='ltr'><strong>td</strong></span> <span class='ocrx_word' id='word_1_496' title='bbox 413 3936 439 3981; x_wconf 78' lang='lat' dir='ltr'><strong>br</strong></span> <span class='ocrx_word' id='word_1_497' title='bbox 454 3950 523 3981; x_wconf 78' lang='lat' dir='ltr'><strong>manu</strong></span> <span class='ocrx_word' id='word_1_498' title='bbox 540 3940 582 3990; x_wconf 76' lang='lat' dir='ltr'><strong>eet,</strong></span> <span class='ocrx_word' id='word_1_499' title='bbox 600 3949 628 3981; x_wconf 77' lang='lat' dir='ltr'><strong>aa</strong></span> <span class='ocrx_word' id='word_1_500' title='bbox 639 3929 699 3995; x_wconf 74' lang='lat' dir='ltr'><strong>flet]</strong></span> <span class='ocrx_word' id='word_1_501' title='bbox 724 3932 780 3983; x_wconf 86' lang='lat' dir='ltr'><strong>Hoc</strong></span> <span class='ocrx_word' id='word_1_502' title='bbox 812 3935 864 3981; x_wconf 79' lang='lat' dir='ltr'><strong>didi</strong></span> <span class='ocrx_word' id='word_1_503' title='bbox 874 3936 962 3995; x_wconf 81' lang='lat' dir='ltr'><strong>aedepot</strong></span> <span class='ocrx_word' id='word_1_504' title='bbox 969 3930 1038 3996; x_wconf 82' lang='lat' dir='ltr'><strong>adeo]</strong></span> <span class='ocrx_word' id='word_1_505' title='bbox 1051 3933 1135 3981; x_wconf 88' lang='lat' dir='ltr'><strong>Potuit</strong></span> <span class='ocrx_word' id='word_1_506' title='bbox 1143 3932 1210 3981; x_wconf 86' lang='lat' dir='ltr'><strong>enirn</strong></span> <span class='ocrx_word' id='word_1_507' title='bbox 1222 3933 1314 3995; x_wconf 66' lang='lat' dir='ltr'><strong>nlicere,</strong></span> <span class='ocrx_word' id='word_1_508' title='bbox 1328 3938 1378 3985; x_wconf 77' lang='lat' dir='ltr'><strong>Non</strong></span> 
     </span>
    </p>
   </div>
   <div class='ocr_carea' id='block_1_4' title="bbox 214 3995 1377 4127">
    <p class='ocr_par' dir='ltr' id='par_1_4' title="bbox 214 3995 1377 4127">
     <span class='ocr_line' id='line_1_52' title="bbox 215 3995 1377 4113; baseline 0.003 -67"><span class='ocrx_word' id='word_1_509' title='bbox 215 3998 337 4113; x_wconf 72' lang='lat' dir='ltr'><strong>opposuit,</strong></span> <span class='ocrx_word' id='word_1_510' title='bbox 360 3998 425 4061; x_wconf 84' lang='lat' dir='ltr'><strong>quod</strong></span> <span class='ocrx_word' id='word_1_511' title='bbox 443 3997 544 4045; x_wconf 86' lang='lat' dir='ltr'><strong>minime</strong></span> <span class='ocrx_word' id='word_1_512' title='bbox 562 3997 615 4045; x_wconf 85' lang='lat' dir='ltr'><strong>vult</strong></span> <span class='ocrx_word' id='word_1_513' title='bbox 638 3996 781 4061; x_wconf 85' lang='lat' dir='ltr'><strong>Pamphilus</strong></span> <span class='ocrx_word' id='word_1_514' title='bbox 812 4000 902 4073; x_wconf 67' lang='lat' dir='ltr'><strong>credidi</strong></span> <span class='ocrx_word' id='word_1_515' title='bbox 912 4001 1058 4047; x_wconf 70' lang='lat' dir='ltr'><strong>inhumanam</strong></span> <span class='ocrx_word' id='word_1_516' title='bbox 1066 3995 1137 4060; x_wconf 82' lang='lat' dir='ltr'><strong>sore.-</strong></span> <span class='ocrx_word' id='word_1_517' title='bbox 1153 3998 1198 4047; x_wconf 82' lang='lat' dir='ltr'><strong>sed</strong></span> <span class='ocrx_word' id='word_1_518' title='bbox 1209 4000 1299 4048; x_wconf 82' lang='lat' dir='ltr'><strong>acerbe</strong></span> <span class='ocrx_word' id='word_1_519' title='bbox 1310 4000 1377 4049; x_wconf 84' lang='lat' dir='ltr'><strong>addi-</strong></span> 
     </span>
     <span class='ocr_line' id='line_1_53' title="bbox 214 4062 979 4127; baseline -0.005 -12"><span class='ocrx_word' id='word_1_520' title='bbox 214 4066 240 4115; x_wconf 79' lang='lat' dir='ltr'><strong>vi</strong></span> <span class='ocrx_word' id='word_1_521' title='bbox 257 4064 339 4122; x_wconf 71' lang='lat' dir='ltr'><strong>eriet</strong></span> <span class='ocrx_word' id='word_1_522' title='bbox 359 4064 424 4126; x_wconf 87' lang='lat' dir='ltr'><strong>quod</strong></span> <span class='ocrx_word' id='word_1_523' title='bbox 438 4062 537 4127; x_wconf 81' lang='lat' dir='ltr'><strong>prodeat</strong></span> <span class='ocrx_word' id='word_1_524' title='bbox 554 4077 645 4111; x_wconf 80' lang='lat' dir='ltr'><strong>socero.</strong></span> <span class='ocrx_word' id='word_1_525' title='bbox 668 4064 695 4110; x_wconf 77' lang='lat' dir='ltr'><strong>st</strong></span> <span class='ocrx_word' id='word_1_526' title='bbox 712 4080 781 4111; x_wconf 77' lang='lat' dir='ltr'><strong>raam</strong></span> <span class='ocrx_word' id='word_1_527' title='bbox 813 4062 923 4111; x_wconf 76' lang='lat' dir='ltr'><strong>drtadea.</strong></span> <span class='ocrx_word' id='word_1_528' title='bbox 948 4062 979 4111; x_wconf 90' lang='lat' dir='ltr'><strong>D.</strong></span> 
     </span>
    </p>
   </div>
   <div class='ocr_carea' id='block_1_5' title="bbox 212 4124 1377 4453">
    <p class='ocr_par' dir='ltr' id='par_1_5' title="bbox 212 4124 1377 4453">
     <span class='ocr_line' id='line_1_54' title="bbox 214 4124 1376 4266; baseline 0 -23"><span class='ocrx_word' id='word_1_529' title='bbox 214 4125 780 4266; x_wconf 56' lang='lat' dir='ltr'><strong>mimihill.⁹ilil⁸“l“i.iss</strong></span> <span class='ocrx_word' id='word_1_530' title='bbox 812 4124 1376 4259; x_wconf 58' lang='lat' dir='ltr'><strong>..littt‘tnttnlthhtttt</strong></span> 
     </span>
     <span class='ocr_line' id='line_1_55' title="bbox 213 4255 1377 4331; baseline 0.002 -24"><span class='ocrx_word' id='word_1_531' title='bbox 213 4255 273 4318; x_wconf 73' lang='lat' dir='ltr'><strong>ries]</strong></span> <span class='ocrx_word' id='word_1_532' title='bbox 291 4257 359 4303; x_wconf 84' lang='lat' dir='ltr'><strong>Bene</strong></span> <span class='ocrx_word' id='word_1_533' title='bbox 375 4266 445 4320; x_wconf 85' lang='lat' dir='ltr'><strong>pater</strong></span> <span class='ocrx_word' id='word_1_534' title='bbox 455 4272 530 4331; x_wconf 81' lang='lat' dir='ltr'><strong>supra</strong></span> <span class='ocrx_word' id='word_1_535' title='bbox 541 4261 600 4304; x_wconf 66' lang='lat' dir='ltr'><strong>bam</strong></span> <span class='ocrx_word' id='word_1_536' title='bbox 616 4256 694 4304; x_wconf 75' lang='lat' dir='ltr'><strong>dixit:</strong></span> <span class='ocrx_word' id='word_1_537' title='bbox 712 4271 779 4305; x_wconf 85' lang='lat' dir='ltr'><strong>nunc</strong></span> <span class='ocrx_word' id='word_1_538' title='bbox 811 4272 917 4306; x_wconf 84' lang='lat' dir='ltr'><strong>nornen:</strong></span> <span class='ocrx_word' id='word_1_539' title='bbox 935 4267 969 4315; x_wconf 90' lang='lat' dir='ltr'><strong>ut,</strong></span> <span class='ocrx_word' id='word_1_540' title='bbox 989 4256 1057 4320; x_wconf 83' lang='lat' dir='ltr'><strong>Virg.</strong></span> <span class='ocrx_word' id='word_1_541' title='bbox 1074 4256 1126 4305; x_wconf 84' lang='lat' dir='ltr'><strong>Esl.</strong></span> <span class='ocrx_word' id='word_1_542' title='bbox 1143 4257 1179 4307; x_wconf 91' lang='lat' dir='ltr'><strong>iii.</strong></span> <span class='ocrx_word' id='word_1_543' title='bbox 1198 4260 1237 4306; x_wconf 80' lang='lat'><strong>25.</strong></span> <span class='ocrx_word' id='word_1_544' title='bbox 1259 4261 1377 4309; x_wconf 65' lang='lat' dir='ltr'><strong>cm</strong></span> 
     </span>
     <span class='ocr_line' id='line_1_56' title="bbox 212 4319 1375 4386; baseline 0.002 -15"><span class='ocrx_word' id='word_1_545' title='bbox 212 4324 327 4371; x_wconf 68' lang='lat' dir='ltr'><strong>mium</strong></span> <span class='ocrx_word' id='word_1_546' title='bbox 343 4319 465 4383; x_wconf 72' lang='lat' dir='ltr'><strong>significat</strong></span> <span class='ocrx_word' id='word_1_547' title='bbox 483 4336 564 4370; x_wconf 78' lang='lat' dir='ltr'><strong>rnease</strong></span> <span class='ocrx_word' id='word_1_548' title='bbox 582 4320 717 4385; x_wconf 85' lang='lat' dir='ltr'><strong>Pamphilo.</strong></span> <span class='ocrx_word' id='word_1_549' title='bbox 752 4324 779 4369; x_wconf 74' lang='lat' dir='ltr'><strong>St</strong></span> <span class='ocrx_word' id='word_1_550' title='bbox 811 4330 837 4371; x_wconf 77' lang='lat' dir='ltr'><strong>tu</strong></span> <span class='ocrx_word' id='word_1_551' title='bbox 857 4324 942 4371; x_wconf 75' lang='lat' dir='ltr'><strong>ittam?</strong></span> <span class='ocrx_word' id='word_1_552' title='bbox 967 4321 998 4370; x_wconf 89' lang='lat' dir='ltr'><strong>Id</strong></span> <span class='ocrx_word' id='word_1_553' title='bbox 1020 4332 1064 4380; x_wconf 88' lang='lat' dir='ltr'><strong>est,</strong></span> <span class='ocrx_word' id='word_1_554' title='bbox 1082 4337 1174 4386; x_wconf 79' lang='lat' dir='ltr'><strong>genero</strong></span> <span class='ocrx_word' id='word_1_555' title='bbox 1197 4338 1320 4383; x_wconf 82' lang='lat' dir='ltr'><strong>socerum,</strong></span> <span class='ocrx_word' id='word_1_556' title='bbox 1339 4324 1375 4372; x_wconf 83' lang='lat' dir='ltr'><strong>vel</strong></span> 
     </span>
     <span class='ocr_line' id='line_1_57' title="bbox 213 4382 1373 4453; baseline 0.002 -18"><span class='ocrx_word' id='word_1_557' title='bbox 213 4401 283 4435; x_wconf 70' lang='lat' dir='ltr'><strong>mur</strong></span> <span class='ocrx_word' id='word_1_558' title='bbox 301 4382 360 4446; x_wconf 74' lang='lat' dir='ltr'><strong>eles]</strong></span> <span class='ocrx_word' id='word_1_559' title='bbox 384 4384 441 4433; x_wconf 87' lang='lat' dir='ltr'><strong>Non</strong></span> <span class='ocrx_word' id='word_1_560' title='bbox 457 4400 516 4447; x_wconf 72' lang='lat' dir='ltr'><strong>ergo</strong></span> <span class='ocrx_word' id='word_1_561' title='bbox 537 4386 611 4451; x_wconf 85' lang='lat' dir='ltr'><strong>culpa</strong></span> <span class='ocrx_word' id='word_1_562' title='bbox 630 4394 675 4445; x_wconf 82' lang='lat' dir='ltr'><strong>est,</strong></span> <span class='ocrx_word' id='word_1_563' title='bbox 693 4384 735 4435; x_wconf 84' lang='lat' dir='ltr'><strong>cui</strong></span> <span class='ocrx_word' id='word_1_564' title='bbox 751 4395 779 4435; x_wconf 88' lang='lat' dir='ltr'><strong>ut</strong></span> <span class='ocrx_word' id='word_1_565' title='bbox 812 4386 941 4451; x_wconf 82' lang='lat' dir='ltr'><strong>Pamphilo</strong></span> <span class='ocrx_word' id='word_1_566' title='bbox 953 4385 1111 4453; x_wconf 86' lang='lat' dir='ltr'><strong>Phidippum,</strong></span> <span class='ocrx_word' id='word_1_567' title='bbox 1122 4386 1162 4437; x_wconf 85' lang='lat' dir='ltr'><strong>vel</strong></span> <span class='ocrx_word' id='word_1_568' title='bbox 1172 4387 1195 4437; x_wconf 80' lang='lat' dir='ltr'><strong>si</strong></span> <span class='ocrx_word' id='word_1_569' title='bbox 1206 4388 1267 4451; x_wconf 89' lang='lat' dir='ltr'><strong>quid</strong></span> <span class='ocrx_word' id='word_1_570' title='bbox 1279 4389 1327 4439; x_wconf 79' lang='lat' dir='ltr'><strong>tale</strong></span> <span class='ocrx_word' id='word_1_571' title='bbox 1338 4388 1373 4437; x_wconf 91' lang='lat' dir='ltr'><strong>in·</strong></span> 
     </span>
    </p>
   </div>
   <div class='ocr_carea' id='block_1_6' title="bbox 0 0 1422 4759">
    <p class='ocr_par' dir='ltr' id='par_1_6' title="bbox 0 0 1422 4759">
     <span class='ocr_line' id='line_1_58' title="bbox 0 0 1422 4759; baseline 0 1"><span class='ocrx_word' id='word_1_572' title='bbox 0 0 1422 4759; x_wconf 95' lang='lat' dir='ltr'><strong> </strong></span> 
     </span>
    </p>
   </div>
  </div>
 </body>
</html>
