2834 4759
223 162 289 228 432
662 159 940 227 TERENTII
1196 161 1312 246 [torus
1325 182 1362 226 tv.

267 295 378 361 Nolim
395 308 585 363 caetersrnm
599 318 709 362 rerum
723 306 756 360 te
771 296 941 361 socordem
954 295 1070 363 eodem
1084 296 1190 363 modo.

268 394 364 459 Bono
378 396 483 460 animo
497 419 545 473 es,
561 396 662 461 duces
682 418 818 459 uxorem
832 394 927 461 hunc.
963 395 1040 461 AEs.
1057 394 1162 461 Hem!
1202 394 1268 461 Mt.
1284 394 1365 459 Bono

331 494 438 559 animo
452 516 499 571 es,
515 496 656 580 inquam.
695 493 771 558 AEs.
789 492 899 572 Peter,

268 590 429 669 Obsecro,
445 614 510 657 non
524 592 611 657 ludis
625 604 663 657 tu
678 614 764 657 nunc
778 594 851 655 mel
888 590 953 657 Mt.
975 592 1050 677 Ego
1066 604 1098 658 te
1112 592 1123 657 l
1146 593 1365 677 quemobreml

331 681 405 755 Ἐς.
427 690 570 755 Nescio:

266 791 353 865 Quis
367 802 433 856 tam
447 792 562 856 misere
577 790 640 855 hoc
654 812 727 855 esse
743 791 840 875 cupio
854 812 976 865 verum,
990 812 1030 854 eo
1044 811 1159 854 vereor
1172 790 1289 874 magis.

224 901 255 949 ⁶⁵
268 891 331 957 Mt.
349 891 416 956 Abi
436 892 578 969 domum,
596 913 634 955 nc
655 890 748 955 Deos
763 910 980 973 comprecare,
1001 898 1038 953 ut
1059 909 1194 953 uxorem
1216 906 1367 951 arcessas:

332 990 396 1053 abi.

267 1089 343 1154 AEs.
368 1090 480 1163 Quid?
499 1091 566 1175 jum
589 1092 746 1155 uxorem?
784 1088 848 1154 Mt.
870 1087 956 1153 Jam.
994 1086 1184 1153 AEs.Jamt
1224 1086 1368 1152 Metam

332 1200 488 1273 quantum
501 1200 606 1273 potes.
645 1188 722 1253 AEs.
739 1188 785 1253 Di
801 1209 862 1265 me,
878 1198 982 1272 puter,

268 1286 392 1353 Omnes
407 1288 545 1361 oderint,
561 1288 594 1352 ni
608 1288 710 1372 magis
727 1298 770 1365 te,
788 1308 884 1371 quem
899 1284 1009 1351 oculos
1025 1308 1109 1351 nunc
1125 1308 1197 1349 amo
1213 1306 1314 1350 meos.

268 1386 331 1450 Mt.
360 1386 474 1460 Quint
508 1408 605 1470 qnam
633 1383 741 1450 illem?
790 1384 863 1449 AEs.
890 1383 1013 1469 AEque.
1063 1384 1126 1449 Mt.
1158 1382 1366 1467 Perbenigne.

332 1484 406 1549 AEs.
424 1485 538 1558 Quidt
560 1484 613 1550 ille
628 1484 685 1549 ubi
699 1495 751 1549 est
766 1481 937 1549 Milesius?

223 1654 256 1699 iri
275 1654 395 1699 deducturus
414 1648 535 1713 denunt]
558 1649 618 1698 'Ari
639 1652 683 1698 τοῦ
704 1650 785 1699 ἄλλον
816 1652 854 1699 Ne
866 1652 922 1713 quid
932 1652 1015 1698 m'mis:
1032 1649 1079 1697 hoc
1091 1648 1156 1698 enim
1164 1649 1315 1762 putentqui
1326 1647 1367 1695 tit·

251 1814 258 1828 .
817 1780 946 1827 Librorum
964 1780 1116 1843 quorundam
1133 1714 1368 1843 Nbixgiuldtoriiiii
1412 1840 1413 1847 ἵ

256 1846 295 1892 61.
307 1846 385 1893 Nolim
396 1852 529 1893 coeterarurrt
540 1862 615 1893 rerum
626 1853 649 1893 te
656 1844 782 1907 socordem]
816 1860 920 1894 versum.
944 1844 1098 1907 Ejiciendum
1110 1860 1169 1957 εις)
1181 1856 1220 1894 est
1231 1848 1294 1909 quic.
1314 1842 1366 1889 Vide
1412 1872 1413 1881 η

224 1714 346 1829 gerhoo.
387 1715 462 1774 Ordo,
486 1717 608 1764 deductum
633 1719 665 1763 iri
687 1718 782 1763 domm
817 1725 881 1763 tutes
897 1714 1077 1763 mediocritates
1092 1718 1147 1763 'esse

224 1910 304 1966 Quam
320 1908 381 1958 nihil
397 1908 526 1973 imperiose
537 1925 566 1957 cc
581 1924 626 1974 pro
639 1910 784 1959 auctoritate
816 1924 861 1958 nos
873 1910 904 1957 sd
915 1910 979 1957 And.
992 1909 1024 1958 ir.
1039 1910 1059 1957 l.
1072 1911 1110 1959 ³9.

223 1974 305 2039 petrin
326 1974 369 2022 titl
404 1976 491 2032 Nolim,
514 1974 602 2037 inquit,
626 1982 647 2023 te
671 1978 784 2024 socordem
849 1976 887 2023 66.
910 1976 955 2022 Ati
977 1977 1073 2031 domurn,
1091 1992 1119 2023 ac
1140 1977 1202 2023 Deos
1223 1968 1367 2036 mprecon]

223 2048 358 2088 catanus·
375 2056 451 2088 rerunt
468 2056 531 2089 esse:
548 2055 598 2088 non
616 2039 686 2099 dixit,
703 2056 732 2088 ne
751 2044 784 2088 ss's
817 2039 924 2103 Magnus
941 2038 1038 2088 institor
1058 2040 1095 2088 sni
1113 2039 1229 2088 beneficii
1245 2038 1368 2101 estquis

223 2122 303 2153 socors.
330 2105 361 2152 D.
817 2105 873 2153 Diis
884 2104 1016 2168 petendum
1028 2120 1081 2153 esse
1092 2104 1162 2162 dixit,
1171 2104 1240 2179 quod
1251 2104 1304 2169 ipse
1314 2116 1366 2166 prse

256 2171 295 2219 62.
307 2172 372 2218 Bono
382 2172 457 2217 usluto
470 2167 507 2231 es]
525 2169 548 2217 A
566 2179 635 2234 paret
650 2168 718 2217 flenti
730 2169 783 2217 haec
815 2170 901 2218 stabit:
920 2184 951 2217 nn
967 2168 1023 2218 ideo
1038 2169 1094 2232 quis
1105 2168 1198 2217 ordinis
1210 2169 1299 2227 fueret,
1310 2166 1368 2231 print

223 2233 289 2283 dicte
305 2234 387 2283 omniu
403 2250 464 2282 etse.
498 2234 532 2282 Et
549 2184 597 2283 loc
613 2234 696 2284 decuit
713 2250 782 2283 vere·
816 2251 866 2284 rem
878 2234 987 2283 divinam
998 2234 1085 2293 lacere,
1097 2246 1122 2283 et
1133 2234 1167 2283 tic
1180 2250 1286 2283 uxorem
1297 2246 1367 2303 ποιεῖ

222 2300 330 2348 cundum
352 2298 537 2357 adolescentem,
560 2310 586 2347 et
608 2315 640 2347 ex
660 2298 686 2347 vi
708 2309 783 2348 tantm
815 2301 887 2348 sere?
905 2298 940 2347 Et
955 2300 1018 2348 bene
1032 2299 1165 2364 repetitum
1181 2312 1222 2348 est
1237 2302 1293 2347 abt.-
1309 2309 1367 2359 quest

223 2363 348 2422 orationis,
360 2374 385 2412 et
396 2374 463 2413 metu
474 2364 615 2413 emittendos
625 2364 721 2428 puellis.
750 2364 784 2413 Et
815 2364 917 2413 horrenti
933 2363 1100 2426 morentique:
1119 2374 1154 2420 ut,
1175 2366 1222 2413 Vos
1237 2368 1303 2413 ister
1317 2366 1368 2408 s'stro
1413 2410 1414 2417 χ

223 2446 255 2488 et,
271 2430 344 2479 modo
358 2428 497 2541 imiimi
514 2428 587 2477 modo
603 2440 647 2486 est,
665 2430 783 2493 temporis
815 2428 921 2491 auferte.-
937 2432 1007 2477 alite.
1031 2430 1063 2477 D.

223 2494 359 2558 presentis.
418 2500 527 2551 ernesto,
542 2493 617 2542 loturi
635 2504 679 2542 est
705 2497 783 2543 Duces
847 2495 886 2543 66.
906 2498 988 2547 Quid?
998 2494 1052 2557 jam
1068 2492 1191 2557 remcort]
1217 2492 1328 2544 Ameseit
1341 2488 1366 2537 sd

222 2558 325 2621 ssoresr]
339 2560 419 2607 Datur
430 2560 456 2606 in
471 2558 558 2606 ultimo
569 2558 745 2623 objurgatione,
758 2570 784 2607 et
816 2558 960 2607 beneficium
981 2570 1091 2624 tempus:
1115 2570 1140 2607 et
1160 2559 1219 2607 ideo
1235 2560 1290 2622 jars
1308 2552 1366 2619 qussi

222 2624 329 2672 breviter
340 2633 365 2672 et
379 2623 452 2687 plene
463 2624 587 2672 securitas.
616 2622 706 2686 Hestl]
726 2624 780 2672 Sin·
814 2624 922 2687 gestiens
949 2624 1040 2687 repetit
1066 2623 1215 2673 adolescens.
1263 2628 1366 2675 Qum·

221 2688 348 2751 guldentis
359 2688 418 2736 fletu
429 2699 455 2737 et
468 2688 558 2750 gaudio
569 2688 633 2737 dixit
646 2691 727 2738 Hem!
751 2690 782 2738 D.
813 2687 891 2751 poter]
905 2690 1108 2737 Autdecstcs'to:
1125 2698 1291 2751 torquuntur
1301 2690 1366 2749 ponat

221 2754 295 2801 -Ne
306 2768 392 2802 versus
407 2754 440 2802 sit
453 2755 520 2814 justo
531 2753 634 2817 longior,
647 2753 705 2801 tolle
716 2758 782 2812 leone,
815 2770 870 2803 esre.
894 2752 1146 2816 D.—Jsmusoresr?]
1167 2748 1366 2802 tremenc-

221 2819 287 2881 quod
298 2834 346 2867 non
355 2819 466 2881 agnoscit
477 2817 596 2867 Donatus.
614 2818 678 2867 Satis
686 2830 783 2868 conste-
809 2818 863 2881 jam
873 2822 1075 2867 uxoremducant?
1099 2818 1227 2867 L.-Cum
1242 2820 1366 2867 Donstoet

220 2885 270 2942 bet,
282 2899 354 2947 quem
366 2899 466 2932 uxorem
477 2883 632 2947 intelligeret
655 2883 685 2931 B.
815 2884 868 2932 cod.
879 2894 925 2932 vet.
933 2898 978 2947 pro
986 2892 1052 2945 potes
1059 2883 1106 2947 leg.
1116 2892 1197 2946 potest.
1209 2883 1268 2933 Vid.
1279 2882 1366 2930 Phornt

254 2950 293 2997 6³.
303 2951 400 2997 Obsecro
407 2966 452 2997 nort
460 2951 522 2996 ludis
530 2957 556 2997 tu
562 2966 621 2996 suste
629 2948 694 3011 srel]
705 2949 783 2997 Moes·
816 2948 847 2997 iv.
861 2952 883 2996 3.
896 2951 934 2997 69.
959 2949 988 2997 Β.

222 3022 262 3063 tus
272 3012 388 3062 tinctoris
398 3013 495 3063 unimus
506 3012 630 3062 ludentem
641 3014 706 3062 serio
716 3012 784 3077 loqui
848 3014 887 3065 67.
900 3016 935 3061 Ns'
952 3018 1026 3076 mugit
1041 3023 1070 3071 te,
1082 3030 1149 3077 quest
1164 3016 1241 3063 oculos
1253 3028 1311 3061 ssstc
1323 3024 1365 3057 Μ

221 3078 338 3127 credidit:
356 3094 414 3127 vert
422 3078 551 3136 dicentem,
560 3078 617 3142 quin
626 3089 709 3143 optata
718 3089 783 3137 sunt,
815 3078 886 3142 oreos]
905 3078 970 3127 Mire
986 3096 1046 3127 susc
1061 3078 1162 3127 addidit.
1201 3078 1237 3127 Et
1253 3077 1366 3140 eleganter

221 3154 293 3206 putet
310 3142 395 3191 ludere
415 3159 488 3192 nunc.
522 3144 607 3191 Potest
626 3154 651 3191 et
670 3144 701 3191 ob
720 3143 783 3193 huno
815 3143 941 3193 inventum
956 3154 1000 3202 est,
1012 3144 1077 3207 quod
1087 3143 1113 3191 in
1128 3154 1262 3193 setmstor
1271 3140 1365 3211 multum

221 3224 319 3257 csusstn
339 3207 428 3266 dicere,
447 3211 509 3256 ludis
527 3216 553 3255 ts
570 3226 604 3257 ore
622 3212 698 3256 nunc?
717 3207 781 3272 quod
814 3208 906 3271 dilig-et,
919 3208 945 3257 id
960 3218 1004 3266 est,
1021 3207 1116 3257 oculos:
1135 3219 1163 3257 ut
1178 3224 1193 3256 e
1208 3205 1364 3257 contrariom

221 3286 346 3335 nunqusm
368 3286 424 3320 eum
446 3283 519 3321 entes
540 3272 633 3321 luserit.
666 3276 718 3336 Ego
738 3278 782 3321 te?
814 3273 941 3330 Eunucho,
953 3276 1090 3322 adolescenti
1105 3277 1151 3335 ipsi
1165 3276 1276 3335 eriperem
1287 3271 1364 3319 subt-¹

221 3336 484 3400 quantumcumque
500 3336 538 3385 vis
554 3338 727 3400 pronominum
738 3353 782 3386 cur
813 3338 838 3386 id
851 3348 894 3395 est,
907 3339 973 3403 ipsos
987 3338 1018 3386 de
1035 3339 1122 3401 quibus
1138 3352 1210 3387 smut.
1234 3338 1364 3386 Πρω

222 3416 271 3449 non
282 3400 363 3458 ludst3
381 3401 781 3463 quibusettocessitconsiderntio
813 3406 887 3451 oculor
904 3420 964 3451 nnnc
980 3402 1042 3467 osto]
1063 3404 1110 3451 Mt.
1129 3403 1160 3451 R.
1180 3420 1242 3451 sune
1260 3418 1299 3464 ego
1313 3412 1362 3446 m

222 3466 265 3514 rei.
299 3466 364 3514 Num
380 3466 460 3541 primo
475 3483 523 3529 ego,
540 3466 629 3516 deinde
647 3475 676 3524 te,
692 3467 782 3516 deinde
814 3468 902 3517 Catuli
926 3468 976 3516 xiv.
1002 3470 1022 3515 l.
1051 3471 1076 3516 m'
1099 3476 1121 3516 te
1146 3471 1201 3529 plus
1224 3470 1294 3517 oculis
1315 3463 1362 3510 1·θῦ

221 3531 541 3645 {ttmtztttltnll
551 3532 783 3659 t‘t‘tltnlt
814 3532 1362 3654 :tltilffntlttltttmltttt

221 3660 365 3711 imminente
387 3660 480 3717 letitia,
506 3661 615 3724 quelibet
639 3662 780 3711 sententis:
815 3662 886 3727 tylus,
899 3663 1086 3711 nontrocltaeus.
1111 3662 1140 3711 B.

220 3726 315 3775 inimici
338 3741 396 3774 vero
413 3726 440 3774 in
457 3725 544 3775 fulsum
560 3726 677 3791 gaudium
696 3743 781 3790 quem·
847 3730 886 3776 68.
906 3732 987 3780 Quid?
1007 3744 1074 3790 quan
1092 3725 1190 3790 s'llsrrrl]
1212 3720 1362 3795 Commendet

221 3808 295 3854 quem
316 3790 449 3855 impellere,
471 3793 518 3840 sub
542 3792 646 3855 slicnjus
671 3792 782 3841 moeroris
814 3808 841 3842 se
857 3792 941 3850 Micio,
956 3802 980 3841 et
993 3792 1174 3841 familiariorem
1191 3790 1292 3842 turstori
1306 3786 1359 3859 fecti

220 3858 367 3907 adventum:
385 3867 411 3905 et
421 3855 477 3905 ideo
488 3867 561 3921 neget
571 3872 598 3905 te
611 3857 688 3906 Micio
698 3857 725 3905 in
737 3857 782 3905 lttc
814 3858 965 3907 mentionem
976 3857 1086 3906 leniendo
1102 3857 1192 3922 saepins
1209 3858 1241 3907 de
1256 3853 1328 3907 smict
1338 3862 1360 3895 ¹n

220 3933 291 4034 purte
311 3922 421 3971 loturum
442 3921 595 3981 AEscltinum,
616 3922 658 3985 qui
680 3922 706 3971 in
727 3921 782 3970 eliis
814 3938 915 3971 uxorem
931 3922 1049 3971 ducendo.
1075 3922 1164 3998 AEqss]
1182 3922 1224 3971 Sic
1236 3922 1306 3971 interr
1315 3917 1359 3967 bot,

231 3988 313 4037 urent
346 3985 443 4050 ruer]
465 3986 590 4050 nerunt
609 3986 673 4035 erm
691 3990 781 4036 nereo.-
814 3987 881 4049 quae
902 3987 1035 4037 tuttundo
1053 3987 1183 4036 invenem.
1216 3974 1357 4045 ree-nne]

138 4060 143 4072 '
221 4053 291 4115 quusi
310 4067 360 4101 non
381 4052 415 4100 sit
435 4052 506 4108 ratio,
529 4066 604 4114 quere
626 4068 676 4100 non
698 4052 783 4100 credet
815 4052 923 4101 Multum
942 4063 1019 4117 putet,
1039 4052 1096 4115 quis
1115 4064 1210 4101 ametor
1232 4054 1277 4101 hoc
1293 4044 1358 4095 dixit:

221 4118 294 4180 patri,
311 4116 421 4179 quumvis
436 4117 567 4179 subjecerit
582 4132 687 4165 centnm.
716 4116 783 4164 D.-
815 4132 873 4179 ergo
896 4121 996 4181 migne,
1017 4117 1084 4181 large
1106 4117 1258 4181 abundeque.
1291 4108 1358 4183 Old?

224 4184 339 4230 Obsecro!
354 4199 398 4229 sort
407 4180 480 4244 ludit]
495 4181 575 4231 Dioni.
584 4181 627 4230 lib
636 4181 652 4229 i.
670 4182 782 4229 L-Pro
814 4184 854 4230 ille
865 4185 905 4230 sbi
911 4191 946 4231 est
953 4185 1060 4231 Milesius
1066 4180 1091 4244 2]
1110 4182 1167 4231 Non
1177 4178 1278 4241 emetri
1288 4186 1357 4226 stium

222 4262 267 4293 sss
288 4245 379 4294 rectius
402 4247 482 4295 Bentl.
505 4262 562 4295 cum
587 4246 682 4295 Fuerno
704 4246 782 4295 edidit
815 4246 901 4295 timere
917 4246 1017 4297 desinit:
1036 4246 1182 4309 undeVirg.
1197 4247 1255 4295 AEn.
1269 4244 1298 4292 ir.
1311 4238 1356 4287 29&

221 4326 281 4357 sest.
306 4310 337 4358 Z.
817 4314 899 4361 Omnis
915 4320 966 4361 tuta
982 4316 1070 4361 tineus.
1098 4314 1188 4361 Eodem
1209 4315 1278 4375 s'nps's
1297 4308 1357 4355 PM

255 4374 294 4421 64.
309 4378 370 4427 st's
386 4384 434 4423 test
449 4380 586 4425 inmersisse
602 4380 668 4439 cupio
681 4392 730 4425 esse
744 4393 782 4425 oc·
807 4374 901 4438 furenti
917 4379 1009 4426 Detulit
1024 4381 1112 4427 motari
1127 4380 1229 4437 clmsen,
1241 4378 1354 4431 Μ’

221 4438 445 4504 rsss]l’ronimis:
463 4440 521 4503 quit
531 4440 729 4491 uimismiseris:
747 4452 783 4499 ut,
813 4446 902 4503 porart'.
926 4442 958 4491 D.
