2834 4759
44 190 159 238 acuns
174 168 230 253 ru]
493 164 769 235 PHORMIO.
1145 166 1214 231 613

50 331 56 341 ·
95 302 284 371 Vanitatis?
321 302 388 418 .D⁰‘
406 301 566 380 Minume,
582 300 659 369 dum
682 305 825 369 obrem.
863 300 932 367 Ga.
955 299 1210 387 sterquilinium.

48 552 55 565 .
95 401 456 567 Innldfltarlddllolucere
471 502 620 584 oportet?
659 446 800 587 Dodic
815 520 905 563 sum:
928 500 954 563 si
970 497 1095 584 placeo,
1106 508 1210 562 utere.

94 598 167 665 AN.
185 595 394 711 Sicinehunc
408 597 556 682 decipis?
588 597 655 663 Dc.
673 598 775 663 lmmo
789 598 963 675 enimvero,
978 594 1140 681 Antipho,
1156 595 1211 661 hic

96 719 194 862 Nurii1
196 697 545 908 thlcetlxtimjusmoffi
568 794 691 859 sciebat
709 816 803 858 esse:
831 816 894 879 ego
913 793 1002 859 hunc
1024 814 1098 858 esse
1119 790 1212 857 aliter

42 1004 87 1053 45
99 893 381 1057 Istcclddhldellellit:
405 1012 467 1075 ego
481 990 534 1054 isti
549 990 649 1055 nihilo
665 1012 735 1054 sum
749 988 843 1054 aliter
857 1012 895 1055 ac
907 989 965 1054 fui.

97 1090 168 1155 Sed
176 1101 214 1154 ut
222 1101 259 1154 ut
267 1089 338 1155 haec
349 1102 436 1167 sunt,
444 1100 551 1153 tamen
560 1088 757 1153 hocfaciam:
773 1110 946 1153 crasmone
957 1083 1211 1173 argentummihi

96 1187 199 1254 Miles
215 1188 293 1253 dare
310 1210 345 1252 se
360 1188 460 1252 dixit:
485 1189 512 1251 si
527 1188 604 1252 mihi
619 1189 707 1273 prior
721 1199 759 1251 tu
773 1186 931 1264 attuleris,
946 1184 1111 1262 Phaedria,

95 1284 179 1351 Mes
191 1285 264 1371 lege
276 1296 361 1363 utar,
378 1296 415 1349 ut
428 1287 536 1371 potior
551 1286 603 1364 sit,
620 1287 675 1370 qui
690 1287 780 1371 prior
794 1285 836 1350 ad
851 1284 1045 1350 dandum'st.
1078 1280 1173 1347 Vale.

248 1550 441 1627 ACTUS
477 1548 687 1624 TERTll
725 1546 917 1622 SCENA
948 1546 1021 1621 III.

378 1736 560 1789 PHAEDRIA.
586 1738 758 1788 ANTIPHO.
784 1736 890 1785 GETA.

49 1918 53 1925 .
96 1864 195 1939 Qum
210 1862 347 1929 faciam?
370 1863 457 1928 unde
472 1884 535 1947 ego
556 1872 724 1928 nunctum
747 1862 856 1926 subito
877 1860 954 1927 huic
974 1873 1146 1948 argentum
1164 1864 1213 1930 iu·

164 1964 291 2027 veniam
305 1962 413 2039 miser,

97 2060 164 2127 Cui
176 2062 282 2125 minus
297 2058 398 2125 nihilo
412 2060 484 2125 esti
506 2058 595 2142 quod
610 2057 637 2123 si
651 2056 704 2123 hio
718 2060 880 2144 potuisset
893 2081 979 2124 nunc
992 2062 1158 2125 exorarier

97 2158 264 2225 Triduum
289 2157 370 2223 hoc:
399 2157 594 2242 promissum
617 2154 736 2221 luerat.
784 2155 854 2222 Aa.
880 2156 973 2221 Itane
998 2155 1086 2223 hunc
1110 2158 1213 2244 patie-

166 2278 249 2334 mur,
266 2255 365 2333 Geta,

95 2353 186 2420 Fieri
201 2355 363 2431 miserum,
380 2354 435 2438 qui
449 2375 500 2418 me
516 2352 651 2429 dudum,
664 2364 701 2417 ut
715 2352 808 2431 dixti,
825 2353 986 2438 adjuverit
1001 2356 1158 2421 comiter?

65 2466 82 2512 t
97 2452 306 2537 Quin,quum
313 2474 394 2538 opus
402 2462 463 2529 est,
469 2450 796 2517 beneficiumrursum
802 2452 1210 2536 eiexperiumurredderel

100 2552 169 2618 Ge.
194 2552 269 2617 Scio
290 2552 442 2637 equidem
463 2550 526 2617 hoc
547 2572 620 2615 esse
643 2571 781 2634 oequom.
825 2548 896 2615 AN.
918 2551 995 2636 Age
1012 2573 1103 2636 ergo,
1122 2552 1212 2618 solus

166 2672 295 2715 servare
310 2650 397 2714 hunc
412 2660 517 2734 potes.

47 2800 161 2869 perfidia
177 2798 304 2865 anticipati
322 2798 438 2863 temporis
454 2814 508 2848 esse
523 2798 619 2847 confer·
651 2797 720 2848 fides.
752 2799 874 2847 D.-l{ea
896 2801 945 2863 lege
966 2799 1034 2864 utar]
1057 2801 1088 2850 ld
1109 2801 1213 2861 lenonis,

47 2882 120 2918 uum.
155 2866 302 2914 Ile-luunt
323 2881 351 2913 eo
377 2868 513 2925 preteriit?
548 2866 617 2919 Noni
651 2864 1135 2929 apudquenrempercomnodumprim.
1149 2866 1215 2914 ll.-

46 2948 135 2983 urrm
156 2934 204 2979 laec
225 2933 247 2979 ei
268 2928 402 2992 marcessit]
433 2930 487 2977 Duo
510 2938 620 2992 tempora
652 2928 862 2991 unueflegmum
872 2928 1131 2992 eddveturitpoticr.
1160 2932 1211 2980 lle·

48 2996 131 3047 ambo
139 3004 271 3044 tenuerunt
281 2993 391 3043 diversa:
412 2993 472 3042 llaec
483 2992 535 3043 dies
547 3009 618 3041 num·
650 3008 715 3057 pone
721 3001 746 3040 ut
751 2998 782 3041 rit
787 2997 869 3055 potior,
875 2998 977 3055 priorali
983 2998 1082 3043 δαπάνη
1090 2999 1174 3058 quirat.
1184 2997 1213 3046 B.

71 3060 118 3109 uid
136 3059 271 3124 praeteriit?
296 3060 387 3107 Contra
403 3058 460 3107 leno
477 3058 618 3122 respondit=
686 3059 707 3105 l.
722 3056 911 3121 Qutdsactanr]
925 3058 1053 3120 Oinououie
1062 3061 1093 3109 ud
1105 3060 1214 3111 futurum

48 3078 141 3177 launo
159 3135 225 3173 retro
246 3124 333 3189 pedem
353 3122 416 3179 tulit,
435 3133 460 3172 et
476 3122 621 3187 propagavit
652 3122 884 3171 exitumcomoediae.
904 3123 1214 3188 D.-Quidsoriun?]llic

48 3206 93 3249 ee,
103 3190 127 3238 h.
138 3205 159 3237 e.
169 3187 431 3245 antecessitutadhuc
441 3188 569 3236 futurasit
589 3187 619 3235 ll.
652 3186 768 3251 cogitatio
784 3198 828 3246 est,
846 3188 1049 3250 quemadmodum
1068 3191 1136 3238 brevi
1152 3202 1215 3240 tem·

91 3256 132 3302 41.
144 3251 330 3316 sterquilinium]
347 3252 449 3301 Plautus
463 3252 489 3300 iu
502 3252 584 3300 Milite
593 3252 619 3301 ii.
652 3251 1067 3317 poreinvenirepostitargcntum.
1091 3255 1121 3303 ll.

51 3322 82 3369 1.
103 3321 309 3382 negem,
331 3320 456 3379 impudens,
480 3320 617 3375 Stercorrut,
684 3318 804 3365 amm
821 3316 905 3381 nutu]
923 3317 1065 3381 Ὗπερβολὴ.
1096 3320 1213 3370 D.·-lle·

44 3387 139 3450 plum
145 3384 247 3446 perjurii
255 3385 446 3447 atqueadultrrii.
466 3381 531 3430 Etiu
541 3383 619 3430 Pseu·
651 3382 795 3437 scribetur
811 3386 885 3431 minut
900 3387 973 3431 nitito
983 3390 1037 3432 ert?
1054 3390 1114 3448 quod
1123 3390 1145 3434 ri
1161 3390 1215 3436 ltine

49 3448 141 3499 doti.
162 3451 184 3496 3.
207 3448 260 3496 132.
277 3449 440 3495 Fraudulente.
469 3448 515 3495 Cn.
529 3450 619 3508 Impera
649 3454 702 3509 pote
719 3445 805 3509 suisset
826 3452 949 3497 exorarier.
984 3448 1015 3497 ln
1036 3450 1120 3499 Bemln
1139 3452 1214 3510 enim,

49 3518 115 3564 lena
152 3514 200 3561 ΡΗ.
223 3515 323 3561 Coenum.
360 3511 399 3559 Sic
420 3512 514 3559 Graecis
530 3512 556 3559 in
574 3527 619 3559 usu
654 3510 1131 3575 Victor.etMesdiuuoertpotesutrret.
1157 3520 1214 3565 Pete

50 3588 103 3635 est,
121 3580 216 3641 κόσμος
233 3576 297 3641 ἀνήρ.
315 3576 383 3625 Suid.
411 3576 523 3623 L.-Pro
538 3580 620 3624 steret·
654 3586 692 3625 eat
712 3577 824 3625 acuemus
845 3578 950 3640 generis,
973 3588 999 3625 et
1020 3581 1122 3627 triduum
1144 3596 1215 3630 maur

52 3647 146 3700 liniunt.
159 3642 224 3705 quod
233 3641 259 3689 in
271 3642 364 3704 aliquot
375 3652 442 3689 extet
450 3640 526 3699 libris,
536 3656 621 3689 versus
653 3640 722 3689 recti
739 3644 803 3689 Hinc
816 3654 854 3689 est
870 3644 901 3690 ab
918 3643 964 3690 hoc
981 3643 1085 3699 lenone;
1103 3655 1131 3693 ut
1142 3645 1215 3695 Adel.

51 3708 145 3759 suadet
164 3706 294 3755 lectionem
305 3706 396 3755 codicis
408 3717 454 3755 vet.
466 3710 620 3754 sterculinum.
653 3704 688 3753 iii.
701 3708 724 3753 3.
738 3708 759 3755 7.
772 3718 844 3770 utque
855 3706 917 3755 illud
925 3724 985 3756 nunc
995 3708 1145 3772 plaueextru
1155 3725 1214 3758 con·

52 3772 139 3822 Glotr.
152 3782 200 3821 ret.
213 3774 367 3829 sterculinum,
384 3772 562 3833 κοπροδοχεῖον,
579 3788 620 3819 rto-
654 3780 749 3819 textum
760 3782 798 3818 ert
806 3771 923 3819 additum.
947 3772 976 3819 B.

52 3834 121 3900 rotd-
157 3836 227 3885 Idem
238 3836 304 3901 apud
321 3835 435 3884 Plautum
452 3845 477 3883 et
491 3834 621 3883 Phaedrum
686 3837 708 3883 4.
721 3833 859 3898 Adjuurrit]
877 3835 1016 3885 Secundum
1029 3854 1042 3884 a
1057 3837 1215 3900 pronunciari

53 3900 173 3951 occurrit.
197 3901 226 3949 B.
653 3900 727 3948 deber
742 3901 864 3962 (Guyetus
879 3900 979 3961 conjicit
993 3900 1043 3963 legi
1058 3902 1154 3959 debere,
1171 3921 1216 3952 m

91 3968 131 4015 43.
145 3967 211 4030 Lege
227 3980 312 4014 versus
327 3964 414 4028 gratia,
429 3967 621 4013 imminuere
656 3961 752 4027 debet).
779 3965 1040 4028 Adjuurrtteoruttrrt]
1054 3969 1159 4024 Comiter,
1171 3984 1215 4017 re-

53 4035 102 4089 rate,
115 4034 224 4093 Antipho,
236 4032 373 4091 mederipit.
398 4030 427 4077 B.
654 4028 919 4091 terendixeruntrupd
934 4029 964 4077 τὸ
978 4028 1074 4090 κόσμος.
1099 4031 1216 4082 Ι).-Ρι·ο

89 4097 130 4145 46.
144 4098 224 4145 Sedet
239 4098 288 4143 iac
303 4102 363 4152 ruat,
375 4102 450 4143 tanea
464 4096 505 4142 tac
515 4091 617 4156 sociam]
653 4093 742 4141 Faerni
752 4092 922 4142 emendatione
929 4095 1045 4155 uutj'urerit
1056 4094 1078 4143 si
1088 4096 1216 4160 scripseris

53 4161 181 4210 Exoratur
197 4160 295 4209 tandem
311 4158 476 4208 conditionem
493 4159 548 4208 leno
568 4158 617 4215 dut,
650 4157 1081 4221 adjurimersuimagisconsulueriu
1093 4162 1215 4211 ceruar-

53 4226 297 4288 uticrasargentum
314 4223 356 4286 qui
391 4224 441 4273 rior
458 4222 618 4282 attulerited
643 4222 807 4285 jurousurest
815 4221 1177 4287 Enniusapudcic.desenecu
1188 4229 1216 4277 B.

54 4289 197 4339 ducendum
208 4290 290 4353 potior
300 4288 340 4337 sit.
364 4240 394 4337 il
657 4316 663 4325 ·
686 4288 710 4336 6.
729 4287 777 4335 Pro
793 4287 888 4351 vulgari
902 4292 1054 4350 experienter,
1066 4301 1091 4339 et
1102 4292 1217 4341 Bembini

90 4358 131 4404 48.
151 4357 206 4404 Mra
224 4357 273 4418 lege
289 4352 357 4416 atur]
381 4352 492 4402 Lenoniu
513 4352 620 4402 scilicet:
653 4357 877 4415 rrprrienmrecte
891 4353 1002 4405 Faernus
1015 4354 1147 4421 legendum
1162 4372 1217 4407 etse

56 4420 145 4485 inqua
153 4434 250 4485 ιειιψοτδ
258 4418 414 4469 commodum
422 4416 542 4483 cuprius,
550 4434 622 4482 quum
654 4417 898 4483 conjicitrrperinur.
923 4418 952 4469 B.
