2834 4759
211 184 275 249 238
651 181 930 249 TERENTII
1197 180 1314 265 [uerus
1329 199 1361 242 v.

257 318 343 385 Pnrt.
374 317 540 391 Quidnam
564 317 662 384 fecit?
694 318 758 383 ΡΥ.
783 315 956 401 Colligavit
980 318 1119 401 primum
1137 337 1212 379 eum
1238 315 1363 379 miseris

318 417 432 481 modis.
472 416 557 481 Pan.
575 416 681 481 Hem!

257 512 450 599 Colligavit‘l
496 514 560 579 ΡΥ.
583 514 695 600 Atque
716 515 869 599 equidem
894 525 1018 589 orante,
1045 525 1145 578 utne
1170 513 1205 577 id
1227 512 1364 589 faceret,

318 612 459 679 Thaide.

212 710 341 776 ttPnrt.
369 711 460 785 Quid
485 712 557 776 aial
603 711 667 777 ΡΥ.
690 712 791 778 Nunc
813 714 953 777 minatur
976 733 1076 797 porro
1105 731 1176 775 oeae
1201 710 1247 786 id,
1272 710 1366 793 quod

316 809 452 875 moeohis
468 809 567 873 solet:

256 907 358 981 Quod
368 906 430 993 ego
444 930 608 992 nunquam
620 908 686 973 vidi
696 908 779 986 fieri,
792 932 897 995 neque
906 908 1010 975 velim.
1043 908 1130 973 Pna.
1142 908 1220 983 Qua
1229 907 1366 971 audacia

254 1006 398 1070 Tantum
414 1006 538 1070 facinus
551 1006 670 1071 audet?
709 1006 773 1072 ΡΥ.
790 1008 881 1081 Quid
895 1010 941 1072 ita
955 1009 1101 1073 tantum?
1140 1005 1226 1070 Part.
1242 1004 1366 1070 Annon

320 1108 380 1171 tibi
394 1106 456 1173 hoc
472 1108 644 1172 maximum
658 1110 731 1172 esti

257 1206 342 1280 Quis
356 1205 452 1271 homo
467 1227 528 1290 pro
541 1206 669 1271 moecho
683 1227 825 1291 unquam
839 1205 919 1269 vidit
934 1206 967 1269 in
981 1204 1078 1267 domo
1091 1202 1271 1267 meretricia

256 1304 433 1370 Praehendi
449 1307 664 1389 quemquami
703 1304 767 1369 ΡΥ.
783 1302 916 1368 Nescio.
953 1303 1038 1368 Pnrt.
1054 1300 1151 1365 Anne
1164 1300 1227 1365 hoc
1241 1299 1368 1365 nescia·

322 1404 386 1467 tis?
410 1401 565 1487 Pythias:

247 1541 285 1588 33.
305 1540 534 1601 Colligwitprimum
544 1536 607 1600 eum]
621 1536 686 1585 Mira
698 1537 773 1586 tardi-
805 1538 845 1603 pia
855 1537 955 1601 impune
966 1546 1019 1585 erat
1026 1536 1175 1600 voluptatem
1186 1550 1282 1599 capere.
1310 1535 1367 1583 Vid.

215 1612 259 1662 toa,
271 1604 302 1652 ad
314 1602 473 1667 torquendum
492 1604 683 1651 Parmenonemz
701 1603 775 1651 simul
807 1602 936 1665 Augustin.
946 1603 977 1650 de
985 1602 1059 1650 Civit.
1068 1601 1126 1659 Dei,
1136 1601 1186 1649 xiv.
1200 1602 1236 1650 17.
1259 1601 1367 1649 Laetan-

214 1668 287 1717 etiam
300 1666 720 1715 relictuaadruccurrendumlocua
742 1668 773 1715 D.
808 1667 856 1716 tiua
865 1667 940 1715 divin.
952 1666 1073 1715 institvi.
1086 1668 1124 1713 23.
1142 1668 1368 1728 Nequimsetqei

214 1732 314 1781 —lllud
325 1735 373 1780 ltern
385 1747 399 1779 a
410 1731 479 1779 codd.
491 1741 549 1779 vett.
561 1742 627 1779 reete
638 1732 714 1780 abeat.
736 1733 764 1780 B.
803 1749 923 1795 poenorum
938 1740 999 1780 oum
1010 1734 1135 1779 otsdneret
1145 1732 1225 1785 alieno.
1243 1733 1368 1792 lupanaria

248 1800 286 1845 m.
304 1799 380 1860 Atque
391 1800 493 1858 equidem
509 1806 594 1853 orante,
606 1804 633 1843 ut
648 1813 676 1845 ne
692 1800 719 1844 id
728 1796 772 1859 sa·
805 1814 890 1860 quoque
900 1800 1170 1857 constantianum
1181 1793 1310 1857 infiliciun
1318 1812 1367 1843 atu·

215 1872 282 1919 reret,
297 1860 396 1923 Thaide]
418 1861 487 1909 Adeo
507 1860 703 1909 violentissimus.
741 1862 776 1910 m
807 1865 1025 1923 lierumpuilioaoit.
1043 1860 1245 1923 AeteriuaEpise
1253 1862 1369 1908 Amaseae

214 1936 280 1975 recte
296 1927 342 1974 hoc
354 1926 470 1983 additum,
487 1940 518 1973 ne
535 1935 617 1989 speret
631 1925 749 1974 auxilium
760 1943 776 1975 a
808 1926 901 1975 Homil.
919 1929 957 1975 Aa
968 1929 1036 1973 licent
1046 1929 1130 1973 torniui
1141 1928 1256 1973 dimittere
1266 1941 1368 1982 men,

215 1992 315 2039 Thaide.
337 1991 469 2054 D.-che
479 2006 563 2039 versus
570 2001 595 2038 et
603 2005 688 2039 aeneus
694 2007 775 2049 causa,
807 2008 831 2055 p.
844 1993 882 2042 73.
897 1991 920 2039 oi
934 1992 985 2040 τοῖς
997 1992 1041 2039 τοῦ
1057 1988 1112 2046 βίον
1126 1986 1213 2037 τούτου
1228 1988 1368 2049 νομοθέταις

215 2059 342 2119 etquidem.
371 2056 443 2113 Nam,
452 2060 560 2117 equidem,
568 2055 688 2119 inprimis
696 2056 773 2121 scrip-
807 2054 975 2119 προσέχοντες,
992 2053 1117 2104 irritum
1135 2056 1310 2103 καταλειποῦσι
1325 2056 1369 2111 τῆς

215 2121 308 2170 toribus
319 2136 416 2186 temper
427 2130 464 2168 eat
475 2120 560 2184 primae
571 2136 688 2184 personae.
712 2121 741 2169 B.
806 2120 975 2183 rnpueluerois
986 2117 1083 2183 ἀνδράσι
1096 2116 1267 2180 medicurius.
1306 2119 1368 2167 ilie·

249 2188 288 2234 35.
306 2189 374 2235 Nune
385 2183 497 2248 minatur]
512 2188 617 2234 Minatur
627 2196 656 2233 ut
666 2186 775 2234 succurri
807 2200 900 2249 ronym.
918 2185 943 2233 in
956 2184 1089 2249 Epitaphio
1102 2183 1220 2232 Fabiolae:
1241 2186 1308 2232 Alia
1318 2192 1370 2232 eunt

215 2251 294 2317 posuit
310 2252 340 2309 ei,
359 2251 400 2313 qui
420 2266 469 2298 non
489 2249 522 2298 ait
543 2266 635 2315 pascua
669 2254 775 2299 Minatur
807 2253 867 2314 leger
885 2253 1007 2307 Getarum,
1024 2253 1077 2297 ulie
1093 2251 1195 2297 Christi.-
1211 2251 1281 2296 uliud
1297 2253 1369 2311 Pupi·

214 2334 282 2380 porro
290 2315 351 2379 aere]
365 2316 441 2363 Deest
445 2315 573 2378 facturum.
609 2318 674 2367 Quod
684 2320 776 2364 moecltie
807 2320 895 2372 riorus,
905 2318 1064 2363 nliudPoulur
1072 2323 1148 2362 noem
1154 2317 1270 2375 precipit.
1301 2317 1372 2376 Apud

215 2385 271 2430 solet
309 2382 386 2429 Deest
400 2384 462 2441 fieri.
494 2381 590 2428 D.-Id
606 2383 665 2443 quod
684 2384 777 2429 moeelie
808 2383 859 2427 iiior
875 2384 932 2428 uiris
949 2382 1098 2441 tmputtctttae
1110 2377 1182 2440 stem
1199 2382 1319 2437 henaim,
1340 2386 1370 2435 et,

216 2450 272 2495 tolet
298 2446 366 2494 Hinc
381 2444 658 2509 intelligimuequtedam
675 2445 701 2493 in
714 2462 774 2493 moe-
807 2448 854 2493 eoin
863 2454 942 2506 stupro
951 2452 1020 2507 utque
1028 2446 1304 2502 adulterioenudetunoto,
1314 2460 1368 2506 pus·

216 2512 275 2559 clroe
286 2526 338 2558 esee
355 2509 482 2573 supplicia,
494 2510 530 2557 vel
543 2510 647 2574 spadari,
659 2510 698 2557 vel
709 2510 776 2559 aliud
807 2513 850 2558 eim
865 2527 908 2571 per
927 2512 1049 2570 lupuuoriu
1066 2518 1135 2570 atque
1154 2511 1278 2556 unciuuiue
1300 2511 1372 2556 libido

216 2575 334 2637 quidlibet
345 2574 376 2622 ad
391 2573 558 2623 crudelitatem
574 2575 626 2623 eive
643 2574 774 2639 turpitudi-
804 2578 956 2636 pemittitur.
990 2574 1096 2636 Elegana
1107 2573 1152 2620 hac
1161 2573 1192 2621 de
1203 2588 1229 2620 re
1240 2573 1311 2621 locua
1323 2573 1370 2620 Ze-

216 2654 280 2688 nem.
316 2639 376 2687 llaeo
400 2639 499 2703 Pythiae
519 2638 611 2688 reticet.
645 2639 777 2692 a-out
807 2639 879 2687 nonin
888 2638 970 2703 Epioe.
982 2639 1072 2687 Veron.
1084 2638 1177 2686 Homil.
1189 2637 1219 2685 de
1232 2637 1369 2687 Pudicitia:

216 2708 308 2753 moeeiie
335 2703 403 2766 eoin]
432 2703 496 2752 Puta
518 2704 635 2751 abdomen
660 2705 775 2753 adimere.
808 2706 905 2752 Lubrici
926 2706 1005 2752 mariti
1026 2706 1175 2751 humanorum
1195 2706 1269 2764 legata
1292 2707 1371 2766 ieipuu

217 2769 318 2818 Plautus
337 2768 411 2817 Milit.
430 2783 494 2816 scen.
515 2768 560 2817 ult.
584 2768 670 2818 Horat.
688 2770 730 2818 lib.
749 2770 774 2817 ii.
807 2773 943 2831 impunitate
958 2772 1053 2829 decepti,
1064 2768 1183 2830 justitiam
1199 2784 1276 2816 cernar
1292 2786 1372 2816 necea

217 2834 267 2882 Sat.
280 2837 302 2882 2
315 2836 354 2881 45.
377 2841 444 2881 teetee
460 2836 598 2896 caedumque
615 2836 713 2882 talarem
727 2837 776 2883 De·
808 2851 851 2882 eun
862 2838 918 2895 ipsu
928 2837 1042 2882 munterte
1054 2840 1175 2889 noeeentet,
1187 2836 1247 2895 quod
1258 2838 1316 2893 pati
1331 2850 1371 2880 no-

216 2907 310 2947 meteret
324 2896 398 2959 serre.
438 2899 493 2952 Qua
514 2914 587 2961 poena
606 2898 668 2946 affici
691 2910 776 2962 postea
808 2902 973 2957 mentam
983 2900 1098 2958 efficimtr
1114 2901 1154 2961 qui
1167 2896 1272 2959 profau
1289 2901 1369 2945 libidi-

217 2960 364 3022 urnroddrat
376 2962 447 3011 soliti.
482 2964 554 3011 Matt.
572 2962 695 3011 Blaataree
713 2964 775 3012 llie-
807 2966 985 3012 oiadetestubili
994 2961 1062 3025 furto
1072 2966 1187 3020 distructi,
1200 2964 1308 3023 turpibus
1318 2963 1371 3024 joar

216 3029 354 3078 romonach.
377 3030 389 3076 i
407 3026 489 3089 μέντοι
510 3028 633 3077 πολιτικὸς
654 3025 731 3089 νόμος,
754 3029 777 3077 ol
808 3045 850 3076 nou
862 3031 960 3077 conteuti
976 3030 1087 3085 latibulis,
1098 3031 1241 3090 αὶίᾳυοιίοηε,
1254 3031 1318 3088 proi
1330 3045 1368 3075 ee-

218 3092 394 3153 dnuyeudpeuor,
411 3092 478 3155 puel,
490 3093 544 3150 tirou
560 3090 705 3151 umrofldrtu
718 3111 775 3141 ruu-
801 3091 862 3154 sue!
878 3096 920 3141 tub
931 3096 988 3154 ipsiu
996 3096 1111 3141 nitatibus
1121 3100 1277 3141 aaronem
1287 3110 1372 3142 retum

217 3158 418 3206 λοκοπείσθωσαν.
452 3156 523 3205 Soliti
539 3157 611 3205 etiam
629 3158 718 3206 moechi
730 3175 776 3207 rc·
809 3161 963 3220 torpentium
974 3160 1093 3206 deamat.
1121 3157 1188 3205 llino
1198 3157 1264 3220 apud
1276 3158 1372 3212 Quinc·

218 3222 380 3283 purlnnertut
409 3222 535 3271 Scholiaet.
545 3222 670 3287 Aristoph.
683 3223 709 3271 in
717 3223 776 3272 Plu·
810 3222 886 3271 tilian.
903 3222 945 3271 vii.
963 3225 986 3270 4.
1007 3222 1130 3285 quaritur,
1153 3237 1185 3269 an
1201 3221 1371 3285 deprehensus

218 3294 278 3334 tum.
296 3286 383 3334 Horat.
397 3286 438 3333 lib.
450 3286 466 3335 i.
480 3288 529 3335 Sat.
543 3289 564 3334 2.
580 3289 632 3335 132.
655 3290 777 3336 Discinctu
808 3287 835 3335 in
854 3287 967 3352 lupanari
981 3303 1038 3337 cum
1058 3287 1157 3335 alteriue
1177 3301 1254 3334 uxore
1274 3286 1372 3335 adulter

219 3355 297 3399 tunica
306 3348 443 3413 fugiendam
459 3361 500 3409 eet,
517 3368 545 3398 ne
559 3354 616 3412 pede
632 3355 709 3407 nudat
738 3354 776 3401 Ne
808 3352 854 3400 eit:
872 3352 929 3415 quia
945 3368 993 3399 non
1009 3352 1040 3400 de
1055 3351 1225 3417 appellatione,
1242 3353 1288 3401 aed
1304 3350 1371 3399 deri

218 3417 775 3529 'iiiifflizi'iidiiriiidiimsm
809 3416 1370 3545 ltlssltttldmttttltitffit

252 3546 290 3596 37.
311 3546 374 3596 Quid
389 3548 423 3592 itu
440 3544 561 3608 tuntumt]
580 3546 660 3593 Nimia
678 3548 776 3605 (ismae,
808 3546 1371 3609 mulieres,minutmqueeurumnumerunmr:

219 3610 273 3659 edd.
285 3608 356 3669 vett)
369 3608 455 3657 callide
468 3610 567 3673 Pythiae
578 3610 642 3659 huno
653 3610 714 3660 dicit
724 3611 776 3659 vio·
810 3612 838 3658 1.
851 3612 931 3660 linc.
955 3611 1134 3675 Simancip.ita
1145 3626 1199 3659 ven.
1212 3622 1238 3659 et
1247 3626 1309 3659 eane
1318 3626 1369 3658 me·
1407 3625 1410 3630 ⁴

218 3675 325 3724 lentum:
344 3682 461 3722 ettamen
477 3674 594 3736 iniustum
615 3676 778 3739 audacemque
809 3676 910 3724 retricea
925 3676 990 3725 inter
1005 3677 1168 3724 inatrumenta
1177 3691 1296 3740 cauponae
1306 3674 1370 3724 reie-

219 3740 267 3789 dici
284 3754 333 3788 non
349 3739 448 3800 patitur,
465 3740 509 3789 aed
525 3740 639 3799 defendit,
657 3751 684 3789 ut
700 3742 778 3805 magia
809 3750 911 3797 rantum
927 3741 968 3789 liu
979 3740 1039 3789 xlia
1052 3742 1072 3800 l.
1085 3742 1107 3789 9.
1119 3740 1143 3788 ff.
1155 3740 1186 3788 de
1196 3740 1247 3788 ritu
1262 3740 1368 3805 nuptiar.

219 3814 309 3855 terreat
321 3804 504 3854 Parmenonem.
529 3805 560 3852 D.
809 3805 912 3869 ideoque
932 3806 963 3854 ab
980 3806 1034 3854 irtio
1052 3805 1150 3854 seminia
1165 3804 1291 3869 pudicitie
1308 3804 1371 3853 ratio

253 3874 290 3919 33
306 3869 779 3934 Quitlmropromoectounqunm]0auaa
810 3885 859 3919 non
877 3870 1016 3933 requiritur,
1034 3886 1094 3933 quaa
1110 3870 1168 3918 vita
1185 3869 1266 3919 vilitat
1283 3869 1370 3933 dignae

220 3936 300 3984 finalis
317 3938 360 3997 (eit
380 3936 455 3995 tulit),
475 3934 595 3999 virginem
614 3936 692 3983 civem
712 3936 778 3998 apud
810 3936 891 3999 legum
907 3936 1076 3983 observatione
1091 3950 1141 3983 non
1158 3935 1268 3983 credidit.
1305 3936 1367 3997 lmp.

219 4000 371 4048 meretricem
395 4000 504 4048 vitiavit:
533 4001 668 4048 mercedem
691 4000 776 4049 offert:
810 4003 936 4048 Constant
948 4000 989 4048 liu
1000 4000 1066 4048 xxix.
1076 4001 1104 4048 C.
1122 4000 1153 4048 ad
1162 4000 1189 4047 L.
1199 3998 1367 4047 Juldeadult.

219 4065 312 4129 petitur
321 4064 351 4112 ad
360 4064 513 4129 supplicium.
534 4065 659 4117 D.-Quit
667 4068 730 4113 honio
735 4082 778 4127 pro
810 4065 909 4129 Ulpian.
920 4065 962 4113 lib.
972 4065 1022 4113 xiii.
1033 4067 1053 4124 ἱ.
1063 4066 1085 4112 2
1095 4064 1120 4112 ff.
1130 4064 1183 4112 eod
1196 4063 1280 4127 Eclog.
1294 4062 1366 4111 Basil.

220 4129 315 4191 mereto]
329 4129 361 4177 Et
372 4146 445 4193 supra
456 4130 503 4177 isto
512 4130 613 4178 coneilio
624 4130 661 4178 usi
673 4140 736 4188 aunt,
750 4140 778 4178 ut
810 4130 851 4179 lib.
867 4130 900 4178 lx.
913 4130 950 4178 tit.
963 4131 1002 4180 37.
1030 4131 1141 4189 L.—-Ne,
1154 4134 1324 4191 perducuntur,
1336 4139 1367 4179 et·

220 4193 373 4256 impunitatis
384 4208 452 4257 rpem
465 4193 512 4243 ailri
519 4190 549 4241 'in
561 4195 633 4243 domo
644 4195 779 4243 meretricia
810 4198 901 4253 nroeelto,
912 4195 939 4242 in
948 4193 1023 4243 'l'heai
1034 4194 1192 4258 deprimatur,
1202 4209 1300 4258 repone.
1312 4196 1370 4244 Quia

220 4257 405 4321 pollicerentur;
432 4260 466 4307 ita
486 4268 511 4307 et
529 4274 594 4307 nunc
616 4259 697 4323 arguit
717 4261 776 4308 Par-
809 4264 872 4307 immo
882 4277 981 4322 unquam
989 4263 1260 4321 pronotcltooiditetc.
1284 4259 1312 4306 lt

220 4336 301 4377 meno,
312 4323 376 4383 quod
391 4339 434 4383 pro
445 4327 528 4371 moecho
539 4328 564 4371 in
574 4327 638 4373 domo
654 4328 777 4386 deprehen-
843 4327 881 4373 39.
899 4324 996 4388 Nescio]
1014 4326 1093 4380 Quam
1110 4334 1189 4373 astute
1205 4324 1268 4372 dixit
1278 4326 1367 4371 nario:

220 4404 259 4433 aur
269 4389 301 4433 rit
310 4390 438 4434 meretricio
446 4390 579 4437 adolescent.
604 4389 715 4438 E.—Pro
723 4407 777 4438 ηια-
810 4405 842 4437 ne
853 4389 965 4438 laborans
975 4390 1007 4438 ad
1018 4390 1239 4445 contradicendum,
1246 4388 1368 4436 amitteret

219 4454 260 4499 cio
271 4466 368 4512 unquam
379 4450 449 4512 uidit]
463 4452 530 4515 Ergo
541 4469 596 4503 cum
608 4455 727 4517 ejusmodi
739 4455 777 4503 lu·
811 4455 884 4505 iidem
900 4455 1018 4520 supplicia
1030 4457 1157 4518 (simplicit,
1170 4454 1218 4504 Ma.
1231 4453 1273 4517 B.)
1284 4465 1366 4517 penau-
