2834 4759
111 128 118 145 .
199 84 242 149 86
493 75 503 89 ’
640 82 918 149 TERENTII
1176 82 1300 166 [aeuus
1315 100 1357 144 su.

241 219 320 283 Non
334 240 432 303 posse
441 221 510 303 jam
524 218 567 283 ad
581 217 717 283 salutem
733 219 877 283 converti
889 216 953 282 hoc
967 216 1095 281 mulum.

242 316 333 382 Pau.
350 317 420 381 lmo
433 318 541 382 etiam.
580 316 668 381 Nam
683 317 761 380 satis
777 315 886 391 credo,
903 316 930 379 si
945 313 1181 399 advigilaveris,

200 428 232 475 6⁰
244 414 299 479 Ex
312 416 383 479 unis
398 416 542 499 gemmas
556 414 635 478 mihi
649 412 801 479 conficies
817 414 959 497 nuptias.

241 511 333 576 Dav.
350 511 436 597 Ego,
454 510 634 596 Pamphile,
650 511 714 575 hoc
729 511 788 576 tibi
802 532 863 596 pro
879 510 1009 574 servitio
1025 509 1143 585 debeo,

241 609 362 674 Conari
374 611 534 687 manibus,
549 609 701 694 pedibus,
717 619 895 691 noctesque
911 616 946 671 et
960 606 1042 683 dies,

241 706 367 791 Capitis
381 704 536 791 periclum
552 706 654 783 adire,
670 706 748 770 dum
763 706 884 789 prosim
899 702 968 769 tibi.

241 804 403 881 Tuum'st,
419 803 527 888 siquid
541 814 661 888 praeter
676 824 769 888 spem
782 802 901 879 evenit,
917 800 996 865 mihi
1009 802 1188 885 ignoscere.

199 915 230 960 tt
242 900 364 967 Parum
379 903 525 968 succedit
539 903 629 986 quod
644 904 729 987 ago?
753 911 787 965 at
801 899 884 964 facio
901 896 1024 962 sedulo.

241 999 307 1065 Vel
320 999 434 1064 melius
450 1009 519 1063 tute
534 1002 660 1083 reperi:
682 1022 734 1063 me
749 999 882 1063 missum
894 995 975 1061 face.

242 1098 333 1163 Pau.
349 1097 473 1182 Cupio:
497 1098 644 1174 restitue,
661 1118 758 1182 quem
773 1119 793 1159 a
804 1118 856 1160 me
872 1095 1037 1179 accepisti,
1052 1093 1170 1159 locum.

242 1195 332 1260 Dav.
349 1196 490 1261 Faciam.
532 1195 621 1260 Pau.
637 1194 685 1259 At
695 1198 764 1281 jam
777 1192 841 1257 hoc
864 1214 947 1276 opus
962 1203 1023 1256 est.
1073 1191 1164 1257 Dav.
1181 1192 1292 1257 Hem!
1317 1202 1357 1269 st,

305 1315 417 1357 mane:
440 1294 630 1377 concrepuit
645 1316 665 1355 a
680 1291 835 1377 Glycerio
851 1291 979 1355 ostium.

192 1506 277 1571 putas]
292 1506 348 1555 Nisi
358 1507 445 1565 credis,
458 1507 544 1568 inquit,
556 1507 645 1555 exinde
658 1511 711 1571 jum
728 1523 759 1556 nc
791 1522 874 1557 cessus
885 1522 939 1555 esse
950 1506 1060 1555 fortune.
1088 1508 1175 1554 Puram
1186 1506 1360 1566 moedttqsod

197 1571 439 1635 (lorte‚ue)bouum
453 1570 580 1619 consilium
595 1572 698 1636 reperiri
711 1572 759 1633 (re-
792 1572 847 1635 ago]
861 1571 1069 1620 Utilissententiu
1102 1585 1130 1618 ro
1145 1570 1259 1633 sapiente
1274 1578 1358 1616 conus

192 1635 283 1697 perire)
295 1649 344 1682 non
356 1650 435 1698 posse,
445 1635 615 1698 quiaprimum
624 1636 761 1685 contrarius
792 1636 921 1685 fortunam.
956 1632 1051 1696 Sedulo]
1074 1586 1101 1682 tl
1118 1644 1161 1692 est,
1179 1650 1211 1682 ex
1228 1634 1320 1689 animo,
1334 1641 1358 1677 et

197 1698 295 1763 decepit
305 1709 414 1746 eventus
438 1699 468 1746 E.
793 1701 846 1749 sine
863 1700 925 1748 dolo.
954 1702 994 1747 Me
1011 1702 1102 1747 missum
1112 1696 1181 1761 succ]
1202 1698 1233 1745 Id
1251 1708 1298 1754 est,
1310 1694 1358 1743 noli

229 1766 269 1811 48.
288 1764 354 1825 Lege
367 1777 496 1810 numerose
510 1763 595 1826 magis,
607 1766 661 1812 Nou
665 1764 718 1825 juso
730 1767 762 1811 ad
793 1764 828 1812 uti
845 1779 921 1828 opera
936 1778 997 1813 meu.
1035 1761 1259 1811 D.-Victorianus
1276 1770 1301 1808 et
1318 1758 1356 1807 alii

197 1830 293 1877 odotem
305 1844 378 1887 posse,
390 1836 432 1875 etc.
457 1827 659 1876 B.-Meuander
673 1828 699 1875 iu
712 1828 759 1876 Co·
793 1827 886 1891 antiqui
903 1827 971 1876 codd.
988 1831 1097 1885 utccedit,
1109 1834 1182 1885 recte,
1200 1842 1251 1874 non
1270 1840 1356 1873 αιιαοοι-

197 1891 332 1940 nizomenis
348 1891 413 1955 apud
430 1892 569 1939 Stoboeum:
584 1889 665 1940 'nm
680 1891 762 1952 μηδεὶς
793 1898 832 1941 sit.
856 1893 884 1940 B.

197 1954 256 2017 πρὸς
272 1958 338 2003 Θεῶν
354 1953 468 2017 nudi-roo
483 1959 561 2005 κακῶς
579 1956 636 2004 λίαν
652 1955 728 2016 diupi
826 1958 865 2003 56.
883 1956 975 2005 Omnes
987 1954 1109 2003 Paerniet
1120 1955 1355 2013 nostri,tute,rscte;

197 2017 264 2067 ποσί.
278 2018 348 2068 Ἴσοι
358 2020 406 2082 γὰρ
413 2020 505 2080 &uadosi
514 2022 586 2069 roim
594 2018 712 2083 umacus
723 2036 761 2080 γ·
794 2021 904 2085 plerique
915 2020 988 2068 etiam
1000 2020 1094 2068 addunt
1104 2022 1176 2077 uliud,
1188 2020 1260 2067 male.
1285 2018 1313 2065 B.

198 2102 271 2133 uerus.
296 2083 334 2131 W.
827 2084 865 2136 57.
883 2076 1356 2147 Restittoeduquemmsaccepirtiioeuu]

230 2150 269 2197 49.
279 2150 388 2206 05555,ιί
394 2148 569 2213 advigilaveris]
578 2147 678 2211 Colligit
688 2149 760 2197 Pam·
795 2149 886 2197 Sensus
906 2149 946 2197 hic
969 2156 1013 2205 est,
1030 2148 1121 2196 Omnia
1139 2148 1200 2195 mihi
1219 2148 1315 2209 integra
1334 2154 1357 2190 et

197 2212 280 2275 philus
288 2213 389 2261 consilia
395 2214 459 2261 Davi
465 2214 496 2261 ad
502 2214 548 2260 hoc
555 2212 674 2276 prolicere
681 2228 761 2277 posse,
794 2213 859 2262 salva
872 2212 953 2271 redde,
966 2212 1047 2275 qualia
1058 2212 1102 2261 tibi
1113 2212 1202 2260 tradidi
1218 2210 1357 2260 consulturo

197 2286 226 2324 ut
248 2277 311 2325 mula
332 2277 365 2325 du
383 2277 456 2326 licata
476 2277 648 2341 geminentur:
677 2287 703 2325 et
726 2286 763 2325 est
795 2278 857 2339 (Μι.
871 2276 954 2325 Ηιιὶιι
972 2280 1079 2325 contuito.
1109 2276 1183 2325 Forte
1199 2278 1356 2326 cmuulturust

198 2340 341 2404 σαριιασμόι.
795 2352 823 2390 ut
831 2352 929 2390 notetur
937 2342 989 2405 ipse
997 2340 1205 2405 Pamphilus),vel
1213 2355 1288 2403 quum
1298 2334 1356 2385 nihil

231 2407 269 2452 51.
294 2408 404 2454 Hostili
416 2424 460 2468 pro
476 2409 567 2454 seruitio
579 2404 661 2467 dedeo]
679 2411 760 2453 ideru-
793 2405 959 2470 promisissem
975 2406 1047 2470 putri.
1075 2407 1246 2453 D.-Reetitue
1263 2419 1326 2467 quen
1341 2416 1356 2447 α

198 2471 320 2526 ληπιιιῶι
341 2469 381 2517 vel
396 2472 560 2531 assumpsistis
575 2472 693 2517 seruitium
715 2484 760 2531 pro
792 2488 826 2518 me
838 2474 946 2532 accepisti
957 2468 1040 2531 locum]
1054 2468 1175 2524 Quoniam
1190 2484 1277 2517 servus
1289 2466 1354 2514 dixe-

198 2532 316 2581 servitute
333 2534 428 2597 posuit:
452 2543 481 2581 ut
498 2533 567 2596 Virg.
581 2532 638 2581 AEn.
651 2532 685 2580 iii.
704 2534 759 2583 327.
793 2543 839 2591 rat,
855 2534 881 2582 Si
899 2534 1027 2582 consilium
1040 2549 1121 2582 meum
1137 2534 1228 2581 bonum
1248 2547 1298 2581 uon
1313 2536 1353 2585 est,

198 2600 296 2645 Seruitia
317 2602 382 2646 euius
404 2602 505 2646 tulimus.
534 2598 648 2645 D.-Pt·o
668 2600 762 2645 seruitio
794 2606 842 2647 tute
858 2601 924 2647 aliud
939 2602 1030 2659 reperi:
1051 2597 1165 2646 dominus
1181 2597 1243 2646 dicit
1259 2593 1353 2645 neutile

198 2660 280 2724 ἄοὺαο]
292 2661 327 2709 Ut
338 2678 426 2725 corpus
437 2662 501 2724 quod
512 2661 538 2708 in
550 2661 649 2711 seruitio
661 2671 705 2719 est,
718 2662 760 2710 de·
793 2662 839 2711 sibi
853 2678 907 2711 esse
921 2671 1083 2726 reperturum,
1095 2662 1117 2710 ai
1129 2662 1200 2710 modo
1215 2661 1243 2709 iu
1261 2676 1290 2710 eo
1305 2658 1354 2707 locu

198 2726 255 2773 beat
276 2725 405 2774 servientis
432 2725 553 2773 officium:
584 2726 680 2774 animus
702 2740 761 2774 vero
793 2726 832 2785 sit,
845 2726 886 2776 ubi
898 2726 944 2774 fuit
959 2736 1016 2774 unte
1031 2742 1103 2789 quam
1120 2726 1274 2790 promisisset
1285 2720 1352 2789 putri.

197 2804 308 2851 nunqum
319 2805 334 2837 a
344 2806 416 2839 servo
432 2790 508 2853 quaeri
517 2790 617 2838 debeat:
635 2789 670 2837 ita
677 2789 758 2838 consi-
792 2791 863 2839 Tunc
874 2792 939 2839 enim
951 2800 1003 2838 tuta
1014 2802 1085 2839 erant
1100 2790 1189 2847 omnis,
1200 2804 1281 2853 neque
1297 2800 1352 2850 qua·

197 2854 257 2901 lium
272 2854 336 2916 quod
347 2854 411 2912 dedi,
422 2870 509 2917 parum
521 2854 542 2902 si
553 2852 674 2917 provenit,
686 2853 760 2902 debes
792 2856 847 2903 dam
855 2854 999 2903 necessitate
1008 2856 1143 2912 tenebatur,
1155 2863 1183 2903 ut
1193 2867 1296 2903 uxorem
1311 2850 1353 2898 du·

196 2918 330 2980 ignoscere.
365 2918 422 2966 Hoc
438 2934 494 2966 cum
511 2918 624 2967 domiuus
644 2918 759 2974 audisset,
792 2930 865 2968 caret.
894 2920 967 2967 Nunc
983 2930 1073 2975 sutem,
1086 2918 1352 2982 quiacoactusaservo

197 2982 261 3046 petit
276 2992 304 3030 ut
319 2982 366 3031 sibi
382 2984 507 3046 praeterita
525 2983 623 3031 fortuna
644 2982 759 3031 restitua-
793 2996 836 3042 est,
849 2998 898 3031 nou
910 2983 1059 3045 poteritjam
1076 2999 1172 3046 negare,
1185 2984 1250 3045 quod
1262 2978 1352 3047 pollici-

197 3056 245 3093 tur.
269 3046 298 3095 R
791 3057 885 3097 tuaest.
905 3048 1165 3096 E.-Recenticresiu
1191 3064 1248 3105 ιιιιιι,
1260 3045 1302 3095 sed
1314 3056 1352 3093 ve·

230 3111 270 3156 52.
289 3112 373 3159 &ucri
394 3115 505 3169 οιοιιίὸιιι,
520 3114 625 3173 pedibus,
642 3119 760 3175 sucusque
792 3112 1153 3161 tustioresrecteomittuntiu
1175 3066 1206 3159 li.
1332 3170 1338 3180 ι

196 3181 221 3222 et
242 3171 304 3235 dies]
328 3174 367 3222 Ad
387 3175 412 3223 id
428 3176 519 3233 intulit,
536 3174 600 3238 quod
621 3175 655 3223 ait
677 3190 759 3238 supra,
825 3179 863 3224 58.
881 3178 956 3225 Hem:
974 3174 1102 3238 sodomus]
1118 3176 1174 3225 Hoc
1185 3175 1255 3238 quasi
1266 3172 1350 3247 iucipi-

200 3240 294 3289 Qume
310 3242 399 3286 acredo
410 3242 514 3287 55555555
527 3242 667 3300 pedibusque
680 3242 760 3287 555555
793 3241 857 3289 entis
864 3240 1107 3303 demonstrantisque,
1116 3239 1206 3303 aliquid
1214 3240 1349 3287 novissm-

196 3255 406 3363 muiofitcturum.
436 3302 618 3350 Etaccusativo
632 3318 691 3351 casu
705 3303 758 3351 sine
791 3305 893 3353 venisse.
923 3305 1086 3365 D.-Grspus't
1101 3322 1116 3353 ο
1135 3308 1240 3367 Glycerio
1259 3296 1350 3361 mitum]

196 3364 378 3413 intermissione
399 3366 528 3429 significat,
556 3375 631 3414 ocem
656 3376 679 3415 et
701 3371 757 3416 dies.
792 3370 842 3418 Cur
863 3370 953 3417 totiens
969 3368 995 3417 iu
1014 3368 1170 3431 antiquorum
1192 3368 1281 3417 fabulis
1303 3366 1350 3413 hac

197 3428 315 3487 Manibus,
324 3432 428 3491 peditus,
441 3432 609 3493 ὑπερβολικῶς.
634 3431 665 3479 Ι).
792 3434 865 3483 verbs
878 3432 997 3496 legantur,
1003 3432 1069 3495 sores
1085 3450 1198 3495 crepacore,
1210 3433 1251 3480 vel
1258 3431 1351 3495 pulsato

230 3495 269 3541 64.
287 3496 377 3542 Psater
386 3512 446 3557 ιροιιι
455 3494 541 3557 euenit]
553 3498 644 3554 Euenit,
653 3496 757 3559 produc-
784 3496 857 3559 sores,
870 3497 1014 3547 Plutarchus
1032 3513 1077 3545 nos
1092 3499 1164 3547 docet
1173 3498 1199 3546 iu
1212 3494 1349 3545 Publicola:

195 3568 249 3608 tum
261 3559 352 3619 magis:
370 3560 489 3622 quiahoc
505 3568 625 3623 perpetuo
641 3575 691 3608 non
708 3559 761 3608 vult
794 3561 908 3610 κόπτουσι
928 3562 967 3610 nul
986 3564 1090 3625 ψοφοῦσι
1108 3562 1152 3612 eds
1175 3562 1266 3610 ἑαυτῶν
1285 3557 1349 3621 diuus

196 3622 327 3686 Pamphilo
337 3624 454 3672 accidere.
483 3624 549 3687 Ergo
560 3628 640 3682 evicit,
653 3639 702 3671 uon
717 3639 759 3672 au·
794 3624 888 3683 tasso,
901 3626 924 3674 oi
934 3624 1038 3685 προϊέναι
1048 3624 1188 3686 μέλλοντες,
1197 3626 1260 3676 ὅπως
1271 3622 1348 3677 αἴσθη-

196 3700 247 3736 tem
269 3691 343 3736 insuit
365 3688 446 3736 media
467 3698 585 3751 correpta.
617 3688 762 3737 D.-Meu·i
793 3706 829 3738 σοι
843 3690 886 3751 ἔξω
897 3687 1255 3753 γίνοιτοτοῖιπαριρχομένοιι,
1268 3691 1346 3749 ἦτρο-

196 3752 259 3801 ratio
281 3756 362 3810 euenit,
379 3768 429 3801 non
452 3756 532 3811 sciuit,
550 3753 673 3816 efflagitat.
698 3752 762 3800 B.—·
794 3757 890 3811 εστῶσι,
909 3754 948 3803 sul
968 3754 1000 3815 μὴ
1019 3752 1242 3814 καταλαμβάνοιντο
1258 3746 1346 3816 προϊού-

195 3816 334 3865 Menander
340 3816 366 3864 iu
374 3815 540 3877 Δεισιδαίμονι,
548 3817 758 3881 apudstobaeum:
793 3836 845 3867 οαιι
856 3819 908 3867 ταῖς
920 3817 1029 3867 κλειιίσιν
1040 3817 1074 3867 εἷς
1084 3818 1128 3866 τὸν
1141 3816 1270 3867 στενωπόν.
1298 3817 1346 3878 Ορ-

196 3880 336 3944 Οἰιδαΐγὰρ
352 3878 553 3930 ἰιδικεῖνοικόιασ
575 3880 657 3930 ἄλλος
672 3899 701 3929 τι
718 3880 760 3929 καὶ
792 3882 851 3930 time
869 3882 999 3931 Helladius
1017 3882 1042 3931 in
1066 3884 1188 3946 excerptis
1204 3884 1270 3946 apud
1287 3881 1345 3930 Pho·

190 3940 270 3993 ’θιαν
281 3947 431 4008 dirumpite,
445 3945 511 3994 ἄλλὰ
523 3945 575 4006 μοιι
591 3944 682 3993 εὐνοίας
696 3944 760 3994 τινὸς
792 3946 862 4003 tium,
875 3947 990 3996 Biblioth.
1002 3961 1026 4010 p.
1040 3948 1094 3998 875.
1114 3947 1158 4005 ὅτι,
1176 3947 1244 4008 φησὶ,
1265 3943 1347 3995 τούτου

179 4009 342 4058 ‘nsulsum'
371 4009 473 4074 αἰσχρὸν
493 4011 566 4058 τοῦτο
587 4009 635 4073 γὰρ
659 4008 760 4058 πέλεται
791 4009 863 4073 χάριν
874 4010 989 4061 κόπτουσι
1000 4012 1064 4075 παρὰ
1074 4014 1126 4062 τοῖς
1142 4012 1253 4071 κωμικοῖς
1267 4011 1290 4061 οἱ
1305 4010 1344 4068 tn-

194 4070 263 4119 τάνν.
287 4073 326 4120 W.
793 4072 861 4124 dures
876 4075 920 4124 τὰς
936 4076 1012 4136 θύραι,
1029 4075 1089 4125 διότι
1105 4076 1166 4138 οὐχ,
1185 4077 1215 4124 ὣς
1230 4072 1346 4138 παρ’ἡμῖν

227 4137 266 4183 55.
288 4139 375 4184 Porum
386 4142 486 4187 succedit
497 4141 557 4201 quod
568 4154 612 4201 ugo
620 4137 645 4200 i]
663 4137 691 4185 Si
703 4153 759 4186 nos·
794 4138 850 4197 νυνὶ,
859 4138 888 4187 τὸ
899 4139 1002 4189 παλαιὸν
1010 4140 1159 4201 usturam
1171 4140 1196 4189 ul
1210 4138 1281 4203 θύραι,
1294 4132 1344 4185 dil'

194 4210 259 4249 trum
270 4210 314 4256 est,
324 4202 403 4249 officia
413 4204 535 4266 praebere:
553 4213 579 4250 at
588 4213 758 4251 nostrumnon
791 4202 985 4267 ἐνανιίρτρόπφ.
1014 4202 1093 4266 ἔξοθεν
1108 4204 1156 4268 γὰρ
1169 4198 1343 4262 sustempt-

193 4274 238 4322 οιι,
262 4264 383 4312 fortunam
404 4282 476 4330 posse
492 4276 616 4332 praestare.
645 4267 679 4315 Et
695 4267 758 4315 bene
790 4285 883 4327 πονιει,
900 4267 994 4318 ἔνδοθεν
1011 4266 1117 4329 ἐξήισαν.
1147 4267 1260 4331 πρότερον
1277 4266 1301 4317 δὲ
1315 4264 1344 4323 ri

193 4331 303 4388 succedit,
319 4336 354 4386 ut,
371 4331 434 4392 quod
450 4331 553 4395 agimus,
569 4330 682 4380 ostendat
700 4346 756 4381 suc-
790 4332 853 4394 χειρὶ
864 4330 942 4394 ψόφον
954 4332 1048 4383 ἐποίουν
1059 4332 1235 4395 κρούοντες,ὰὶ
1247 4332 1277 4382 ri
1287 4330 1342 4393 γνῦ·
