2834 4759
226 177 293 241 468
548 173 735 243 ALTER
765 176 1062 244 PROLOGUS

318 310 406 384 Quia
421 311 560 376 sciebam
576 312 707 377 dubiam
722 312 884 379 fortunam
897 334 970 379 esse
982 314 1155 393 scenicam,

317 410 384 493 Spe
399 410 522 476 incerta
535 421 660 475 certum
673 410 751 475 mihi
764 410 907 477 laborem
923 412 1056 477 sustuli:

277 520 307 567 10
320 506 463 573 Easdem
477 530 574 592 egere
589 510 686 593 coepi,
701 519 739 572 ut
752 509 794 572 ab
809 511 923 575 eodem
938 510 1016 575 elice
1030 512 1187 576 discerem

319 605 445 683 Novas,
462 607 625 683 studiose3
647 629 688 670 ne
703 604 792 671 illum
807 610 848 673 ab
863 610 973 674 studio
987 610 1192 675 abducerem.

320 702 449 768 Perfeci
464 716 499 767 ut
515 715 756 789 spectarentur:
780 708 837 770 ubi
851 718 928 771 sunt
942 708 1093 792 cognitae,

325 802 457 867 Placitae
473 814 566 871 sunt:
588 804 635 867 ita
647 816 777 888 poetam
791 806 919 869 restitui
932 806 964 869 in
979 804 1096 885 locum,

321 899 431 985 Prope
441 903 509 986 jam
523 914 680 967 remotum
693 904 810 987 injuria
825 904 1045 969 adversarium

279 1011 308 1056 15
320 997 377 1062 Ab
392 1000 512 1075 studio,
528 1013 626 1084 atque
641 1003 682 1065 ab
694 1000 817 1079 labore,
833 1012 932 1085 atque
948 1012 1018 1066 erte
1032 1002 1164 1067 musice.

320 1099 420 1170 Quod
436 1101 463 1163 si
480 1101 671 1184 scripturam
687 1102 880 1185 sprevissem
894 1100 1125 1185 inpraesentia,

321 1198 367 1261 Et
383 1200 415 1261 in
431 1199 627 1263 deterrendo
641 1198 812 1263 voluissem
827 1220 958 1283 operam
973 1219 1111 1275 sumere,

231 1342 236 1356 .
321 1294 416 1359 Utin
430 1296 496 1359 otio
511 1298 732 1380 essetpotius,
747 1320 843 1381 quam
859 1298 891 1360 in
905 1297 1055 1381 negotio:

321 1393 563 1458 Deterruissem
577 1393 682 1471 facile,
698 1417 738 1458 ne
754 1392 832 1458 alias
848 1396 1015 1460 scriberet.

278 1504 309 1551 20
320 1491 419 1556 Nunc
434 1493 513 1576 quid
530 1504 650 1577 petam,
665 1515 738 1557 mea
752 1515 849 1557 causa
864 1516 958 1577 aequo
973 1493 1079 1557 animo
1092 1492 1266 1559 attendite.

320 1592 484 1677 Hecyram
498 1592 541 1655 ad
555 1615 612 1656 vos
627 1590 744 1670 refero,
762 1614 859 1676 quam
873 1591 950 1655 milri
964 1612 1025 1675 per
1040 1590 1203 1655 silentium

267 1728 289 1773 8.
304 1725 364 1778 Quia
376 1729 474 1774 rodebam
485 1726 577 1774 dubiem
587 1725 720 1789 fortunam]
736 1726 794 1775 Non
861 1726 897 1773 14.
912 1723 986 1787 Prope
994 1724 1048 1787 jem
1058 1725 1201 1789 retentatum]
1214 1723 1351 1775 Gemintrit
1360 1742 1375 1770 ιι

234 1790 310 1851 icitur
319 1802 398 1854 poetae
404 1791 482 1853 culpa,
491 1792 534 1838 sed
544 1806 615 1839 casus
621 1795 666 1848 est,
674 1807 729 1838 nam
739 1790 794 1839 ideo
826 1790 959 1838 secundum
977 1791 1096 1853 antiquos,
1109 1791 1150 1853 qui
1165 1807 1255 1840 omues
1272 1792 1300 1839 in
1309 1790 1375 1839 verbis

235 1857 337 1903 fortunae
359 1865 472 1903 eventum
500 1856 588 1903 extulit
612 1856 655 1919 (od
673 1854 794 1918 fortunam
825 1854 1104 1919 liquidasduplirabent.
1128 1856 1159 1904 Ι).

233 1927 335 1969 temleri
344 1924 430 1969 retulit.
447 1920 489 1967 Sic
497 1918 561 1968 inila
571 1935 621 1969 tter.
634 1920 694 1983 ²2).
713 1922 744 1969 D.
860 1922 897 1967 15.
917 1924 956 1968 At
973 1922 1056 1977 studio,
1076 1928 1144 1983 atque
1161 1923 1190 1969 ab
1210 1919 1301 1983 tuton]
1321 1920 1376 1967 Bene

236 2006 239 2010 ²
267 1986 289 2033 9.
360 1988 546 2034 ineertaeertum
560 1988 615 2032 mitt
630 1988 727 2034 lotorem
742 2000 792 2035 tur·
826 1984 933 2033 ostendit
954 2000 981 2032 se
1003 1985 1094 2049 populo
1110 1985 1241 2049 profuisse,
1266 1985 1377 2035 cecilium

233 2049 291 2112 tuli]
332 2050 473 2108 ententiose,
497 2059 522 2098 et
541 2066 635 2098 rerum.
664 2048 729 2099 Nam
750 2050 793 2099 ubi
825 2058 922 2113 poetam
938 2050 969 2097 ad
984 2049 1090 2098 laborem
1106 2051 1247 2099 revocando
1262 2062 1375 2114 atquem

234 2127 301 2163 certa
312 2130 368 2179 spes
379 2125 423 2173 est,
435 2114 497 2163 mbil
507 2130 569 2179 opus
580 2126 618 2163 est
632 2114 715 2163 labore
726 2126 793 2164 certo
826 2126 882 2162 tem.
900 2116 938 2163 Ab
947 2114 1069 2175 (Faernus
1078 2126 1143 2163 recte
1154 2116 1266 2164 correxit
1273 2116 1316 2173 sic,
1326 2130 1377 2161 rem·

234 2192 262 2227 ac
279 2180 424 2228 vehementi.
452 2182 496 2242 Spe
506 2179 608 2242 ineerta]
619 2180 700 2238 Pro‚s
719 2180 741 2229 ei
752 2180 792 2228 in·
825 2182 903 2227 cardo.
931 2192 1021 2232 Arous
1048 2192 1120 2227 rnre
1143 2194 1258 2228 uusrcn.
1290 2183 1327 2228 At
1345 2178 1376 2237 Z.)

234 2248 320 2295 terte:
339 2244 501 2293 nndeestir?
518 2196 719 2308 Incertacertrrmq
739 2244 793 2293 Ho·
825 2254 906 2292 eutem
923 2244 948 2292 in
966 2244 1038 2292 tertio
1057 2246 1183 2293 commode
1204 2247 1324 2307 (comm
1345 2240 1377 2302 Z«)

234 2319 304 2358 nesta
320 2310 405 2373 figure,
418 2326 471 2373 quae
483 2309 572 2358 dicitur
582 2309 705 2358 duritem.
728 2310 794 2357 D.—-·
825 2308 972 2358 audiendum
989 2320 1040 2357 est:
1058 2320 1092 2368 ut,
1112 2310 1168 2357 AEn.
1181 2310 1197 2358 i.
1211 2313 1269 2359 431.
1280 2312 1326 2359 fflc
1333 2324 1377 2371 prr·

235 2378 279 2435 dpe
296 2378 384 2423 incerta
400 2382 485 2423 certum
504 2378 560 2423 milti
577 2378 674 2422 laborem
695 2372 792 2437 sustuli]
825 2382 861 2422 tas
880 2376 923 2421 atti
940 2376 1057 2435 effodiunt,
1075 2377 1113 2423 tte
1131 2378 1180 2423 elta
1198 2378 1288 2424 theatri
1300 2373 1377 2438 surde·

235 2440 323 2488 Hicse
334 2440 493 2496 commendat,
506 2455 553 2502 quo
569 2438 663 2488 facilius
677 2439 794 2504 impetret
824 2446 900 2487 merita
911 2441 1046 2496 locuntalr'i,
1057 2443 1207 2503 immunesque
1226 2444 1377 2489 cobmnesrr·

235 2505 299 2567 quod
310 2504 446 2553 desiderat:
465 2507 562 2553 laborem
578 2508 727 2553 certissimam
743 2522 794 2553 sut·
823 2506 893 2565 pibus
910 2506 1024 2561 aciduut,
1041 2508 1114 2552 scenis
1130 2508 1213 2553 decora
1229 2509 1282 2553 elta
1293 2504 1378 2568 suteris

235 2570 294 2624 tuu,
311 2579 336 2618 at
367 2569 462 2618 lucendi
479 2585 536 2634 spes
546 2580 583 2618 est
594 2580 620 2617 et
630 2568 696 2632 (dele
707 2577 731 2618 et
752 2569 794 2631 Z.)
827 2568 1021 2617 D.-Consensu
1032 2569 1100 2617 codd
1109 2579 1284 2633 reponensque
1300 2567 1378 2617 artent
1411 2574 1412 2633 ζ

233 2634 333 2682 incerta.
350 2586 387 2683 b.
826 2636 919 2681 murice
938 2633 1070 2681 ilocenim
1083 2632 1377 2683 necaremunecr'ler.
1411 2642 1412 2683 l

268 2702 305 2747 1⁰.
318 2698 430 2763 Easdem]
449 2698 561 2747 Exactas
586 2697 661 2761 Goept]
682 2698 791 2747 Difficul·
826 2698 1133 2747 consuetudineubhorret.
1156 2700 1185 2747 B.

236 2772 309 2812 tatem
321 2763 379 2813 lacti
395 2774 420 2813 et
435 2763 549 2812 molimen
566 2764 679 2812 ostendit.
708 2767 746 2812 Ab
757 2780 794 2813 eo·
862 2763 900 2811 16.
917 2764 945 2811 In
962 2762 1099 2827 moermtta]
1120 2764 1208 2812 Statim
1225 2775 1256 2813 ut
1270 2780 1285 2813 e
1301 2759 1379 2829 populo

235 2829 298 2893 dem]
316 2828 414 2878 Caecilio
425 2828 524 2877 scilieet.
548 2827 580 2877 D.
828 2826 975 2889 ejiciebatur.
990 2828 1104 2877 n-Pm
1115 2828 1378 2893 scripturamlegserip·

240 2913 244 2921 ·
271 2896 307 2942 ll.
320 2898 398 2943 Neres
412 2897 558 2951 stadiorum
575 2896 639 2941 r’lturr
658 2896 689 2941 ab
707 2896 783 2941 studio
829 2901 905 2940 torem.
928 2893 1378 2957 Numuerba,quaesequuntur,dstrr·

237 2958 374 3025 Παρόμοιον.
400 2962 640 3007 Neillurratrtadr'o
650 2962 783 3007 ebdecmm
828 2970 886 3015 rere,
899 2960 923 3005 in
940 2960 985 3005 otio
1001 2974 1056 3016 erre,
1072 2962 1178 3017 sertim
1195 2960 1324 3025 scripture
1338 2968 1377 3004 uon

239 3025 330 3073 lterum
342 3022 565 3073 mnrabonesmtis
591 3023 623 3071 D.
829 3022 985 3071 conveniunt.
1010 3023 1038 3070 B.
1256 3028 1261 3053 ²

238 3086 242 3092 ’
271 3092 307 3137 12
329 3088 427 3151 Perstet,
446 3098 473 3137 ut
491 3085 660 3150 spectarentur]
689 3087 797 3135 Attende
864 3088 901 3135 18.
918 3090 1377 3153 Uttnottoerretpotr'ar,qaaerturrgr

237 3156 353 3216 quantum
370 3154 466 3217 pondus
482 3154 578 3210 habeat,
599 3153 663 3216 quod
681 3168 731 3199 non
746 3151 798 3213 sect
830 3150 874 3215 tto]
894 3152 934 3199 Ex
953 3152 1014 3215 ipsis
1030 3168 1112 3201 rerum
1130 3154 1273 3204 nominibus
1288 3148 1379 3201 ostendit

236 3218 305 3274 dixit,
318 3219 362 3266 sed
375 3219 458 3282 potius
471 3216 558 3280 perfect
566 3238 575 3266 .·
591 3228 619 3265 ut
633 3216 721 3265 molem
734 3216 796 3265 diffi-
829 3216 970 3265 facilitatem
982 3216 1127 3267 deterrendi.
1151 3218 1183 3267 D.

236 3282 333 3331 culturis
345 3284 489 3331 ostenderet.
511 3286 556 3330 Ubt
566 3291 620 3330 runt
630 3284 732 3347 cognita,
742 3284 795 3343 plc-
861 3284 899 3330 20.
912 3284 981 3330 Nunc
992 3286 1049 3345 quid
1060 3291 1145 3344 petam,
1156 3300 1206 3332 neu
1218 3282 1302 3346 cuasa]
1322 3281 1377 3329 litut

237 3350 289 3395 er'tae
309 3347 375 3411 rant]
398 3347 504 3410 Eleguns
525 3348 662 3411 promissio,
686 3356 712 3395 et
733 3348 796 3395 hanc
825 3354 903 3408 petam
920 3356 946 3394 et
962 3362 1011 3395 mea
1030 3364 1107 3404 cauea,
1127 3348 1196 3410 quasi
1219 3358 1307 3397 orator.
1333 3344 1377 3393 litt

236 3412 388 3477 placituram,
406 3412 428 3461 si
444 3424 610 3475 cognoscetur.
635 3412 670 3459 Et
687 3421 724 3459 eat
737 3426 796 3460 con·
828 3425 970 3475 causaeque
980 3415 1055 3461 astruo
1065 3416 1183 3462 attendite.
1204 3406 1376 3462 Commendrtit

233 3478 329 3539 jectura
347 3494 363 3526 a
379 3477 461 3525 tuturo
477 3483 594 3541 tempore.
618 3476 797 3525 uersum
828 3490 939 3540 personae
956 3476 1018 3525 levis
1035 3492 1080 3541 per
1099 3478 1171 3526 eliam
1187 3492 1317 3541 personam
1333 3488 1377 3537 gn·

236 3546 339 3605 cognite,
343 3540 508 3604 placttaemnt]
519 3540 705 3598 Videsasimili,
713 3556 797 3604 quem·
829 3552 891 3599 rem,
910 3541 1043 3590 secundum
1063 3552 1185 3607 precepta
1201 3543 1229 3591 iu
1247 3536 1376 3593 Rhetoricis

237 3608 367 3656 admodum
385 3607 424 3655 hie
442 3616 611 3670 argumentum
630 3616 655 3655 et
673 3608 797 3667 conjectu·
829 3605 863 3654 D.

239 3688 291 3720 ram
309 3672 407 3728 fecerim
424 3672 558 3735 siquidem
578 3671 627 3719 illae
646 3670 738 3720 Caecilii
756 3686 798 3719 co·
863 3672 901 3718 21.
923 3672 1040 3733 Hecyram
1058 3674 1091 3719 cd
1111 3688 1149 3721 ror
1169 3670 1257 3736 resero]
1281 3672 1377 3719 naun

239 3736 398 3799 moediaequae
412 3736 516 3785 excluse
532 3735 665 3799 suntquis
676 3746 733 3783 ante
749 3750 798 3784 non
830 3734 978 3801 principium
1006 3736 1152 3786 narrationis
1182 3736 1312 3786 inducitur.
1336 3732 1376 3780 He·

239 3812 310 3850 erant
333 3802 444 3863 cognite,
465 3813 620 3866 posteaquam
640 3816 695 3849 meo
716 3802 799 3849 labore
832 3802 1004 3865 cyrenaeum
1019 3796 1105 3865 refero]
1123 3801 1276 3866 Principium
1292 3816 1305 3849 e
1319 3796 1374 3862 prin·

240 3866 343 3931 cognite
354 3878 418 3925 sunt,
430 3867 526 3931 placere
541 3876 680 3929 coeperunt:
698 3880 757 3928 ergo
775 3874 800 3913 et
832 3865 905 3930 cipali
927 3866 1067 3928 questione,
1086 3880 1118 3915 an
1137 3867 1236 3930 cognita
1255 3867 1294 3925 sit,
1313 3872 1336 3911 et
1351 3872 1374 3906 m

239 3932 293 3980 istae
308 3933 439 3995 placebunt
455 3932 508 3980 sine
526 3931 607 3990 dubio,
623 3946 679 3979 cum
696 3946 799 3994 cognos-
832 3932 964 4005 spectanda
986 3930 1025 3978 sit.
1061 3932 1135 3983 Quare
1153 3931 1224 3995 mitt]
1245 3935 1267 3982 Α
1287 3936 1375 3995 percont

240 4008 332 4045 centur.
355 3996 386 4045 E.
650 4016 653 4020 ²
832 3994 943 4043 dicentis.
977 3996 1116 4047 lte-onam
1139 4000 1195 4045 mitt
1214 4014 1258 4060 per
1278 3994 1374 4044 ,turrim

276 4062 312 4110 13.
323 4064 419 4111 Plocitoe
427 4058 493 4124 rant]
507 4061 573 4109 Nota
580 4058 735 4124 perticipium
747 4058 801 4108 sine
832 4076 945 4121 nmquam
956 4076 1025 4123 cgere
1033 4062 1121 4109 licitare
1132 4059 1178 4124 ert]
1193 4062 1243 4111 llic
1257 4064 1313 4124 jam,
1321 4068 1373 4104 com·

241 4127 322 4174 verbo.
347 4124 713 4189 Itopoetamrern'tutr'nlocum]
735 4125 801 4173 Mire
833 4124 959 4189 paratione
976 4141 991 4172 a
1006 4125 1080 4173 simili
1091 4126 1164 4174 ductu
1175 4136 1201 4174 et
1212 4115 1372 4177 terminateld

241 4204 290 4238 non
302 4192 434 4247 cecilium,
445 4192 487 4238 sed
497 4203 609 4255 poenum:
627 4201 654 4237 ut
664 4189 711 4237 hoc
726 4204 801 4253 gene-
833 4189 1186 4254 primumquaestionemreditr
1204 4178 1372 4259 docenteque

241 4255 326 4303 raliter
333 4255 423 4319 populo
433 4255 582 4319 prestitisse,
594 4269 643 4301 non
655 4255 697 4302 uni
709 4254 802 4302 homini
834 4254 868 4303 eit
888 4254 1028 4317 frequenter
1049 4256 1163 4305 exclusus
1185 4272 1235 4305 non
1257 4270 1299 4303 suo
1318 4250 1372 4301 vius

241 4319 359 4369 videatur.
384 4322 520 4368 Restitutio
537 4318 621 4382 locum]
641 4319 706 4374 Quia
722 4334 801 4367 remo·
835 4333 914 4381 neque
927 4320 1019 4382 iudicio
1035 4320 1066 4368 de
1078 4320 1203 4369 comesdin.
1238 4319 1299 4370 Petit
1312 4314 1373 4383 igitur
1411 4346 1412 4361 r

242 4394 293 4432 tum
303 4396 328 4433 et
339 4385 463 4432 exclusum
474 4385 543 4432 dixit.
563 4386 725 4434 o.-Pucrrae
734 4384 800 4447 sert]
835 4384 983 4433 audientium
995 4397 1022 4433 ut
1033 4386 1137 4449 populus
1148 4388 1268 4449 prebestr
1285 4394 1307 4431 et
1315 4386 1371 4445 pom!
1411 4438 1412 4443 ¹

242 4450 348 4509 Servius,
362 4449 458 4497 AEneid.
471 4465 494 4497 x.
509 4450 561 4498 tos.
585 4450 613 4497 L.
674 4470 678 4477 ·
835 4448 875 4498 hic
892 4450 970 4513 ipsein
985 4450 1107 4515 duplicem
1124 4452 1270 4502 exclusionis
1283 4454 1370 4497 cerem
1411 4506 1412 4533 ,
