2834 4759
48 181 157 227 sorus
172 162 212 249 1.]
528 162 770 231 HECYRA.
1140 162 1206 231 519

47 297 168 363 nMr.
185 296 343 372 Quamvis
370 320 501 364 cansam
526 298 614 365 hunc
640 299 810 386 suspicari,
834 318 931 383 quarn
959 298 1062 383 ipram
1086 317 1208 378 veram,

92 394 293 607 Pmmlailrllli
308 496 400 581 prius
421 496 512 575 scivi,
526 516 624 583 quam
639 507 687 574 tu,
702 494 792 560 illum
811 496 945 561 amicam
964 494 1098 575 habere,
1114 496 1207 583 Myr-

90 592 271 755 Verirhritnid
281 691 393 756 vitium
407 714 572 777 nunquam
586 692 717 758 decrevi
731 714 804 757 esse
819 713 882 777 ego
897 692 1144 759 adolescentiae:

90 788 180 853 Nam
201 789 236 854 id
259 791 407 855 omnibus
429 790 635 855 innatum’st:
659 799 693 854 at
714 788 770 875 pol
786 790 855 876 jem
878 789 994 870 aderit,
1018 814 1053 857 se
1075 813 1207 878 quoque

157 889 255 953 etiam
269 911 369 973 quum
385 888 501 954 oderit.

91 984 161 1051 Sed
156 985 318 1152 a(pltmplim
339 998 372 1053 te
394 986 577 1064 ostendisti,
591 986 712 1051 eadem*
725 1008 810 1064 esse,
824 986 904 1051 nihil
920 988 1086 1053 cessavisti
1101 1008 1207 1075 usque

45 1195 80 1243 ao
92 1180 248 1249 Utiiliam
257 1184 299 1249 ab
308 1206 349 1249 eo
358 1184 556 1262 abducerem
571 1204 647 1260 neu,
657 1182 747 1268 quod
756 1204 819 1268 ego
827 1182 977 1269 egissem,
987 1193 1076 1249 esset
1084 1193 1204 1250 ratum:

91 1280 135 1345 Id
148 1304 235 1347 nunc
249 1304 303 1347 res
317 1282 471 1347 indicium
481 1281 554 1346 haec
568 1280 657 1357 facit,
673 1303 739 1365 quo
754 1291 851 1366 pacto
867 1279 988 1346 factum
1002 1279 1153 1346 volueris.

91 1376 167 1444 Mr.
184 1380 315 1445 Adeon'
328 1402 380 1445 me
395 1402 470 1445 esse
484 1380 685 1465 pervicacem
699 1402 825 1457 censes,
841 1380 893 1445 cui
907 1390 1011 1445 mater
1029 1380 1119 1459 siem,

92 1477 142 1543 Ut
155 1500 196 1543 eo
210 1501 316 1544 essem
330 1481 447 1555 animo,
462 1481 489 1543 si
504 1502 546 1545 ex
560 1501 623 1543 usu
637 1487 727 1542 esset
739 1486 852 1541 nostro
866 1477 930 1542 hoe
944 1479 1206 1545 matrimonium?

94 1573 160 1641 Pu.
178 1576 265 1641 Tuu’
280 1578 479 1664 prospicere,
497 1588 554 1642 aut
566 1576 716 1662 judicare
736 1586 881 1640 nostram
908 1576 941 1639 in
963 1598 1032 1641 rem
1052 1577 1141 1662 quod
1154 1578 1208 1657 sit,

158 1678 279 1761 potes‘i

44 1792 180 1851 accuratio,
191 1793 256 1856 qood
267 1793 319 1842 hnc
328 1792 411 1842 locuta
421 1793 468 1843 sit:
486 1792 530 1841 red
541 1807 613 1855 argu·
646 1799 689 1841 stc.
701 1800 730 1840 ut
744 1790 863 1841 iambicus
874 1792 907 1841 ait
917 1807 973 1843 cnm
985 1792 1150 1857 sequentibus.
1173 1795 1210 1843 At

45 1868 161 1907 mentum
171 1868 216 1914 eat,
227 1858 293 1921 quod
303 1857 384 1907 celare
394 1857 499 1907 voluerit
508 1867 614 1922 partum,
646 1871 702 1905 cum
717 1856 794 1905 nostri
809 1857 921 1915 habeant,
940 1860 1018 1907 oderit
1037 1866 1209 1922 temperarem

45 1938 105 1987 qun
124 1922 170 1971 lroc
190 1923 249 1972 olim
266 1922 364 1971 dixerit.
394 1923 441 1977 Qut
454 1921 613 1985 pernoctaret]
646 1920 710 1970 iorte
724 1921 759 1970 sic
774 1920 820 1985 leg.
833 1922 1076 1986 etdistinguendum,
1091 1926 1173 1973 Versat
1184 1928 1211 1973 ld

45 1988 156 2051 Propter
165 1987 227 2036 illud
238 1988 302 2051 quod
316 1987 419 2045 dixerat,
433 1990 496 2040 Qas'd
505 1990 614 2035 intereo?
645 1989 728 2035 sitiam
745 2004 859 2050 vespm
875 1990 965 2037 decrm
982 2005 1030 2037 esre
1048 2004 1104 2051 ego:
1121 1991 1210 2039 adcisa·

45 2056 130 2101 itam
145 2054 344 2101 adBoocits'dessi
363 2052 477 2106 Quotidie.
507 2052 540 2099 Et
556 2063 615 2099 nota
646 2054 727 2101 παίω
742 2047 746 2115 Ι
762 2052 869 2099 innatast
889 2060 940 2100 ert.-
965 2060 991 2101 si
1009 2055 1049 2115 pol
1060 2054 1114 2116 jora
1133 2056 1211 2103 aderit

44 2116 202 2166 familiariter
219 2118 265 2166 hoc
276 2117 378 2165 verbum
392 2117 452 2181 poni
463 2132 478 2164 a
489 2116 613 2165 Terentio.
647 2124 741 2178 tenpus
751 2132 777 2164 rs
787 2133 874 2179 qaoque
884 2120 954 2165 sitan
965 2134 1015 2165 cass
1026 2120 1107 2166 oderit.
1130 2118 1160 2166 B.

46 2182 91 2231 Sic
102 2182 130 2230 in
139 2181 266 2246 Adelphis,
278 2185 325 2231 Sed
334 2185 356 2230 ri
366 2184 404 2231 ite
411 2188 526 2243 pruneto,
538 2198 614 2229 masa
678 2182 718 2229 29.
729 2182 776 2229 Sed
785 2188 811 2229 at
821 2183 875 2229 olim
884 2189 906 2230 te
917 2181 1050 2244 numan]
1069 2182 1152 2236 Quum
1168 2198 1210 2231 ru·

45 2250 107 2312 quid
116 2250 200 2305 dimas,
212 2250 290 2310 Syre?
313 2247 345 2295 D.
646 2244 745 2309 periore
760 2245 825 2293 dicta
842 2254 907 2294 sunt.
930 2242 1038 2295 nss-Ne
1048 2250 1134 2305 radon,
1145 2247 1213 2310 qnod

80 2313 121 2359 25.
133 2314 241 2363 mancis
251 2309 356 2374 cmm]
369 2310 426 2359 Hoc
435 2318 538 2375 propter
543 2325 613 2375 spoc-
646 2320 749 2359 accentu
761 2309 824 2373 erigi
836 2309 955 2367 desertis
966 2310 1042 2359 Thesi
1052 2310 1211 2387 deprimatur,

44 2386 154 2425 tatorem
172 2375 271 2435 dicitur,
282 2384 310 2424 ut
324 2385 450 2439 gestorum
466 2374 614 2425 meminerit.
645 2374 694 2438 leg.
712 2390 744 2423 ex
755 2374 808 2423 edd.
819 2384 878 2423 vett.
890 2384 915 2423 et
926 2390 976 2423 uno
986 2391 1001 2423 e
1012 2385 1110 2433 nostris,
1120 2379 1172 2435 Sed,
1184 2384 1212 2425 at

48 2444 127 2493 Qum
136 2445 210 2503 ipssa
219 2440 309 2503 mon]
321 2440 386 2495 Quis
397 2439 448 2490 sola
458 2456 490 2489 ex
500 2439 614 2489 omnibus
645 2442 700 2487 tan
715 2448 737 2489 ts
751 2442 879 2499 umbri,
895 2442 932 2487 sil
947 2444 1065 2489 moirti
1075 2443 1153 2489 iodea
1163 2458 1212 2491 raas

45 2506 306 2570 deiendinonpotest
327 2504 615 2569 D.-l'rovulgarissalo
646 2506 812 2567 marnac.
835 2505 865 2553 B.

45 2571 99 2619 duo
110 2570 201 2619 rsemi
212 2579 238 2619 et
249 2570 350 2619 totidem
361 2584 376 2619 s
386 2569 477 2619 nostris
487 2578 554 2619 recte
564 2586 613 2618 ssc-
679 2570 719 2617 80,
735 2572 766 2617 Ut
771 2572 846 2629 fliius
854 2572 884 2618 ab
893 2586 919 2617 eo
926 2568 1066 2683 aarum&
1072 2570 1211 2621 Vehemen-

45 2638 104 2684 coio.
126 2635 156 2683 B.
647 2633 696 2683 tius
714 2632 784 2691 dixit,
796 2648 869 2697 quam
886 2633 908 2683 si
927 2634 1027 2693 diceret,
1068 2644 1079 2683 t
1097 2634 1173 2685 filiam
1188 2636 1212 2685 ei

82 2700 122 2748 26.
139 2702 217 2750 Multo
229 2703 298 2762 prise
315 2702 379 2757 sciri,
398 2716 466 2761 quan
482 2698 521 2761 ta]
546 2699 615 2748 Bene
647 2713 697 2747 non
708 2697 830 2747 redderes.
853 2700 891 2747 Ne
908 2703 969 2761 qaod
981 2715 1022 2762 ego
1037 2703 1139 2763 egissem,
1154 2709 1213 2751 esset

47 2763 146 2829 pergit:
163 2764 221 2827 qnia
236 2763 390 2813 taciturnitas
405 2779 452 2828 pro
465 2764 616 2813 consessione
647 2762 737 2826 rotam]
751 2764 823 2819 Quod
834 2764 865 2811 ab
881 2778 911 2811 eo
921 2764 1028 2822 abducis,
1040 2778 1090 2813 uon
1101 2766 1166 2815 bona
1175 2782 1212 2815 so·

48 2840 153 2894 accepta
161 2838 206 2878 est.
219 2830 429 2879 D.-Obverrum
440 2831 618 2893 reponemus
649 2845 717 2877 cras.-
734 2827 799 2891 quod
815 2827 899 2886 liliam,
909 2844 959 2877 non
968 2828 1032 2877 bona
1041 2837 1130 2879 noter.-
1147 2830 1213 2893 quod

46 2898 127 2958 prius,
141 2911 209 2958 qaosr
224 2898 257 2953 td,
269 2897 334 2943 illast
348 2898 405 2943 sciri
420 2896 503 2942 isim
513 2897 617 2949 mimas,
649 2892 720 2941 irrita
736 2892 795 2941 iacis
811 2906 866 2956 quse
881 2893 954 2957 gessi,
971 2908 1021 2942 nou
1036 2894 1100 2943 bona
1110 2911 1167 2943 uror
1178 2910 1212 2956 ss,

48 2961 186 3034 uyntin
209 2958 382 3034 Ιὒειιοὴώιη
395 2962 492 3007 mim
507 2958 619 3007 exutis
649 2957 738 3019 inquit.
760 2958 792 3005 D.

48 3024 361 3150 sommus&
384 3087 441 3135 11oe
452 3086 559 3165 intentu
567 3102 618 3164 ⁰9¹¹
650 3021 1214 3200 ffieffldi'fiffiafflrffiffi

48 3152 617 3282 mumius„
650 3151 1215 3291 nimian,

50 3285 270 3359 qnam'Pcssplu'lif
286 3292 316 3331 ut
325 3282 391 3359 quod
401 3280 428 3331 in
439 3290 511 3331 aetate
528 3281 616 3340 fumat,
649 3281 735 3339 voluit,
753 3281 843 3343 objicit.
863 3285 913 3334 eso
920 3291 989 3343 pacto
1000 3280 1093 3344 socna·
1101 3283 1212 3349 marra]

49 3346 462 3487 nopappztpnffiampim
470 3410 518 3475 ert]
525 3411 617 3460 Amare
651 3347 891 3487 llp'ept,pteerrmamlcle.m]
905 3412 952 3461 Per
963 3410 1013 3461 vim
1024 3420 1146 3477 agentem,
1157 3430 1214 3478 per·

49 3477 260 3527 inadolescentrs.
281 3476 421 3539 Atpoljosa
431 3480 616 3539 φήμην-
649 3490 767 3525 morosam
785 3491 824 3525 me
835 3490 889 3525 esse
900 3478 1002 3526 censes?
1027 3480 1071 3526 Gai
1097 3479 1214 3539 Deeatri,

50 3540 349 3606 pasquasroderitmirc
359 3549 618 3591 senectutemaocuaat
649 3540 688 3589 vel
698 3544 762 3589 circo
777 3557 834 3589 eon.
864 3543 908 3589 Oai
923 3550 996 3590 nater
1011 3545 1066 3591 rien
1096 3543 1216 3594 ituram

50 3622 138 3664 muer,
148 3622 225 3670 quum
237 3616 262 3655 et
272 3606 380 3655 velocem
391 3606 499 3655 ostendit
508 3606 547 3654 his
560 3620 615 3654 ver·
649 3604 790 3654 verisimili:
808 3620 841 3653 an
857 3614 935 3655 mater
951 3616 1036 3655 contra
1047 3606 1124 3656 liliam
1134 3608 1214 3659 iaciat.

50 3671 90 3721 bis
98 3672 153 3735 jn
164 3675 256 3720 aderit.-
273 3681 299 3719 et
309 3670 384 3729 addit,
395 3687 420 3720 ss
431 3687 517 3734 quoquc
527 3673 616 3719 oderit:
651 3670 683 3719 D.

51 3736 122 3801 quasi
134 3736 207 3793 dicat,
215 3736 273 3785 Nou
281 3736 360 3785 solum
368 3751 418 3784 non
428 3735 526 3793 amabit,
537 3734 582 3783 sed
592 3743 619 3784 et
682 3737 722 3783 88.
735 3738 761 3783 Si
777 3750 804 3783 er
814 3752 857 3783 asa
874 3743 932 3784 esset
948 3744 1024 3784 norim
1041 3739 1081 3785 loc
1097 3740 1214 3787 mirimo-

51 3801 110 3851 odio
120 3801 233 3850 habebit:
245 3811 329 3850 etnon
338 3800 430 3849 alienas
439 3800 554 3849 mulieres
565 3815 617 3848 mo·
650 3799 746 3862 mi]
765 3798 860 3848 callide
876 3798 964 3849 mulier
981 3814 1013 3849 ex
1027 3800 1066 3849 his
1082 3816 1137 3863 quoe
1153 3802 1217 3852 dixit

51 3866 92 3924 do,
104 3882 151 3914 nec
167 3880 269 3915 uxorem
280 3881 384 3930 quoque,
400 3864 533 3914 sedetiam
553 3864 618 3929 seip-
651 3880 728 3913 senex
739 3863 906 3913 defensionem
917 3864 1012 3939 arripit.
1044 3866 1109 3913 Nam
1127 3866 1216 3917 illesic

52 3946 116 3979 aum.
141 3930 202 3979 Plus
218 3946 277 3994 ergo
294 3930 396 3987 illatum,
408 3945 481 3993 quam
497 3928 561 3978 ratio
575 3930 617 3978 do·
650 3928 693 3986 sit,
714 3930 826 3992 Negabat
845 3944 917 3993 posse
936 3928 1013 3978 liliam
1032 3938 1099 3978 tuam
1119 3940 1144 3978 te
1163 3932 1216 3995 pati

52 3996 186 4060 poscebat:
203 3994 247 4044 ssd
257 3994 320 4044 mire
330 3995 362 4044 ad
373 3994 487 4043 affectmn
497 3994 564 4043 senis
574 4010 618 4042 ex·
651 4009 709 4042 cum
725 4008 762 4052 eo,
774 3994 817 4056 qui
828 3992 982 4043 meretricem
993 4002 1092 4052 unaret,
1105 3995 1148 4057 qui
1157 4010 1215 4059 per-

70 4060 219 4111 timendam.
236 4063 266 4109 Se
276 4077 363 4123 qaoque
373 4063 443 4109 etiam
453 4076 521 4121 Μ
532 4058 619 4123 oderit]
652 4068 764 4107 nocmret
773 4058 838 4107 loris.
867 4060 905 4107 Er
916 4058 1055 4121 martiro]
1069 4058 1153 4119 Modo,
1164 4062 1215 4111 uti·

52 4076 87 4173 ld
103 4136 149 4182 ost,
167 4134 196 4173 ut
210 4124 330 4189 peniteat
347 4139 403 4173 eum
419 4123 459 4173 aui
477 4122 542 4173 iacti.
571 4124 622 4173 Sed
652 4122 691 4171 le:
708 4122 786 4188 sipro
799 4132 882 4172 nostra
893 4132 957 4172 esset
972 4124 1086 4173 utilitate.
1108 4125 1216 4176 D.·-Ne

52 4188 110 4253 plus
121 4189 192 4248 dixit,
204 4206 277 4253 quam
294 4188 428 4247 ridiceret,
439 4187 509 4251 sacto
519 4205 568 4237 saa.
589 4188 621 4237 D.
653 4204 697 4237 ssa
713 4187 739 4236 in
758 4187 833 4237 Thesi
844 4187 987 4247 occultenrr,
1004 4203 1105 4253 repone,
1121 4194 1143 4239 ri
1158 4200 1218 4243 erut

53 4258 142 4304 -Josr
157 4252 246 4319 aderit]
264 4254 340 4303 codd.
357 4265 416 4303 vett.
429 4263 455 4302 et
472 4254 520 4302 Ms.
531 4253 622 4316 Μαι
653 4261 730 4302 nostro
740 4270 768 4302 er
777 4270 820 4303 aru
831 4257 871 4303 lior
882 4270 911 4301 aa.
935 4254 965 4303 B.

53 4322 132 4368 aderit
149 4327 243 4382 tenpus.
265 4318 377 4368 L.-ve1
393 4318 456 4382 lege,
467 4321 530 4367 Ndrr
546 4321 572 4365 id
584 4322 622 4366 in-
688 4319 728 4367 34.
750 4320 812 4367 iliae
826 4318 970 4383 prospicere]
988 4320 1011 4368 A
1027 4334 1139 4384 persona.
1167 4325 1218 4371 Aa!

53 4386 174 4443 mtaa’st,
181 4394 210 4433 ut
221 4384 359 4433 trochaicus
369 4383 403 4433 sit
410 4398 467 4432 cnm
481 4383 621 4448 proceden-
648 4380 773 4446 judiam]
785 4386 919 4447 Ρνωρὶαη
927 4382 1022 4435 lutura:
1032 4385 1143 4449 judicare
1154 4400 1216 4451 pra-

55 4448 136 4507 tibuar
165 4448 204 4499 vel
215 4450 279 4498 Naar
297 4452 324 4498 id
342 4452 445 4504 mbas
460 4452 573 4508 haam,
589 4456 622 4508 ot,
656 4448 743 4499 untia
768 4448 799 4497 D.
1206 4482 1209 4495 .
1267 4468 1270 4475 ·
