2834 4759
65 199 244 285 scantin]
485 200 799 267 EUNUCHUS.
1153 204 1219 269 239

65 350 96 393 ro
109 334 209 413 Dico,
217 334 310 400 edico
318 336 423 413 nobis,
430 348 577 401 nostrum
586 359 659 403 esse
668 336 757 403 illum
767 335 902 403 herilem
912 337 1024 403 filium.
1046 336 1110 403 ΡΥ.
1119 336 1218 416 Hem,

108 434 272 512 Obsecro,
287 457 329 499 on
351 436 378 499 is
400 439 474 500 esti
512 436 599 501 Pin.
616 436 670 501 Ne
687 458 784 520 quam
799 436 832 500 in
848 433 938 500 illum
951 435 1057 501 Thais
1071 437 1135 499 vim
1147 436 1220 502 fleri

174 536 268 599 sinat.

106 632 221 717 Atque
245 634 328 699 adeo
352 644 460 713 autem
483 655 541 699 cur
567 655 632 698 non
659 641 787 716 egomet
812 634 983 697 introeo?
1031 631 1095 696 Pr.
1118 632 1217 711 Vide,

173 729 345 809 Parmeno,

106 829 199 903 Quid
211 853 301 915 agas,
315 854 355 895 ne
367 852 473 915 neque
484 830 530 895 illi
545 830 663 915 prosis,
676 839 709 895 et
725 838 762 892 tu
777 850 913 913 pereas3
928 850 1002 893 narn
1015 828 1078 894 hoo
1089 839 1218 914 putant,

106 927 275 1013 Quicquid
297 928 469 1006 fectum’st,
485 951 527 993 ex
549 940 581 991 te
604 950 678 992 esse
693 938 810 991 ortum.
848 926 934 991 Pm.
952 926 1044 1000 Quid
1060 928 1159 1011 igitur
1172 926 1219 990 in-

172 1028 254 1091 eiam
267 1028 386 1093 miseri

64 1136 94 1181 45
107 1123 240 1197 Quidve
255 1126 427 1212 incipiam?
449 1148 524 1191 ecce
540 1135 647 1192 autem
662 1124 758 1188 video
772 1145 848 1187 rure
863 1124 1053 1188 redeuntem
1068 1146 1195 1189 senem:

105 1222 227 1287 Dicam
241 1223 327 1302 huic,
344 1247 385 1288 an
400 1227 485 1289 noni
501 1224 605 1289 dicem
620 1222 748 1289 hercle:
765 1224 828 1289 etsi
841 1224 919 1287 mihi
933 1246 1084 1310 magnum
1098 1223 1218 1289 molum

105 1319 185 1384 Scio
196 1333 362 1405 paratum:
379 1322 436 1386 sed
452 1343 585 1387 neeesse
597 1335 665 1401 est3
680 1322 757 1387 huic
769 1333 807 1387 ut
822 1324 1001 1387 subveniat.
1032 1322 1094 1387 Pr.
1109 1323 1217 1408 Sapis.

104 1418 183 1504 Ego
192 1421 274 1485 abeo
284 1422 383 1485 intro:
400 1431 437 1485 tu
447 1420 501 1485 isti
511 1442 608 1485 nnrra
616 1442 742 1486 omnem
750 1442 818 1485 rem
828 1421 953 1497 ordine,
964 1431 1002 1484 ut
1010 1420 1131 1486 laetum
1143 1420 1216 1486 siet.

263 1636 453 1712 ACTUS
491 1636 708 1722 QUINTI
750 1636 944 1711 SCENA
976 1638 1022 1709 V.

458 1794 605 1843 usculis·
644 1794 829 1843 PARMENO.

104 1886 163 1950 Ex
179 1906 251 1950 meo
265 1886 448 1970 propinquo
461 1908 536 1950 rure
551 1886 614 1951 hoo
629 1889 723 1971 capio
738 1888 916 1952 commodi:

63 2036 107 2077 ure,
122 2036 153 2069 ao
171 2035 231 2069 vera
248 2018 359 2067 dicentis.
388 2019 449 2067 Vult
464 2019 530 2069 enim
546 2021 623 2083 megin
688 2023 728 2068 44.
742 2020 827 2071 Nostri
838 2021 889 2070 lere
900 2031 1110 2079 omnes,ateeene.
1128 2022 1217 2072 Recte:

63 2086 146 2135 nuncii
165 2084 245 2133 officio
262 2084 338 2147 iungi,
357 2099 429 2147 quam
447 2085 623 2149 persuadentis.
656 2093 685 2135 ut
696 2086 760 2134 And.
773 2086 807 2134 iii,
819 2089 841 2135 2
854 2089 877 2135 9.
895 2086 956 2135 etii.
971 2089 991 2135 l.
1005 2089 1043 2134 85.
1066 2088 1094 2135 Β.

63 2150 180 2199 D.-l'ro
187 2152 310 2207 Prehendi,
321 2148 385 2210 quod
396 2149 422 2197 in
433 2150 542 2214 probatis
553 2166 622 2214 repe·
689 2152 729 2199 46.
749 2154 836 2203 &idne
847 2154 955 2213 incipian
963 2151 989 2214 t]
1006 2154 1113 2200 Μαι
1125 2152 1218 2201 medio·

61 2216 123 2264 ritnr
133 2216 213 2272 libris,
225 2229 310 2263 versus
321 2212 399 2277 gretia
410 2230 465 2263 oum
478 2214 572 2264 l'aerno
585 2230 624 2263 re·
657 2214 715 2273 oria,
728 2219 849 2277 incipian
861 2216 978 2279 ingentia.
999 2220 1060 2265 Bere
1070 2225 1146 2265 αισι
1155 2220 1220 2266 video

61 2296 132 2343 pono,
141 2282 239 2328 Prendi.
258 2278 355 2327 Deinde
364 2278 494 2342 legendum
502 2292 546 2339 eet,
553 2282 587 2328 Ae
598 2297 626 2329 ne
657 2296 712 2329 rure
722 2284 852 2329 redeuntem
862 2280 949 2344 renen]
967 2281 1081 2344 choragii
1092 2291 1131 2329 eet
1141 2281 1219 2329 admi·

60 2350 172 2395 nermo
198 2345 226 2393 B.
658 2345 777 2402 nisti-atio,
800 2355 828 2393 nt
849 2355 986 2410 opportune
1012 2346 1039 2394 in
1066 2346 1221 2411 proscenium

92 2412 132 2459 40.
145 2412 216 2465 Dico,
227 2413 290 2458 edito
300 2406 373 2471 nodie]
391 2408 498 2471 Αὔξησιι,
505 2418 533 2458 ut
544 2423 625 2473 supra,
659 2409 731 2473 (neg.
745 2413 845 2473 Cliorogi
854 2414 885 2471 fit
895 2414 1001 2470 artifieio,
1018 2420 1045 2459 et
1058 2419 1180 2472 opportune
1195 2415 1221 2459 ie

65 2478 110 2523 Uti
126 2492 238 2539 puerone
250 2478 290 2522 nli
300 2477 451 2535 investigem?
468 2472 540 2537 Dino]
561 2474 625 2532 Tibi,
654 2475 909 2536 pretereuntium).
923 2476 1049 2524 Druna
1056 2484 1131 2524 utem
1142 2474 1219 2538 niden]

62 2540 170 2603 Pythius
200 2538 286 2601 Edico]
304 2538 424 2587 Omnibus
436 2539 491 2587 tuin.
516 2539 581 2603 Ergo
592 2539 624 2587 ad
658 2540 952 2603 Supponitdetiberativn
963 2540 1219 2604 speciemutrumiu-

60 2605 191 2653 universos
212 2614 340 2666 utrumque
357 2604 467 2660 refertur,
486 2613 511 2652 et
530 2607 581 2651 diro
600 2614 625 2652 et
657 2604 723 2652 dicet
734 2605 832 2653 domino
843 2620 874 2653 en
889 2620 953 2661 non;
971 2615 1000 2654 ut
1015 2606 1130 2669 oportuit,
1146 2605 1221 2653 celeri

58 2673 128 2718 edico,
143 2667 362 2731 neminemne]
375 2668 418 2717 Uti
428 2668 577 2717 iracundiam
586 2668 625 2717 vel
657 2668 842 2727 consultatione,
860 2670 918 2733 quid
933 2670 1071 2719 faciendum
1083 2680 1154 2727 esset,
1168 2669 1219 2717 ele-

59 2734 187 2790 meretrix,
195 2733 235 2781 vel
243 2732 345 2796 quilibet
353 2733 414 2782 aliun
422 2743 558 2797 temperare
567 2749 624 2797 pon-
657 2733 808 2797 gitdiceus:
826 2739 982 2783 nanneten
994 2752 1041 2783 eree
1054 2738 1151 2783 dicendi
1181 2736 1222 2784 lte

59 2800 98 2857 sit,
110 2798 202 2849 maluit
213 2800 310 2861 (ΜΒ
321 2797 371 2861 Ζ.),
383 2798 425 2861 qui
435 2798 477 2846 ille
488 2798 627 2847 adolescens
661 2809 686 2847 et
696 2799 834 2857 honestum,
849 2809 875 2847 et
890 2800 951 2848 utile
963 2815 1060 2863 semper
1074 2799 1186 2857 vineitur,
1198 2799 1221 2848 oi

59 2865 98 2919 rit,
114 2863 240 2919 sonorem,
261 2878 292 2911 ne
306 2873 410 2939 propter
427 2862 579 2911 nobilitatem
601 2862 627 2911 in
660 2865 733 2911 modo
741 2864 873 2912 necesitas
887 2864 927 2921 eit,
938 2866 970 2913 ob
981 2880 1053 2927 qnam
1065 2864 1136 2914 aliter
1146 2880 1220 2927 quam

60 2946 114 2979 mm
128 2927 225 2991 aliquid
236 2938 404 2977 constituntur.
429 2928 459 2975 E.
660 2928 762 2991 cogitur,
775 2929 988 2992 lierinonpoteet.
1012 2930 1042 2977 Β.

91 2998 133 3043 41.
150 2997 296 3049 Obeearnon
307 2996 328 3041 ie
339 2992 406 3054 erit]
426 2992 584 3047 insultantisr
600 3002 628 3042 ut
692 2995 731 3041 46.
744 2993 1017 3057 Dionninie,onnon?]
1032 2994 1087 3042 Hoe
1096 3008 1146 3041 uon
1156 3002 1221 3043 esset

60 3057 369 3115 inl’hormione‚r.7.52
382 3060 548 3106 fficineeror?
561 3057 626 3106 Nam
658 3058 799 3117 verisimile,
809 3058 857 3106 nisi
869 3057 1009 3107 dubitasset.
1036 3058 1103 3113 Quid
1113 3058 1221 3107 enimed

60 3126 156 3173 sciebat
167 3138 225 3171 eum
236 3138 296 3170 esne.
315 3124 353 3170 Ne
363 3140 431 3185 qnam
441 3126 466 3170 in
477 3126 542 3171 illum
557 3124 626 3171 Tiuin
659 3124 785 3171 Chaeream
801 3123 916 3187 pertinet,
927 3124 1029 3173 dubitet.
1047 3123 1119 3186 (Leg.
1132 3136 1220 3171 orcarr

60 3194 104 3237 ein
116 3192 175 3249 fleri
186 3186 262 3249 nm]
278 3187 358 3241 Quam
376 3188 437 3235 bene
452 3186 564 3251 providet
577 3188 625 3250 Py·
660 3201 686 3235 u.
706 3202 730 3235 n.
748 3202 774 3237 n.
793 3202 879 3236 nrcnrr
897 3202 1013 3237 unncnu.
1042 3191 1148 3237 Hoenoe
1162 3196 1221 3237 erret

61 3256 140 3303 thiae!
159 3253 255 3315 (Forte,
266 3262 383 3314 quantum
395 3268 426 3300 ex
436 3251 524 3301 littori
536 3268 558 3315 q.
571 3266 591 3299 e.
605 3268 626 3302 o.
659 3256 788 3310 uerisimile,
808 3257 853 3301 nini
869 3256 1003 3302 dubitasset.
1030 3257 1096 3307 Quod
1111 3256 1143 3301 od
1155 3256 1221 3303 cia·

61 3336 117 3367 nn.
132 3334 153 3367 s.
166 3318 183 3365 i.
197 3326 214 3364 t.
226 3332 280 3379 que
291 3317 317 3364 in
330 3316 472 3379 quibusdam
482 3316 551 3365 libris
562 3326 627 3373 sunt,
659 3334 722 3365 rearn
735 3321 845 3379 pertinet,
856 3334 900 3366 non
910 3321 1017 3367 dubitet:
1034 3322 1094 3381 qnod
1104 3321 1136 3366 od
1149 3336 1173 3367 ee
1183 3322 1221 3381 ip-

61 3384 186 3445 conjicere
204 3380 268 3439 lieet,
285 3381 397 3430 addenda
411 3392 469 3429 sunt
486 3381 551 3429 haee:
572 3380 628 3435 Qun
660 3398 709 3429 turn
728 3387 836 3443 pertinet,
856 3384 968 3445 dubitat).
1002 3384 1109 3432 D.-Ne
1129 3398 1221 3441 verens,

60 3451 169 3512 equidem
185 3450 261 3495 anna
277 3454 366 3504 narrat,
380 3464 408 3495 ne
424 3462 500 3495 ternus
516 3450 629 3507 irrumpat
661 3446 711 3509 qui,
722 3458 751 3495 ut
761 3447 850 3504 ceteri,
862 3457 1065 3497 tetrameteresee
1080 3448 1160 3505 debet,
1170 3458 1223 3497 toto

60 3518 93 3561 od
113 3514 234 3562 ndidem-
259 3511 307 3571 Z.).
332 3512 435 3560 D.—Ns
455 3528 522 3574 paona
539 3514 564 3559 in
579 3528 628 3559 enm
661 3511 723 3575 pede
743 3512 1133 3577 sitbrerior,leg.1)icmnluie,
1148 3531 1222 3563 mon

63 3582 137 3627 renis
171 3577 240 3625 Bene
252 3575 340 3638 adjecit
352 3579 429 3635 stan,
441 3592 495 3639 quse
511 3578 563 3637 ejus
579 3576 627 3625 irn-
660 3579 755 3625 deon?
771 3579 846 3625 dicon
856 3581 946 3627 terete:
962 3582 1064 3637 etn',ete.
1088 3578 1117 3626 Β.

15 3642 19 3648 ’
62 3654 126 3692 trem
173 3643 215 3690 bet
225 3652 364 3689 arnatorem.
388 3642 417 3689 E.
693 3642 732 3692 47.
744 3644 927 3703 Seioporotan:
943 3641 1141 3704 sedneemeeet]
1160 3642 1222 3691 Hm

95 3710 138 3756 42.
158 3708 192 3753 Ae
256 3709 312 3755 odeo
330 3714 405 3755 natm
425 3722 466 3754 eur
483 3722 526 3753 non
543 3714 629 3768 egomet
660 3720 734 3755 causo
749 3706 876 3755 dubitandi
891 3707 953 3755 luit:
971 3708 1035 3770 quod
1049 3707 1106 3755 hino
1122 3708 1222 3756 Parme·

62 3777 126 3821 intra
146 3775 191 3819 eo?
228 3771 336 3835 Pythias,
357 3774 424 3827 Vide,
437 3773 555 3829 Parmeno,
605 3773 630 3818 id
661 3771 741 3829 nonis,
750 3771 817 3819 illinc
829 3771 1222 3836 adolescentieperieulumcerni·

62 3852 210 3951 iiiii
233 3838 628 3959 illinitu‘dl‘ltnt
661 3835 1224 3959 ll‘reiittttzim‘z.:⁰ii¹ss5¹zz

63 3978 133 4015 tetur
142 3966 173 4015 ad
185 3966 363 4015 wnfirmmda·
375 3964 485 4029 nuptias:
503 3966 547 4013 sed
558 3976 630 4029 poeta
662 3962 795 4015 &northen
812 3966 966 4014 inferendum
977 3976 1016 4013 eet
1029 3963 1094 4028 quod
1105 3964 1222 4027 sequium

64 4032 111 4081 hoc
123 4032 183 4093 agit,
265 4046 304 4079 uoe
319 4031 438 4080 nesciunt.
462 4031 631 4079 D.—Cnrnon
665 4030 743 4079 Deest
759 4030 826 4079 enim
838 4039 968 4093 propterea,
979 4030 1019 4078 rel
1030 4028 1088 4091 quid
1100 4028 1155 4077 tale.
1178 4032 1223 4078 Se·

62 4096 118 4160 ego]
137 4046 285 4158 crepprppm
296 4112 322 4145 ne
334 4110 384 4144 uon
396 4094 477 4156 (nnnc)
488 4110 560 4171 ponae
575 4110 629 4144 suo-
660 4094 713 4158 pir]
730 4098 798 4157 Sapis
809 4095 877 4152 dicit,
888 4110 938 4144 non
950 4095 1035 4143 ridens
1044 4092 1103 4156 quid
1114 4094 1224 4144 futurum

63 4176 172 4210 currere.
196 4160 290 4209 Verum
302 4160 417 4223 quoniam
429 4160 529 4224 Pythias
540 4160 630 4209 menti-
663 4161 709 4209 sit:
728 4160 771 4209 sed
781 4170 875 4208 tantum
887 4159 1001 4209 densim
1012 4168 1133 4208 contente.
1158 4160 1190 4208 D.

63 4238 114 4283 tur,
126 4225 216 4275 metuit
232 4240 264 4274 ne
282 4225 407 4289 ingressus
424 4226 544 4289 Parmeno
564 4224 630 4273 aliud
696 4228 735 4273 48.
758 4228 789 4272 Ut
800 4223 893 4287 sacten
907 4223 964 4287 siet]
991 4225 1039 4273 Mn
1052 4224 1082 4271 Β.
1098 4227 1136 4273 rit.
1161 4225 1224 4274 L.—

64 4291 185 4347 inveniet,
198 4290 253 4341 ideo
263 4290 361 4339 obsistit
378 4299 403 4338 et
417 4290 530 4354 prohibet
540 4304 573 4337 ne
589 4289 627 4337 in·
662 4290 711 4338 Pro
727 4306 811 4337 omnen
830 4306 885 4345 rear,
901 4306 958 4339 cum
976 4306 1027 4339 uno
1043 4289 1095 4338 eod.
1114 4290 1224 4341 Faernus

64 4356 136 4419 gredi
151 4355 233 4411 vellet.
252 4355 317 4419 quod
333 4354 368 4403 illi
386 4354 466 4419 potius
483 4354 627 4412 irascuntur,
661 4365 728 4403 reete
745 4354 812 4417 legit,
830 4371 898 4402 omne.
924 4354 988 4405 Nam
1006 4355 1041 4404 ita
1060 4364 1085 4404 et
1100 4356 1181 4405 verenti
1199 4364 1225 4402 et

64 4422 131 4485 quod
142 4420 247 4471 medient
262 4419 341 4485 ipsius
357 4418 557 4470 consilioouuets
573 4434 628 4483 per·
662 4418 745 4469 senem
756 4418 897 4469 consulitur.
925 4420 954 4468 Β.

64 4486 136 4537 lecte.
160 4486 191 4535 E.
698 4486 993 4551 LExnneopropinque
1017 4502 1071 4535 rure
1098 4486 1226 4546 ineant
