2834 4759
231 6 311 91 Ego
325 6 457 121 cambo.
495 7 556 75 Cr.
572 6 752 95 Nunquam
764 10 873 77 hercle
887 10 985 77 hodic
1007 33 1070 97 ego
1090 12 1173 77 istuc
1195 16 1302 77 commi
1325 52 1328 64 ·

230 107 472 316 Naglrhdlidm
485 204 519 269 in
533 204 645 271 cellam
659 206 798 291 aliquam
811 230 885 273 cum
898 205 951 272 illa
966 206 1174 273 concludam:
1196 206 1230 273 id
1246 210 1303 275 tusi
1326 251 1328 258 ·

229 314 513 486 Smsllngdlntddicn
528 425 591 489 ego
605 403 692 469 hunc
706 404 873 468 amovebo.
906 403 976 469 Da.
993 404 1061 468 Sed
1075 426 1187 499 eccum
1201 404 1303 471 sceler
1324 446 1328 456 ,

177 605 215 654 15
229 499 508 663 Smtllldnslierildlld
521 598 575 663 hic
584 600 714 683 quidem
728 600 847 665 durare
859 600 1038 685 quisquam,
1049 600 1076 665 si
1091 602 1137 666 sic
1152 601 1201 679 fit,
1211 612 1305 688 potes
1324 651 1328 667 .

228 696 478 781 Scireequidem
489 696 959 782 volo‚quotmihisintdomini:
973 698 1306 783 quoehaecestmiserit
1324 704 1328 765 l

228 793 300 859 Da.
317 793 408 868 Quid
423 794 477 941 illp
489 797 622 881 gannit?
644 797 723 880 quid
737 795 825 861 volt?
847 797 1000 882 quiduis,
1016 798 1100 863 bone
1115 798 1185 863 viri
1209 798 1306 864 estin
1324 838 1328 850 ·

227 894 574 1071 Satedildlurialum,
604 994 689 1059 bone
719 994 768 1057 vir
793 989 872 1059 mihi
900 997 1033 1059 narrasi
1066 995 1216 1079 equidem
1243 1000 1308 1082 peri

296 1090 365 1155 Da.
383 1090 474 1165 Quid
490 1092 548 1156 tibi
563 1092 635 1157 estl

228 1184 292 1253 Su.
302 1189 463 1274 Rogitas?
479 1188 637 1275 Ctesipho
647 1212 698 1254 me
713 1189 832 1275 pugnis
846 1190 1010 1268 miserum,
1023 1200 1058 1255 et
1068 1191 1163 1255 istam
1171 1191 1309 1277 psaltrias
1324 1216 1328 1254 τ

174 1340 251 1397 bum,
261 1339 331 1403 quasi
340 1340 483 1398 actitamus
494 1344 577 1397 irruat,
586 1338 674 1404 posuit.
690 1340 747 1389 Viae
778 1341 931 1389 verberatum
947 1338 1085 1403 intelligat?
1103 1346 1237 1391 etcertum
1251 1358 1310 1391 recet
1324 1361 1328 1392 t

173 1422 207 1453 aa
225 1406 268 1452 ills
285 1403 341 1467 hac]
358 1406 415 1453 lam
427 1404 544 1454 mentitur
558 1405 622 1468 quod
638 1404 746 1453 arturum
779 1406 948 1454 verberatam?
973 1414 998 1452 et
1016 1420 1114 1455 servum
1134 1405 1217 1471 lugam
1235 1423 1328 1456 comta·

92 1500 94 1507 ·
174 1480 226 1520 est.
256 1470 291 1517 Et
308 1485 382 1533 quum
400 1481 514 1518 neutrum
531 1470 564 1517 sit
580 1474 663 1528 irruat,
684 1484 747 1518 nove
779 1470 895 1519 nanteml
914 1466 979 1518 Mire
995 1479 1139 1519 autemnon
1153 1488 1201 1535 ega,
1218 1472 1328 1535 sedqai·

172 1534 269 1583 intulit
283 1551 314 1583 se.
338 1535 460 1584 Praeterea
471 1534 506 1584 sic
517 1533 587 1593 dixit,
599 1538 682 1594 irruat,
693 1544 747 1582 tan·
779 1552 845 1599 qaam
864 1534 940 1583 dixit:
958 1550 1003 1583 nec
1019 1552 1159 1596 permanere,
1177 1535 1221 1585 sed
1235 1540 1311 1585 aaran

96 1638 98 1640 -
173 1615 255 1663 quam
277 1599 308 1647 de
326 1614 355 1649 eo
375 1599 416 1662 qui
433 1608 585 1663 pugnaturus
604 1598 649 1648 sit:
673 1608 701 1648 ut
719 1599 746 1647 in
779 1600 1001 1648 namhocverbum
1010 1599 1328 1663 perferendismalisconv·-

92 1680 100 1707 -’
174 1664 314 1722 Eunucho,
333 1682 400 1727 quasa
418 1682 467 1712 snos
484 1668 612 1713 irruimus?
630 1666 680 1713 Aut
691 1674 745 1712 tan-
778 1664 830 1713 nit:
848 1664 954 1727 utVirg.
968 1664 1024 1712 AEn.
1037 1664 1053 1713 i.
1066 1664 1231 1723 tommo,
1247 1675 1271 1715 et
1285 1685 1328 1716 oa·

173 1746 256 1793 quarn
268 1728 300 1777 de
311 1744 368 1778 sue:
386 1739 414 1778 ut
426 1728 551 1786 Horatius,
559 1728 629 1793 epist.
638 1728 663 1776 ii.
674 1730 695 1777 2.
706 1728 745 1781 75.
778 1737 824 1778 sset
842 1732 908 1778 relus
927 1737 1014 1777 servate
1029 1732 1140 1778 secundis
1174 1730 1235 1779 Hac
1254 1741 1328 1788 aute(

92 1816 97 1841 ³:
172 1798 237 1843 Hac
246 1796 470 1843 iutalmtaraitsas.
488 1792 743 1858 EtVirg.Georg.iii.
777 1794 859 1843 omnia
869 1794 905 1843 sic
915 1792 986 1851 dixit,
1001 1794 1071 1856 quasi
1086 1809 1136 1843 non
1147 1794 1229 1843 videat
1243 1796 1328 1844 Demi·

173 1861 238 1908 255.
252 1862 306 1920 Ipse
317 1863 372 1917 ruit,
384 1863 505 1921 dentesque
516 1862 642 1907 Sabellicus
652 1861 745 1907 asacmt
777 1874 823 1907 am.
845 1859 970 1916 D.-Non,
980 1860 1061 1916 hercle,
1069 1862 1107 1907 hic
1115 1862 1201 1925 durare
1210 1863 1313 1924 qaisquas
1324 1881 1328 1908 t

93 1968 96 1972 ,,
172 1942 226 1973 sas.
249 1922 438 1988 Etiamtaccsi]
456 1923 564 1986 Antiqua
576 1932 689 1988 protare.
702 1923 744 1972 Sic
776 1927 895 1985 asicflt,
913 1922 1000 1987 potest]
1027 1922 1082 1971 Hoc
1103 1924 1231 1972 consilium
1249 1940 1328 1973 sums·

173 1988 203 2039 in
222 1988 328 2047 Andria,
346 1992 425 2038 Etiam
442 1996 468 2037 ta
484 1992 525 2037 isos
542 1991 681 2051 respondes?
697 2003 743 2052 pro
776 1988 851 2052 Syrus
868 1988 897 2037 ad
914 1987 1075 2052 purgandum,
1087 1988 1152 2052 quod
1168 1988 1195 2037 in
1213 1988 1270 2037 villa
1284 2006 1328 2038 no:

173 2072 201 2103 re
292 2088 299 2101 .
323 2053 368 2103 Est
379 2070 437 2117 erqo
447 2052 608 2117 correptionis
619 2053 742 2117 significa·
775 2063 828 2102 crat
845 2053 922 2109 lilius3
939 2052 1004 2115 quod
1019 2067 1131 2101 reuersus
1146 2052 1179 2101 sit
1193 2052 1259 2101 idem
1276 2054 1328 2103 adt-

173 2120 220 2167 tio.
247 2119 281 2168 D.
775 2118 868 2167 lescens
879 2128 904 2166 et
913 2116 1077 2166 verberaverit
1087 2133 1121 2175 se,
1131 2133 1176 2182 pro
1193 2127 1328 2182 tereaquo:

212 2186 253 2233 12
263 2186 341 2233 Hodie
346 2200 387 2247 ego
396 2187 455 2233 istae
461 2186 595 2232 committant
604 2187 623 2232 ti
626 2182 661 2259 li]
670 2181 744 2238 Quod
776 2181 828 2249 ipse
837 2193 921 2231 auctor
932 2182 1006 2231 luerit
1015 2182 1142 2239 AEschino,
1153 2134 1328 2247 adrapiendat:

174 2252 293 2313 sgojsm,
304 2249 330 2297 id
342 2260 385 2308 est,
397 2248 551 2312 complexum
563 2248 679 2297 mulieris.
702 2248 733 2297 D.
775 2248 934 2298 meretricem.
963 2245 1048 2311 aingn
1064 2246 1279 2311 igiturverberari.
1302 2250 1328 2297 Ι.

212 2316 253 2363 la.
265 2316 330 2362 Noas
346 2314 440 2376 mejam
455 2318 480 2362 iss
491 2316 570 2362 callosa
582 2317 681 2377 aliquam
693 2330 744 2361 cass
775 2314 861 2361 —Nos
876 2314 949 2361 hercle
966 2314 1005 2360 liic
1023 2310 1125 2375 quidam]
1145 2311 1194 2360 Dio
1212 2313 1328 2372 araas,

105 2418 107 2421 ι
174 2382 222 2429 illa
233 2377 379 2441 concludam]
398 2378 428 2427 Id
440 2377 491 2441 egit
504 2378 579 2429 stulte
596 2377 743 2436 adolescens,
776 2378 844 2427 Orat
856 2376 908 2438 saal
919 2378 1000 2438 δόξηςι
1025 2374 1151 2435 Πᾶσαμὶν
1162 2374 1203 2425 οὖν
1214 2377 1267 2426 ἐστὶ
1278 2380 1328 2426 δοι-

173 2453 205 2493 ut
224 2444 260 2492 ihi
279 2442 481 2508 deprehendatur,
500 2442 541 2493 ubi
556 2442 684 2491 conclusus
699 2452 743 2491 est.
776 2441 832 2491 asia
848 2440 952 2503 χαλεπή.
969 2440 1025 2491 ralis
1041 2440 1066 2489 dl
1083 2440 1130 2489 ἀπὸ
1145 2439 1222 2503 τύχης
1234 2443 1260 2490 ἐν
1270 2441 1328 2507 sisti}

174 2508 229 2558 Sed
240 2508 277 2557 sic
293 2509 347 2572 ipse
363 2508 420 2572 egit,
432 2518 460 2557 ut
475 2518 557 2572 poseat
574 2506 742 2570 subterfugere
773 2508 805 2571 ηῑ
821 2507 881 2571 aiu-q
898 2504 1060 2563 δουλεύοντας,
1072 2506 1099 2553 ἐν
1113 2501 1189 2569 pllio,
1200 2508 1263 2569 τρεῖς
1274 2508 1328 2557 δεσ-

95 2600 100 2612 ·
173 2590 228 2622 non
246 2573 589 2637 depreheosmcouspectum
606 2571 690 2637 patris
714 2573 743 2621 Is
774 2570 852 2619 adrat.
875 2570 979 2619 la-Ne
990 2569 1063 2618 nimis
1078 2570 1134 2619 laxo
1148 2586 1219 2619 socco
1235 2571 1328 2622 incedat

173 2641 260 2687 celiam
272 2641 373 2701 aliquam
389 2656 439 2687 cum
455 2636 511 2701 illa]
530 2634 633 2696 histrus
648 2637 740 2701 figam
774 2636 813 2685 hic
831 2635 970 2692 versiculus,
981 2652 1028 2699 pro
1038 2638 1122 2683 durare
1138 2650 1230 2700 repone
1242 2640 1328 2697 parda·

99 2728 100 2731 =
173 2703 285 2753 dicimus
301 2706 327 2751 iss
344 2706 422 2761 locam,
437 2719 482 2768 pro
499 2706 524 2751 is
541 2706 593 2751 ioco.
621 2704 742 2750 Iacellaas
773 2718 842 2756 rare,¹
859 2701 924 2763 quod
935 2699 1236 2753 occumitHeciLMY.
1260 2701 1291 2749 E.

92 2798 104 2816 ι.
173 2770 326 2817 madan:
344 2772 428 2817 nouis
445 2770 503 2817 cella
515 2767 556 2816 ait.
582 2767 616 2815 lit
628 2766 696 2822 mire,
714 2775 742 2815 ut
808 2768 844 2815 16.
860 2770 919 2819 Quot
936 2768 992 2813 asilii
1008 2768 1056 2814 siat
1071 2763 1168 2827 domim]
1186 2766 1220 2814 Et
1236 2764 1328 2831 hicap·

173 2833 302 2882 reclusum
315 2842 440 2896 tutumque
454 2833 535 2882 locum
545 2832 646 2889 subiret,
662 2834 742 2881 sellan
773 2844 850 2896 paret,
862 2846 912 2880 non
923 2846 937 2877 a
949 2828 1058 2894 legitimo
1069 2828 1167 2877 domino
1178 2832 1328 2881 verberatum

96 2924 104 2945 a
172 2898 280 2955 scilicet,
291 2912 364 2959 quam
375 2898 407 2946 ob
419 2913 447 2946 ea
455 2913 509 2961 quoe
520 2896 546 2945 in
557 2896 611 2961 ipsa
621 2896 739 2955 celantur,
771 2911 832 2945 esse.
859 2898 973 2948 malae
989 2893 1158 2958 sstmisers'ai]
1176 2895 1253 2944 Deest
1263 2913 1328 2959 quast

92 2991 100 3019 f
173 2962 286 3011 clausam
297 2962 495 3011 csseconveniat.
525 2962 590 3010 Nam
602 2971 627 3010 et
637 2963 702 3019 cella,
715 2970 740 3009 et
756 2986 759 2992 =
768 2965 864 3022 patior:
877 2969 903 3008 et
914 2958 982 3022 quasi
998 2958 1157 3023 comploratio
1167 2960 1277 3023 quadam
1293 2971 1328 3010 est

100 3070 103 3077 .
173 3030 303 3087 cellariam,
316 3027 488 3092 areponendis
498 3025 653 3089 celandisque
665 3027 739 3075 rebus
771 3025 858 3074 flebilis
867 3035 923 3088 post
932 3024 1049 3088 querelas.
1073 3025 1105 3073 D.

96 3146 98 3150 ,
174 3092 310 3142 esculentis
322 3102 347 3141 ct
355 3092 492 3156 poculentis
501 3091 597 3140 dicitur.
617 3092 737 3139 D.—Csl-
805 3088 1086 3153 17.Qas'dittegasss·t.⁷]
1101 3090 1214 3139 Gasanitus
1224 3099 1328 3203 estlpro·

92 3186 101 3219 ,¹
174 3157 275 3207 lasuhic
292 3157 318 3205 in
336 3157 399 3206 thesi
415 3156 544 3213 delitescit,
556 3155 620 3219 quod
631 3156 738 3205 maxime
768 3155 823 3220 prie
842 3154 918 3203 veluti
936 3154 1046 3219 ploratus
1062 3154 1238 3218 vapulantium.

173 3221 350 3287 proferendum
363 3232 422 3271 erat.
448 3221 539 3271 Nullus
553 3236 584 3269 ex
598 3220 668 3269 codd.
680 3236 737 3269 nos·
772 3223 835 3272 Quid
844 3222 884 3267 ills
892 3224 976 3283 gannit
983 3217 1008 3283 l]
1025 3218 1090 3274 Quid
1101 3217 1143 3267 ille
1155 3220 1328 3278 obmurmurat,

173 3285 415 3352 trisaqnoscitillud
423 3286 484 3349 jam.
503 3286 569 3349 Lege
580 3285 662 3349 igitur,
677 3288 739 3333 Nasu
769 3285 1073 3333 dicensscverberatuml
1098 3283 1128 3331 Ε.

94 3397 96 3399 ,
174 3354 361 3403 missctliulaas
375 3354 487 3415 sttqams:
505 3361 533 3399 ut
545 3350 608 3399 Eun
624 3350 649 3399 ii.
663 3352 685 3399 3.
700 3352 737 3399 18.
804 3352 842 3398 18.
855 3349 925 3408 Qatd,
935 3348 1049 3411 malunt]
1069 3348 1104 3396 Et
1120 3348 1267 3407 hiematum,
1285 3365 1328 3414 pro

92 3454 94 3481 :
174 3418 197 3467 B
769 3414 938 3477 interjectione
948 3412 1062 3462 abundat.
1085 3413 1246 3462 D.—Demea
1259 3414 1328 3462 dixe·

198 3453 248 3531 ⁸14.
260 3484 320 3545 Aga,
333 3490 407 3533 minsa
417 3498 458 3545 ago
468 3484 527 3530 itanc
537 3479 653 3543 amovebo]
671 3478 699 3527 M
702 3479 738 3527 ire
769 3489 808 3528 rat
824 3483 878 3528 bose
894 3482 937 3536 sir,
954 3479 1029 3543 Syrus
1044 3476 1071 3525 in
1089 3477 1235 3542 repetitions
1251 3487 1328 3527 mutat

93 3538 96 3543 ’
174 3550 280 3597 mosia
294 3546 371 3595 diruit:
389 3562 438 3595 non
456 3549 579 3595 mansio.
604 3546 738 3608 Nampro·
769 3554 896 3593 accentum
913 3546 966 3592 bans
981 3546 1024 3590 sir.
1044 3542 1147 3606 Reponc
1163 3541 1245 3605 iqitur,
1260 3545 1328 3600 Quid.

174 3612 229 3676 pris
251 3620 379 3661 amovetur
400 3626 487 3659 saxum
503 3609 534 3659 de
556 3610 622 3659 loco:
644 3609 670 3657 ia
691 3624 740 3672 quo
772 3612 862 3667 nahra,
874 3610 930 3656 asilii
942 3611 996 3656 liae
1006 3610 1042 3656 air
1052 3610 1156 3655 mnas?
1180 3606 1208 3655 B.

94 3710 95 3725 2
175 3678 250 3727 serbo
268 3676 397 3740 significat,
412 3676 541 3725 imminere
559 3674 606 3725 sibi
623 3690 740 3737 maguum
806 3675 843 3723 19.
855 3676 960 3735 Ctesipho
968 3688 1002 3720 me
1010 3674 1095 3735 pugnis
1106 3674 1217 3729 misarum,
1229 3678 1252 3719 et
1260 3674 1328 3719 utam

174 3741 283 3791 lahorem
300 3741 327 3790 in
344 3742 390 3789 hoc
409 3756 489 3805 opere.
514 3740 547 3789 Et
564 3739 620 3789 vide
633 3740 738 3801 αὔξησιν.
767 3742 898 3801 psaltriam
916 3753 985 3799 usqae
1007 3734 1102 3799 xcidit]
1126 3734 1192 3784 Mire
1206 3733 1328 3798 interiecit

92 3848 94 3852 ,
175 3807 263 3871 Sapra,
275 3814 303 3855 ut
313 3806 440 3871 pecudem,
450 3808 542 3869 abigant
552 3808 611 3854 hauc
622 3822 669 3863 sus,
681 3802 736 3852 dix·
769 3807 889 3852 miseram
906 3812 932 3851 et
944 3800 1080 3850 necessario
1090 3816 1160 3863 usqae
1176 3798 1282 3848 addidit:
1299 3811 1328 3849 ut

94 3916 95 3919 ,
173 3870 207 3921 it:
220 3872 302 3928 modo,
313 3881 341 3919 ut
351 3885 446 3928 sartum,
458 3873 568 3929 ammeio,
580 3869 666 3933 inquit.
687 3868 719 3917 D.
769 3869 915 3925 ostenderet,
933 3868 1016 3914 occidit
1031 3864 1113 3913 nimia
1130 3863 1202 3913 mdis
1218 3866 1327 3924 verbum,

207 3938 460 3995 latinarumque
491 3938 565 3984 uidam
577 3937 661 3983 durare
673 3937 735 3997 quis-
769 3948 818 3983 oon
835 3930 962 3981 occisionis
977 3929 1082 3993 intelligi
1099 3938 1218 3993 oportere.
1253 3932 1328 3995 Usque

174 4018 248 4063 qaam
267 4004 290 4049 si
304 4003 387 4061 sioflt,
402 3953 490 4063 patestl
512 4000 593 4049 Nimis
612 3998 737 4049 moraliter
768 3996 865 4061 accim]
892 3997 972 4060 Prope
995 3998 1093 4043 scctait:
1121 4003 1164 4043 aut
1184 4012 1261 4059 usqae,
1281 4012 1327 4059 pro

175 4080 205 4114 ex
222 4081 290 4115 ressa
305 4066 381 4115 verba
396 4074 454 4114 sunt
470 4063 533 4129 Syri,
544 4066 697 4114 verberatum
709 4079 736 4112 ss
768 4066 833 4112 sal&
844 4070 893 4111 est:
911 4063 1002 4119 occidit,
1021 4075 1067 4125 pro
1083 4062 1222 4110 mle-ater
1236 4064 1327 4110 cecidit.

175 4128 183 4179 i
217 4131 224 4143 '
273 4131 320 4180 tis:
341 4130 396 4195 quis
414 4146 463 4179 non
483 4144 515 4180 cx
531 4129 618 4190 uerbis,
637 4144 735 4181 sermm
768 4128 833 4177 Nam
852 4130 952 4239 mesdeqe
970 4136 997 4174 ct
1016 4128 1168 4188 psroaeiders,
1188 4124 1220 4175 sd
1235 4125 1327 4175 cadem

952 4204 971 4239 ss
