2834 4759
166 56 198 105 to
210 46 279 111 Sed
292 56 385 112 estne
399 44 500 111 freter
514 46 624 111 intus!
668 43 727 109 Su.
743 43 823 110 Non
836 55 899 110 est.
942 42 1012 109 Du.
1035 42 1105 111 Ubi
1124 42 1283 129 iilumque

275 167 354 222 ram,
370 146 488 231 cogito.

212 242 273 307 Su.
299 242 375 308 Scio
397 244 454 308 ubi
478 244 536 321 sit3
570 263 680 307 verum
702 240 800 307 hodie
822 263 987 327 nunquam
1007 244 1206 308 monstrabo.
1245 240 1280 307 D

276 342 382 407 Hem!
405 342 484 427 quid
499 343 571 405 uisi

211 439 272 505 sv.
289 440 351 505 Ita.
383 438 451 504 De.
469 438 675 504 Diminuetur
689 439 749 503 tibi
762 438 892 523 quidem
902 440 970 524 jum
984 440 1163 509 cerebrum·
1194 439 1285 505 sni

277 561 394 603 nomen
408 539 516 603 nescio

212 636 304 702 Illius
320 637 467 714 hominis,
483 638 541 702 sed
555 635 661 701 locum
676 635 751 701 novi
764 636 887 701 ubisit.
925 635 992 701 Da.
1007 636 1073 702 Dic
1086 658 1166 722 ergo
1184 636 1287 702 locum

211 735 273 799 Sr.
292 735 421 800 Nostin’
441 736 611 821 porticum,
633 735 722 820 apud
741 732 919 811 macellum,
933 734 1018 800 banc
1035 735 1208 800 deorsum?
1245 734 1288 800 DJ

278 833 403 907 Quidni
417 835 584 898 noverim?

161 945 196 993 ιε
211 932 273 997 Su.
289 931 461 997 Praeterito
476 932 538 997 hac
552 942 641 996 recta
655 930 764 1018 platea
778 954 923 997 sursum:
946 932 1004 997 ubi
1017 954 1057 997 eo
1071 934 1208 1010 veneris,

209 1031 321 1097 Clivos
337 1030 489 1096 deorsum
503 1050 618 1095 vorsus
633 1041 703 1095 est:
726 1029 788 1095 hac
803 1041 836 1094 te
850 1030 1071 1115 precipitato:
1094 1041 1209 1115 postea

210 1130 278 1197 Est
291 1130 333 1194 ed
347 1128 431 1194 hunc
445 1152 573 1195 manum
590 1128 759 1194 sacellum:
783 1129 828 1193 ibi
842 1129 1047 1214 angiportum
1060 1140 1195 1215 propter
1208 1138 1270 1194 est.

210 1228 282 1294 Du.
309 1227 482 1302 Quonam?
527 1228 586 1292 Sr.
613 1226 683 1293 lliic
706 1230 764 1294 ubi
785 1228 882 1293 etiam
906 1227 1077 1314 caprificus
1103 1249 1219 1313 magna
1243 1236 1292 1292 est

277 1327 416 1393 nostin’i
454 1326 521 1392 Du.
537 1326 635 1391 Novi.
673 1325 733 1391 Su.
750 1325 826 1391 Hac
840 1326 979 1412 pergito.

160 1554 297 1613 intellexit,
314 1552 531 1620 percepitolfecit.
564 1555 729 1605 Ceterumne
761 1554 924 1606 AEnittot.
952 1558 1016 1619 Ergo
1026 1572 1077 1620 ogs,
1087 1560 1294 1620 curepotcmeroi

162 1630 283 1671 accennrs
298 1620 451 1669 incommode
466 1618 493 1669 in
510 1618 595 1669 finales
610 1619 727 1679 incidant,
760 1624 972 1683 inponmnortrae.
996 1619 1028 1668 D.

162 1686 237 1735 ficiis
256 1684 367 1744 inducor,
385 1694 412 1733 ut
431 1684 466 1733 sic
483 1683 541 1733 olim
557 1684 631 1733 iuisse
642 1684 728 1733 existi-
792 1688 831 1734 84.
849 1687 940 1735 Noeur
958 1688 1071 1747 porticena
1086 1689 1149 1748 apud
1164 1689 1295 1736 narsitem

162 1766 239 1809 mem,
252 1752 307 1799 Non
318 1752 476 1812 priamidae:
492 1752 551 1798 idem
567 1753 606 1799 uu
617 1752 677 1813 quod
686 1766 729 1814 ego
760 1749 882 1800 Convenit
896 1750 988 1798 mstico
998 1760 1024 1798 et
1039 1750 1179 1815 parcissimo
1194 1751 1248 1800 seni
1263 1768 1296 1799 nu

163 1818 529 1876 staritttsrrsbaicretcoput.
552 1815 581 1862 B.
759 1815 847 1864 cellum
858 1814 885 1863 in
895 1816 955 1863 urbe
966 1815 1074 1863 nescucs
1092 1826 1117 1864 et
1127 1815 1183 1865 ideo
1193 1816 1228 1865 sic
1238 1816 1296 1865 inter

197 1882 238 1929 30.
258 1882 305 1929 Sed
318 1888 380 1928 setus
390 1877 470 1941 frater
486 1878 579 1941 ιπιιιι]
598 1880 675 1929 Deest
688 1896 727 1928 rc·
758 1890 858 1944 rogatur
876 1896 892 1929 s
910 1894 988 1929 serso.
1025 1882 1094 1929 Hm
1111 1879 1225 1944 mm]
1247 1882 1297 1929 Ben

162 1948 269 2009 spade:
287 1954 315 1993 ut
330 1944 370 2003 sit,
387 1945 514 2008 responde.
544 1944 662 1993 D.-Nea
678 1944 726 2008 est]
757 1948 945 1995 imdemsm:
961 1944 1079 2007 quianon
1091 1956 1195 1994 estune.
1229 1948 1297 1997 Quiris

164 2010 224 2059 11oe
243 2008 360 2059 iracunde
376 2008 593 2074 pronunciandum,
612 2020 726 2071 tanquem
757 2009 862 2073 serint]
888 2008 1037 2074 Correptive,
1062 2012 1167 2062 Quidni?
1190 2026 1234 2074 pro
1260 2014 1298 2073 qut

161 2076 257 2124 referet
272 2074 375 2139 gratiam
392 2090 437 2138 pro
453 2074 542 2131 dolore,
557 2075 621 2137 quod
633 2074 727 2139 (Forte,
758 2078 823 2123 atri!
840 2074 939 2123 Etenim
948 2074 1177 2137 quumvisrusticus,
1186 2085 1267 2123 temen
1279 2091 1299 2124 et

162 2158 209 2203 ῃο
222 2138 265 2202 Ζ.)
278 2150 356 2203 negat.
368 2139 467 2187 fratrem
479 2154 532 2187 esse
543 2138 616 2187 domi.
649 2139 726 2187 Deni-
759 2138 820 2188 ciris
832 2139 932 2189 Demea.
956 2140 1112 2189 D.-Norttn'
1122 2143 1298 2202 porticumpa

162 2220 214 2269 que
230 2205 278 2253 boc
289 2204 371 2253 animo
382 2203 441 2252 dicit
453 2203 526 2252 etiam
543 2202 611 2262 illud,
625 2206 676 2253 Scio
687 2207 728 2253 ubi
759 2208 885 2263 mettun,
900 2208 959 2253 tanc
972 2202 1106 2267 ιιονιιιιι]
1124 2205 1223 2254 Falsum
1236 2204 1262 2253 iu
1278 2204 1300 2254 Ιι

161 2275 216 2326 rit,-
235 2272 278 2318 red
292 2272 358 2318 bodie
373 2286 487 2332 nunqucm
502 2272 635 2317 monstrato.
665 2270 728 2317 ii-
759 2285 814 2317 cum
831 2269 907 2319 mittit
922 2268 994 2332 louge
1010 2269 1123 2332 positum,
1141 2279 1168 2317 ut
1183 2269 1300 2318 circumer

162 2336 215 2383 Pro
229 2351 330 2398 mom
342 2334 367 2383 in
378 2334 463 2383 Bemb.
477 2333 597 2397 reperitur
608 2338 726 2383 inveniam.
759 2334 890 2383 civitatem.
908 2334 1098 2384 R-Beutleius
1109 2333 1185 2383 edidit
1196 2338 1239 2383 tas
1249 2338 1300 2384 deor

162 2400 305 2461 Utrumque
317 2408 356 2447 est
365 2408 465 2447 rectum.
490 2399 518 2447 B.
759 2416 815 2447 sam.
840 2400 868 2447 Z.

196 2466 238 2513 31.
266 2466 348 2513 Verum
369 2466 434 2512 bodie
453 2480 567 2526 uunquam
586 2462 725 2526 monstrabo]
791 2466 830 2513 35.
843 2462 984 2527 Hscrecto]
1000 2463 1109 2528 Proprie,
1124 2464 1169 2512 bac
1183 2474 1266 2529 perte:
1287 2481 1302 2513 u

161 2528 260 2577 Volent
277 2544 360 2578 senem
371 2528 466 2577 avidius
477 2543 592 2590 querere,
605 2528 670 2591 quod
685 2528 726 2577 hic
758 2544 832 2577 manu
847 2529 912 2578 viam
928 2528 1055 2577 ostendere
1072 2529 1190 2577 videatur.
1228 2532 1301 2579 Utis

159 2592 726 2657 erdorsemperparatissimuscredentesetiam
757 2599 851 2652 asserir,
867 2597 935 2643 clivos
951 2596 1053 2641 ιιιοιιιιιι
1071 2611 1148 2643 serm
1164 2602 1212 2643 ert.-
1231 2597 1274 2642 tac
1291 2603 1303 2641 ι.

160 2658 235 2718 fallit,
247 2660 272 2706 ei
283 2658 354 2722 fingit
364 2673 390 2707 se
401 2657 465 2707 nolle
477 2658 565 2707 dicere.
595 2660 670 2707 Hodie
681 2674 725 2707 au·
755 2658 912 2721 pracipitatc]
930 2658 985 2706 Hoc
997 2658 1100 2715 lentium
1117 2658 1215 2721 quidam
1226 2658 1303 2707 clun'u

160 2734 216 2773 tem
232 2723 406 2778 sutabundrtr
423 2733 458 2781 ut,
472 2722 527 2771 AEn
545 2722 570 2771 ii.
584 2723 639 2773 670.
657 2724 725 2771 Nun·
756 2722 855 2787 legunt:
873 2734 901 2773 ut
915 2723 946 2772 sit
959 2727 1111 2785 precipitato,
1124 2723 1172 2771 cito
1186 2722 1303 2773 descende

160 2806 233 2853 prasi
253 2806 327 2837 omer
349 2791 414 2837 bodie
433 2792 552 2837 morum
570 2790 657 2837 inuiti.-
682 2796 727 2837 eut
758 2788 873 2837 D.-Pro
883 2806 971 2837 rursm
982 2788 1086 2837 rescribe
1097 2805 1182 2837 mear.
1206 2789 1234 2838 B.

161 2870 281 2916 mquam
291 2856 364 2909 bodie,
381 2868 434 2917 pro,
445 2853 512 2901 uuile
529 2862 637 2916 tempore
653 2853 726 2915 bujue
790 2854 828 2901 36.
842 2853 927 2902 Nostri
941 2868 997 2901 cum
1012 2853 1066 2901 edd.
1079 2864 1137 2903 vett.
1148 2864 1174 2901 et
1188 2853 1304 2903 Prisciani

160 2916 231 2967 dicit
249 2918 307 2981 quis
323 2934 437 2981 nunquam
452 2934 497 2982 per
514 2933 540 2966 se
556 2916 668 2981 generale
681 2930 725 2967 est.
757 2916 952 2967 hubentrorrurn.
977 2918 1006 2967 B.

162 2983 266 3032 D.-·lu
277 2982 326 3031 fine
340 2982 413 3045 hujus
424 2998 508 3031 versus
518 2982 627 3031 adscribe
638 2981 725 3031 dictio·
791 2984 829 3034 37.
841 2986 881 3031 Ad
891 2986 949 3031 ianne
960 2981 1062 3046 mam]
1074 2985 1126 3033 Tris
1135 2983 1193 3046 πρὸς
1203 2984 1227 3033 τι
1237 3001 1305 3047 προσ·

162 3064 222 3097 nem
246 3051 288 3104 ita,
312 3063 366 3109 quer
388 3057 425 3097 est
449 3048 530 3112 prima
548 3046 724 3110 subsequentis.
756 3045 1306 3111 inordieituniuquononpermanetcertun

161 3112 207 3161 Sic
218 3112 245 3161 bi
256 3113 306 3161 duo
317 3128 401 3161 vertras
412 3125 484 3161 erunt
495 3112 610 3161 trabeaici
621 3112 724 3160 cstalec-
756 3113 877 3172 dextrum,
893 3128 938 3161 nec
952 3123 1046 3161 certum
1060 3113 1199 3163 sinistrum:
1217 3128 1243 3163 ct
1257 3115 1306 3163 ide(

162 3178 215 3237 tici,
234 3187 265 3226 ut
283 3177 372 3226 cetera
408 3178 446 3227 Its
464 3192 559 3253 quoque
582 3176 725 3226 ordinantur
756 3177 1013 3241 proficitiuerrorem:
1030 3176 1155 3227 vuitenim
1165 3179 1307 3228 servusha(

162 3242 190 3292 ιιι
202 3242 289 3291 Bemb
302 3242 429 3305 eteiiquot
439 3242 493 3291 sliu
504 3241 579 3292 libris.
604 3241 706 3291 Funnu.
756 3241 826 3306 signa
845 3258 898 3291 erse
919 3242 1042 3307 perplexe.
1076 3246 1120 3291 Est
1140 3243 1259 3308 ruceium]
1278 3245 1307 3291 Ur

196 3309 237 3356 32.
257 3310 406 3357 Diminuetur
424 3310 467 3355 tr'tr'
486 3310 575 3371 quidem
588 3306 641 3369 jorn
660 3323 723 3356 rere·
756 3306 835 3355 Varro
842 3307 884 3366 eit,
893 3310 966 3355 Sacra
973 3310 1080 3357 ausas
1097 3308 1207 3371 Propter]
1220 3310 1308 3373 Proper

163 3370 243 3436 ιηιι]
264 3370 467 3421 comminationis
485 3387 563 3435 genus
580 3372 653 3419 rerba
670 3372 724 3435 ipsa
755 3382 784 3420 ut
795 3372 863 3435 virg.
875 3373 920 3420 Ge.
932 3372 967 3420 iii.
981 3374 1158 3435 1a-unpu·
1168 3376 1309 3423 dammare

163 3436 291 3486 indicent:
318 3446 347 3485 ut
368 3446 484 3501 appetent
504 3452 588 3485 senem
611 3436 723 3485 baculum
753 3453 836 3499 parom
849 3440 947 3499 Propter
960 3454 1050 3500 epm
1084 3437 1117 3485 lit
1134 3438 1269 3497 Lucretius,
1286 3454 1309 3487 v.

162 3500 300 3551 maline.
330 3504 536 3551 Atncmesmeie
546 3504 610 3549 illius
620 3504 723 3560 bominis,
758 3503 827 3550 1392
860 3504 958 3563 Propter
979 3518 1044 3563 aqua
1070 3506 1150 3561 rtrum,
1172 3506 1214 3551 rab
1241 3506 1310 3556 ratris

162 3570 206 3616 red
227 3570 300 3617 iseum
321 3570 372 3616 rori
393 3570 434 3615 uti
454 3566 497 3630 rit]
518 3566 609 3615 Recte:
626 3565 724 3629 quiesi
755 3570 844 3615 arboris
854 3570 916 3615 atta.
939 3566 1130 3631 D.-Saoellsn]
1148 3567 1221 3615 Sacer
1235 3567 1309 3616 locus.

163 3634 274 3681 ιιιιιιιιιι
282 3631 632 3687 diceretnooeruterrandum
641 3630 723 3695 agnita
756 3630 792 3680 Ut
809 3631 877 3695 Vtrg.
896 3630 949 3680 lici.
966 3630 1001 3679 iii.
1021 3633 1043 3681 9.
1068 3633 1102 3680 Iit
1115 3631 1311 3695 maedsucitss

164 3710 270 3761 percont
282 3696 401 3752 bominis;
419 3706 444 3745 et
452 3696 492 3745 ubi
502 3695 602 3755 habitet,
610 3696 722 3759 coguitor
755 3699 869 3759 Nympha
879 3698 957 3756 rime,
969 3699 1057 3745 moto.
1079 3696 1110 3745 Ε.

164 3761 185 3810 ιι
202 3771 276 3811 notus
287 3774 359 3819 esset,
376 3760 442 3810 nullu
456 3776 529 3811 ceusu
544 3761 668 3823 querendi
681 3776 723 3809 su·
787 3764 826 3809 38.
842 3764 888 3810 Uti
902 3764 971 3810 etiam
986 3764 1105 3823 coprptcsr
1120 3778 1203 3824 magna
1215 3759 1262 3824 ert]
1280 3762 1310 3811 ln

164 3836 281 3891 pererret.
306 3825 722 3889 D.-Dirninusturtibr']1iaPrir-
754 3826 800 3875 boc
819 3826 955 3875 Homerum
972 3826 1081 3875 imitatus
1092 3834 1137 3882 est,
1148 3825 1191 3889 qui
1201 3826 1311 3876 dicitea-

165 3890 231 3939 cisni
260 3890 383 3939 sententis
406 3894 565 3940 diminutor
586 3890 724 3955 legendum,
754 3890 1310 3955 pritesuprope'l'rojrnsmoeniaconstitutam‚

166 3954 236 4005 liat
261 3956 289 4004 b.
758 3956 788 4004 ii.
808 3952 829 4017 ζ.
847 3957 902 4003 4³2
934 3957 988 4003 Huc
1000 3954 1104 4018 pergito]
1121 3956 1179 4003 Non
1195 3960 1245 4005 ito:
1268 3959 1312 4006 sed

199 4018 590 4083 ³8.Dtoergolerum]Dis-ergo,
603 4020 671 4083 quasi
686 4020 726 4069 io·
757 4019 814 4083 quis
835 4019 935 4083 longum
955 4030 1000 4078 cst,
1019 4023 1118 4084 pergito.
1147 4020 1311 4071 D.-Praeter

166 4084 725 4213 immediatis-riui?
757 4085 995 4199 diruitur
1004 4085 1310 4203 &timim

602 4185 608 4196 .
718 4184 725 4198 .
900 4185 907 4210 ,
1225 4188 1231 4203 .
