2834 4759
253 174 348 235 mia
400 150 404 160 '
628 130 1003 241 urnunmsrus

253 317 306 365 sut
325 302 440 381 dicendi
459 301 655 375 alienum'est,
668 306 762 367 risum
780 306 908 369 maxime
921 315 1040 369 morere
1059 308 1145 371 solet.
1187 307 1396 383 intentantis,

257 384 350 464 qualis
365 384 414 445 illa
428 385 532 447 comici
546 384 680 457 Nebulir,
1165 425 1169 432 ·

418 486 468 541 Kal
479 508 520 541 τοι
532 489 658 561 πρότερον
670 489 718 545 τὸν
729 488 769 543 Δι’
780 489 884 559 betae
894 487 965 565 ᾤμην
976 491 1019 545 tut
1030 492 1150 547 κοσκίνου
1160 492 1253 565 οὗροῖν.

257 588 293 654 ln
306 594 413 666 verbis,
428 608 462 654 ut
481 615 548 655 cum
569 596 769 657 furacissimus
783 618 894 668 servus,
908 603 1094 661 κλεπτίστστοο
1108 621 1126 659 a
1140 599 1257 659 domino
1271 614 1399 669 vocatur,

258 676 309 755 qui
321 674 440 735 laudare
454 676 680 737 taciturnitatem
695 678 726 737 in
740 678 843 737 eodem
858 679 992 739 uidetur:

497 777 571 833 Ἀλλ’
585 782 617 833 οὔ
631 801 663 834 σε
675 776 778 852 κρύψον
799 785 851 835 τῶν
864 780 931 851 σ’μῶν
943 782 994 853 γὰρ
1008 780 1112 837 οὶκετῶν

498 862 659 916 Πιστότοτον
672 860 782 933 ἡγοῦμαί
795 884 828 917 σε
841 862 881 915 καὶ
895 862 1090 918 κλεπτίστατον.

259 950 350 1019 Quod
362 952 457 1031 ipsum
471 951 627 1030 aliquando
641 954 811 1031 castigatius
821 952 902 1013 Nero
915 953 1031 1025 extulit,
1040 955 1092 1031 qui
1102 954 1139 1013 de
1152 953 1202 1013 tali
1216 954 1400 1023 servo,Nalli

258 1031 338 1111 apud
355 1053 384 1095 se
402 1032 550 1113 plutfidei
568 1032 670 1093 habere
689 1034 822 1093 dicebat:
842 1034 915 1093 nihil
927 1035 1000 1093 enim
1017 1035 1043 1093 ei
1063 1055 1150 1114 neque
1164 1035 1306 1095 inclusum
1322 1055 1401 1115 aeque

258 1115 401 1193 εἰροονοοι
413 1132 481 1173 erre.
506 1112 533 1171 V
530 1133 564 1173 οσ
578 1114 650 1173 enim
663 1121 856 1184 κλεπτίστατοο,
870 1128 983 1174 tanturn
996 1117 1089 1183 abest,
1103 1130 1138 1175 ut
1154 1118 1285 1175 sermoni
1299 1136 1398 1177 conre-

260 1196 322 1253 nire
334 1194 436 1272 possit,
451 1196 520 1254 ὥστε
532 1199 591 1254 ortt
605 1200 683 1255 αὐτοῦ
696 1201 743 1269 τὴν
755 1201 875 1257 διάλυσιν
888 1196 1031 1273 (dicerent
1051 1195 1173 1255 subtiles
1187 1197 1293 1260 harum
1310 1217 1400 1256 rerum

256 1274 387 1355 judices)
404 1280 536 1349 πολιτικὴν
549 1276 620 1347 εἶναι,
635 1277 690 1335 hoc
703 1289 758 1345 est,
773 1290 807 1335 ut
825 1276 994 1353 nequidem
1009 1297 1080 1337 voce
1100 1276 1165 1345 alia,
1179 1296 1246 1355 ques
1268 1298 1333 1337 eam
1353 1298 1400 1335 ex·

260 1357 376 1435 primat.
391 1356 593 1416 consuetudini
607 1370 658 1415 aut
672 1356 738 1416 usui
751 1357 963 1417 accommodari
982 1358 1086 1435 possit.
1128 1358 1232 1435 ltaque
1244 1358 1400 1435 corrumpit

261 1456 374 1509 vocem,
387 1436 472 1515 plane
493 1450 527 1495 ut
540 1438 651 1507 faciem,
666 1438 717 1515 qui
737 1439 779 1496 sic
800 1458 917 1497 movere
937 1438 1028 1498 risum
1048 1438 1176 1516 cogitat:
1197 1438 1297 1517 qualia
1317 1457 1400 1517 prope

260 1516 374 1577 infinita
389 1518 601 1595 Aristophanis.
638 1517 784 1596 Exemplo
804 1519 863 1578 sint
884 1518 1066 1589 diminutiva,
1080 1538 1147 1596 quae
1170 1532 1230 1579 tam
1250 1520 1399 1597 diligenter

260 1599 346 1657 tertio
360 1598 572 1659 rhetoricorum
586 1599 613 1659 in
628 1598 704 1658 illius
718 1598 887 1677 Babyloniis
906 1619 960 1657 rex
976 1600 1142 1659 criticorum
1155 1600 1334 1659 Aristoteles
1353 1620 1399 1657 no·

261 1680 351 1739 tavit:
371 1684 548 1757 χροσιδοίριον,
561 1684 766 1757 λοιδορημὰτιον,
781 1685 947 1757 λμοτιδάρνον,
961 1686 1003 1739 καὶ
1014 1686 1177 1754 νοσημάτων.
1219 1680 1312 1747 Quod
1329 1694 1358 1738 et
1374 1680 1399 1737 lu

260 1779 393 1820 sermone
407 1759 470 1838 ejus
484 1760 590 1838 passim
605 1772 634 1819 et
648 1761 676 1819 in
690 1761 825 1821 sensibus
836 1763 984 1830 observes,
992 1782 1066 1838 quos
1080 1782 1138 1821 non
1151 1782 1218 1822 raro
1232 1763 1312 1821 risus
1321 1780 1399 1820 causa

259 1840 344 1899 effert
369 1842 619 1919 corruptissimos;
651 1860 729 1919 soepe
752 1855 849 1901 tamen
868 1862 936 1901 cnm
957 1841 1054 1902 illudit
1073 1841 1146 1901 aliis.
1181 1842 1286 1909 Quare
1311 1860 1397 1907 voces,

259 1922 388 2000 phrases,
403 1942 513 1992 sensus,
528 1923 614 1980 etiam
629 1935 815 1992 structuram,
827 1942 922 1990 norae,
937 1934 971 1981 ut
991 1922 1098 1982 imitari
1118 1923 1211 1982 cuivis
1232 1936 1330 1983 tutum
1350 1934 1397 1987 est,

261 2002 303 2061 ita
315 2002 463 2080 antiquam
478 2003 502 2061 si
516 2003 584 2080 quir,
596 2002 701 2061 imitari
716 2003 796 2074 velit,
807 2004 936 2062 maximo
950 2002 1066 2062 delectu
1081 2024 1115 2061 ac
1129 2002 1242 2081 judicio
1256 2017 1304 2063 est
1315 2021 1397 2080 opus:

260 2082 340 2159 quod
361 2084 386 2141 si
407 2083 571 2161 quisquam,
586 2098 664 2141 recte
679 2083 854 2143 Aristoteles
875 2085 997 2143 notavit.
1040 2084 1138 2161 Atque
1152 2084 1217 2144 haec
1230 2106 1329 2153 causa
1343 2102 1397 2148 cur,

258 2175 294 2223 ut
314 2162 407 2222 multo
431 2164 586 2241 perfectior
609 2163 776 2242 utiliorque,
800 2165 842 2223 ita
863 2165 960 2223 minus
979 2164 1110 2233 ridicula,
1129 2165 1169 2223 sit
1187 2185 1275 2233 nora,
1297 2166 1398 2241 inqua

259 2262 369 2314 omnes,
384 2256 418 2303 ut
427 2244 488 2323 jam
503 2244 644 2313 absoluta,
658 2246 857 2323 acquiescunt.
899 2242 975 2304 Cum
988 2245 1099 2322 antiqui
1113 2246 1227 2315 comici,
1242 2248 1279 2305 iis
1298 2245 1397 2324 pariter

259 2344 327 2402 ηοω
348 2324 460 2396 dicunt,
474 2338 505 2384 et
524 2324 639 2384 dicendi
660 2327 781 2394 ratione,
797 2326 999 2397 urbanitatem,
1014 2327 1083 2403 quie
1102 2326 1172 2385 nihil
1193 2327 1275 2386 aliud
1293 2334 1396 2404 specta·

257 2416 336 2476 runt,
351 2426 438 2483 quarn
453 2405 615 2474 ridiculum,
631 2405 778 2486 plerisque
792 2407 821 2464 in
835 2406 917 2474 locis,
929 2407 1127 2485 imprudenter
1140 2408 1303 2467 excedant:
1325 2405 1396 2463 ideo-

258 2506 316 2563 que
330 2498 360 2545 et
373 2486 475 2545 vitium
489 2486 670 2564 plerumque,
685 2487 765 2565 quod
777 2491 943 2561 βωμολοχίαν
955 2486 1031 2545 dixit
1045 2487 1231 2557 Aristoteles,
1243 2490 1394 2547 incurrant

259 2566 320 2633 Qui
341 2568 387 2625 'vir
409 2588 531 2646 magnus
552 2566 724 2627 Ethicorum
746 2582 859 2645 quarto,
874 2568 925 2627 ubi
948 2567 985 2626 de
1009 2569 1173 2627 urbanitate
1195 2571 1268 2648 agit,
1290 2565 1395 2645 quaein

257 2647 361 2726 primis
373 2646 469 2707 locum
490 2648 520 2706 in
540 2648 585 2707 his
603 2648 700 2717 habet,
714 2648 832 2707 eosdem
845 2659 875 2706 et
889 2649 1016 2707 urbanos
1031 2660 1060 2707 et
1074 2648 1213 2709 honestos
1227 2649 1326 2708 vocari
1344 2644 1395 2704 ait:

258 2732 431 2804 σονροπελοοο
443 2728 530 2795 enim,
545 2730 627 2807 quasi
647 2734 794 2805 εὐτρότοος,
809 2729 876 2787 dici.
918 2729 1109 2793 Sicutsntem
1126 2730 1163 2789 de
1181 2730 1352 2809 corporibus
1363 2744 1395 2783 ex

259 2822 351 2877 motu,
366 2810 407 2869 ita
421 2829 459 2868 err
473 2811 635 2869 urbanitate
645 2809 772 2887 judicari
786 2810 823 2867 de
837 2810 949 2868 animo:
971 2822 1069 2868 utrum
1083 2830 1186 2889 nempe
1203 2811 1341 2871 honestus
1354 2806 1394 2869 sit,

259 2908 297 2948 an
318 2890 421 2967 turpis.
464 2888 525 2955 Qui
545 2890 582 2949 de
603 2891 775 2969 corporibus
794 2891 885 2959 locus,
900 2910 966 2949 cunr
987 2892 1129 2950 obscurus
1149 2892 1232 2950 nohis
1245 2890 1394 2951 rideretur·

258 2989 354 3048 neque
369 2971 524 3049 quicquam
539 2970 568 3029 in
583 2972 749 3030 recentibus
763 2971 962 3049 scriptoribus,
977 2972 1029 3047 qui
1048 2972 1229 3050 interpretati
1246 2992 1313 3031 eum
1326 2978 1394 3031 οοοῐ,

260 3050 441 3129 praesidii'ad
455 3070 571 3111 manum
586 3064 672 3121 esset,
688 3052 725 3110 ad
735 3051 932 3111 Andronicum
944 3050 1102 3122 Rhodium,
1117 3052 1201 3130 cujus
1215 3045 1393 3131 paraphrasin

258 3131 289 3191 in
301 3132 367 3191 illos
380 3131 471 3190 libros
483 3130 568 3210 plane
581 3130 788 3202 admirandam,
799 3133 885 3212 primi
899 3145 930 3190 et
942 3132 1095 3199 edidimus.
1105 3146 1135 3191 et
1146 3133 1175 3192 in
1186 3133 1321 3193 Latinum
1333 3146 1394 3188 cou-

259 3213 400 3272 vertimus
415 3232 586 3281 sermonem,
602 3228 635 3271 ur
648 3232 727 3291 saepe
740 3212 821 3282 alies,
836 3212 1030 3290 confugimus.
1063 3212 1124 3279 Qui
1137 3214 1193 3273 hoc
1206 3214 1311 3273 modo:
1325 3210 1394 3267 Ἡδὲ

258 3300 379 3368 μεσότης,
393 3298 554 3370 εὐτραπελία,
569 3299 609 3352 καὶ
630 3300 655 3351 ol
677 3300 788 3370 ἔχοντες,
810 3298 970 3369 εὐτράπελοι,
990 3293 1046 3353 οἶον
1067 3301 1197 3372 εὖτροποι·
1223 3301 1265 3353 καὶ
1285 3298 1333 3369 γὰρ
1354 3292 1394 3347 roi

258 3378 336 3447 ἤθους
349 3379 454 3433 δοκοῦσι
467 3382 580 3433 τοιοῦτον
594 3376 713 3447 κινήσεις,
728 3378 799 3434 οὗτοι
812 3378 842 3432 δέ
854 3378 920 3433 εἰσιν
932 3381 958 3432 ol
970 3380 1101 3446 παίζοντες
1115 3380 1239 3451 ἐμμελῶν,
1253 3381 1294 3434 irai
1307 3377 1339 3431 dre
1351 3372 1391 3433 δίῖι

258 3461 299 3513 ital
313 3458 365 3515 dra.
387 3458 475 3531 ὥσπερ
494 3460 545 3533 γὰρ
558 3460 583 3512 ul
597 3458 707 3529 κινήσεις
720 3462 753 3515 τὰ
766 3462 873 3530 σώματα
885 3461 1124 3532 χαρακτηρίζοοσιν·
1146 3456 1201 3515 οἶον
1213 3464 1266 3534 πῦρ
1278 3460 1324 3529 μὲν
1335 3454 1349 3522 ἡ
1362 3452 1392 3505 tlt

258 3540 289 3595 τό
309 3540 360 3595 dvo
380 3540 477 3609 κίνησις
496 3540 537 3594 recl
556 3542 607 3595 πᾶν
627 3544 733 3613 κοῦφον·
754 3541 822 3614 βοριλ
842 3540 870 3594 δὲ
890 3540 906 3608 ἢ
926 3540 963 3596 eir
981 3542 1011 3594 τὸ
1024 3540 1115 3610 μέσον,
1131 3542 1171 3596 καὶ
1191 3540 1234 3596 ἰπὶ
1246 3546 1297 3597 τῶν
1315 3536 1393 3591 ἄλλον

259 3622 362 3690 ὁμοίως·
383 3618 449 3677 οὕτω
462 3622 503 3675 tol
516 3620 566 3675 dard
579 3625 630 3676 τῶν
642 3623 691 3692 ἔξω
705 3622 747 3677 recl
760 3620 919 3690 Φαινομένων
930 3624 977 3676 τοῦ
994 3620 1128 3692 ἀνθρώπου
1148 3622 1280 3692 κινήσεων,
1294 3621 1319 3674 al
1336 3616 1392 3685 ἷξίῑῐ

259 3704 304 3771 τῆς
325 3702 414 3773 ψυχῆς
436 3702 571 3775 φαίνοντο
593 3703 633 3756 eal
650 3704 683 3757 rh
699 3703 758 3772 ἤδη.
794 3696 886 3762 Quod
905 3710 951 3756 est
970 3718 1010 3756 ex
1030 3698 1268 3777 interpretatione
1287 3706 1391 3755 nostra:

257 3776 387 3837 Medium
400 3798 472 3846 uero,
486 3782 647 3855 εὐτραπελία,
661 3778 693 3839 id
703 3788 755 3848 est,
768 3776 926 3848 urbanitas,
941 3778 1041 3858 quique
1054 3779 1084 3838 in
1101 3800 1133 3837 ea
1149 3780 1298 3848 excellunt,
1311 3774 1391 3847 ‹tept-

257 3866 343 3929 τελοι,
429 3859 580 3935 ἱείτροτοι,
594 3858 644 3918 leuc
657 3868 706 3932 ert,
723 3858 788 3918 hene
800 3858 912 3926 morati,
925 3858 1066 3918 dicuutur.
1106 3859 1221 3918 Etenim
1229 3855 1392 3939 potissim

256 3960 277 3999 a
290 3878 549 3999 mariblismuideutur
562 3958 620 3999 erse
633 3939 662 3997 lu'
677 3950 775 3999 matut.
804 3938 848 3997 Hi
861 3948 954 3997 estem
966 3949 1039 4009 sunt,
1054 3939 1101 4019 qai
1113 3941 1252 4012 cominu,
1267 3949 1294 3997 et
1307 3950 1390 4019 quw:

257 4020 412 4089 admodm,
427 4028 528 4078 etcum
541 4028 655 4097 oportet,
669 4023 814 4099 jocantur.
849 4019 931 4077 Sicut
947 4020 1020 4077 enim
1037 4041 1156 4098 corpora
1168 4020 1341 4100 distinguunt
1352 4028 1390 4067 Μ

257 4110 354 4170 motus,
368 4110 408 4169 ut,
422 4100 542 4179 eerrupli
554 4100 661 4179 gratim
677 4102 771 4180 iguem
785 4110 811 4158 et
824 4100 957 4179 quicquid
971 4100 1029 4159 leve
1042 4112 1093 4171 ert,
1107 4111 1198 4161 motus
1212 4102 1260 4181 qai
1272 4100 1299 4159 in
1311 4093 1391 4154 ndum

247 4182 357 4259 fertur,
370 4190 579 4259 granceastre,
594 4191 683 4240 motus
697 4182 746 4261 qui
758 4179 799 4239 ad
811 4179 937 4251 rudium,
953 4180 1097 4261 eademque
1112 4182 1192 4241 mado
1211 4183 1240 4241 in
1251 4180 1333 4245 attin·
1345 4172 1389 4263 'ila

257 4283 293 4321 ca
307 4263 343 4319 iis
356 4263 404 4341 qui
416 4271 498 4320 cetra
512 4270 584 4331 sunt,
594 4272 621 4319 et
634 4263 682 4341 qai
696 4262 725 4320 in
738 4260 832 4320 oculas
845 4261 990 4320 incurrunt
1004 4262 1142 4321 heminam
1154 4263 1278 4332 motibus,
1291 4254 1389 4316 liubit&

257 4362 363 4423 quoque
374 4352 513 4421 apparent
525 4341 668 4401 euinceret
681 4362 779 4401 rueres.
821 4340 901 4407 Quia
914 4356 1012 4401 autem
1027 4344 1102 4401 risus
1121 4344 1166 4414 iis,
1181 4358 1215 4403 ut
1234 4340 1387 4422 plurimum,

256 4425 308 4503 qui
321 4420 416 4485 minus
428 4435 497 4484 sunt
508 4423 632 4497 honesti,
645 4422 747 4503 quales
760 4423 891 4484 homiues
905 4422 1002 4501 plebei
1019 4437 1089 4485 sunt
1101 4438 1153 4485 aut
1167 4443 1285 4492 scurrae,
1299 4426 1387 4498 31⁸⁰ss
