2834 4759
208 138 273 212 562
640 85 919 211 TERENT'II
1201 141 1329 221 [uerus
1345 160 1370 202 r.

254 295 284 341 lt
296 280 365 345 Ubi
375 280 547 345 initiabant
557 304 577 344 t·
588 300 682 345 omne
695 280 759 345 hoc
773 290 876 345 mater
890 277 1031 343 auferet:

296 380 384 445 Puer
397 402 496 445 causa
509 380 572 444 erit
584 380 754 445 mittendi:
779 379 837 444 sed
853 378 977 443 videon’
993 376 1134 442 Getam?

434 652 625 727 ACTUS
657 652 830 727 PRIMI
863 651 1054 726 SCENA
1086 650 1136 723 11.

655 842 761 893 unta.
790 842 917 891 DAVUS.

299 967 337 1032 St
352 970 424 1051 quia
439 986 490 1031 me
505 974 631 1051 quaeret
645 966 748 1031 rufus.
774 966 841 1037 Da.
859 964 1038 1042 Praesto’st,
1054 962 1176 1029 desine.
1201 960 1273 1027 Ga.
1292 962 1376 1028 Oh!

210 1176 272 1218 teat:
296 1169 361 1231 quod
379 1167 477 1231 quidem
494 1166 582 1231 virgil.
598 1168 626 1216 in
642 1168 771 1225 Bucolicis,
805 1166 844 1215 tri
859 1168 913 1216 ταῖς
927 1168 975 1215 τᾶν
990 1162 1221 1226 tetrametrum
1236 1163 1377 1227 ἐπέτρεπεν

212 1234 264 1285 Bet.
275 1233 309 1281 iii.
322 1234 361 1284 76.
373 1236 484 1297 Phyllida
499 1237 563 1282 mitte
581 1236 644 1291 milti,
661 1250 723 1281 meae
738 1240 773 1281 eat
805 1232 906 1293 elaxioe
918 1228 1037 1291 συνάγειν,
1049 1230 1087 1279 eal
1103 1228 1234 1293 προφάσεις
1249 1231 1378 1279 ποιεῖσθαι

211 1301 304 1357 natalie,
317 1301 374 1355 loia,
386 1310 414 1346 ut
430 1298 508 1347 nolunt
519 1298 771 1361 peraeenunciaeeet.
803 1295 882 1357 plina,
895 1292 1225 1357 ἅλλὰσόφρονατὴνᾶρχὴν
1238 1293 1318 1344 eidus.
1347 1296 1376 1343 L

212 1364 326 1413 lt—vu
335 1367 382 1413 erit
391 1366 477 1411 ntulit
487 1360 550 1425 dier]
561 1364 662 1413 Summa
672 1378 730 1411 eura
748 1371 773 1410 et
803 1362 930 1409 -Veraua
945 1362 1031 1425 probat
1042 1360 1170 1408 lectionem
1187 1356 1259 1407 codd.
1274 1370 1376 1409 noetro·

211 1427 330 1492 religione
350 1428 443 1491 antiqui
462 1428 628 1486 observabant,
648 1443 680 1475 ne
699 1427 771 1476 amici
803 1441 858 1475 rum
870 1436 927 1474 vett.
941 1428 1012 1473 Porro
1022 1428 1069 1473 dlio
1079 1433 1172 1479 autem,-
1188 1426 1280 1472 utalia
1296 1424 1332 1473 ait
1349 1426 1377 1473 in

211 1493 278 1541 diem
298 1493 402 1542 natalem
422 1492 477 1541 eine
496 1507 597 1541 munere
612 1491 770 1541 dimitterent.
803 1491 861 1548 ictu,
873 1499 901 1539 ut
912 1492 937 1538 in
948 1488 1101 1554 precedenti.
1127 1490 1155 1537 Β.

212 1558 349 1621 symmach.
361 1558 402 1606 lib.
414 1558 446 1606 vi.
459 1557 530 1621 epist.
542 1559 581 1606 49.
594 1553 771 1605 Natalitidrnu·
838 1558 874 1604 15.
892 1558 937 1605 vti
952 1554 1090 1617 initiabant]
1108 1554 1164 1602 Hoa
1180 1553 1299 1603 vultuose

211 1639 272 1680 nere,
290 1626 351 1686 quod
359 1620 507 1685 frequentari
525 1639 540 1670 a
558 1625 623 1670 urile
636 1625 773 1684 pamultot
804 1620 976 1671 nunciandum.
1005 1623 1050 1667 ilbi
1061 1617 1198 1681 initiabant]
1214 1618 1248 1667 Ut
1261 1572 1377 1682 quitlirn,

211 1704 282 1736 aenae
293 1685 612 1750 momueitjelt'aitaesaeiet,
623 1696 724 1735 nostrum
735 1690 772 1735 lli-
804 1690 854 1734 aiio
864 1695 887 1734 et
900 1693 973 1747 pote.-
990 1694 1017 1733 ut
1032 1684 1138 1749 quidam.
1150 1688 1230 1733 raetia
1267 1687 1317 1733 vat
1328 1688 1377 1732 iae·-

212 1754 307 1800 iaroetie
327 1756 433 1799 minua.
467 1750 623 1827 Pomponius,
641 1752 682 1800 lib.
704 1752 772 1801 xxxi.
805 1748 909 1814 tubum]
929 1750 1030 1812 Legitur
1046 1750 1111 1813 apud
1124 1750 1261 1797 Varronem
1279 1748 1378 1797 initiari

212 1818 233 1877 i.
246 1819 269 1865 8.
280 1816 304 1864 ffi
316 1816 348 1864 de
358 1816 438 1864 donat.
450 1816 495 1864 int.
508 1832 553 1864 vu.
570 1827 594 1864 et
610 1832 679 1864 uxor.
698 1820 723 1865 St
737 1821 773 1865 nir
806 1830 895 1880 pueroa
908 1814 1009 1873 unalia,
1021 1824 1047 1862 et
1059 1814 1154 1869 Potico,
1167 1822 1191 1861 et
1203 1814 1293 1869 Cubae,
1309 1814 1378 1863 diris

212 1885 279 1930 uerri
296 1898 376 1929 uenae
391 1884 532 1929 inaudierat
548 1882 603 1929 Kal
615 1882 721 1937 Mutia,
732 1890 773 1930 aut
806 1880 901 1938 edendi,
917 1890 942 1928 et
958 1878 1066 1943 potandi,
1078 1888 1104 1927 et
1120 1877 1239 1927 cubandi:
1258 1879 1305 1927 ubi
1322 1880 1378 1944 pri-

212 1949 288 1995 uatali
311 1948 349 1994 die
374 1948 480 2003 deduaet,
503 1948 595 1994 dormio
621 1955 662 1995 eet.
694 1946 773 1995 Plaut.
806 1944 1111 1993 mumalacteetacunie
1123 1944 1290 1991 transierunt:
1309 1944 1380 2007 quod

213 2010 302 2061 Peeud
317 2010 334 2060 i.
347 2014 369 2059 2.
392 2010 438 2059 ille
454 2026 512 2059 vero
527 2012 597 2074 cuju·
614 2009 701 2060 natalia
714 2021 774 2070 erat,
807 2010 876 2074 Virg.
888 2010 938 2058 Eoi.
948 2009 1026 2057 iant.
1039 2011 1151 2057 Neadeue
1161 2012 1222 2056 itane
1232 2024 1322 2067 mee,
1334 2012 1380 2057 dea

213 2076 259 2125 hoc
270 2077 364 2140 egebat,
379 2085 407 2124 ut
416 2075 546 2139 genialiter
556 2092 586 2123 eo
597 2075 637 2124 die
648 2087 674 2124 et
684 2076 775 2125 amieoo
806 2092 849 2123 aee
860 2078 957 2138 dignata
966 2077 1037 2122 cubili
1046 2082 1097 2122 eet.-
1112 2074 1158 2121 noc
1170 2073 1302 2121 adnotavit
1315 2074 1379 2123 Pro-

213 2152 239 2189 et
255 2156 283 2189 ae
300 2140 428 2205 reciperet.
453 2140 558 2198 Persius.
570 2141 648 2205 Satyr.
660 2141 774 2199 iiiluna,
807 2140 859 2189 bue.
888 2140 937 2188 Sed
953 2138 1274 2202 Terentiuartpollodomrn
1292 2139 1379 2202 sequi-

212 2208 397 2263 Maenadum
412 2222 507 2254 amera
522 2209 613 2253 meliore
629 2209 715 2267 inpilia
730 2208 776 2258 Qui
808 2212 863 2253 tur:
881 2205 945 2269 apud
956 2218 1028 2267 quem
1039 2202 1129 2267 legitur
1144 2203 1170 2251 in
1186 2202 1271 2251 insuta
1288 2205 1379 2252 Samo-

213 2274 258 2319 titi
268 2274 368 2320 labem
375 2278 472 2334 oppam
479 2273 590 2319 eordim
600 2288 683 2319 maor:
695 2274 775 2319 Funde
807 2270 917 2319 thracum
929 2285 944 2317 a
954 2278 1021 2317 certo
1038 2280 1146 2332 tempore
1161 2282 1253 2331 pueros
1270 2266 1379 2325 initiari,

213 2352 298 2384 nerum
311 2340 385 2398 genia.
409 2335 488 2384 Plaut.
501 2336 588 2383 Paeud.
599 2336 615 2383 i.
628 2338 650 2382 2.
663 2338 701 2383 32.
713 2338 776 2383 miri
807 2350 875 2383 more
887 2334 1089 2389 Atheniensium
1101 2333 1172 2395 quod.
1184 2342 1213 2380 ut
1224 2332 1250 2381 in
1263 2334 1379 2397 palliata,

213 2403 279 2450 hodie
294 2403 381 2449 natalie
396 2403 445 2448 dire
460 2409 502 2456 eet,
513 2403 578 2448 deret
593 2417 643 2449 eura
653 2418 775 2449 oausam
807 2398 959 2463 probandum
978 2414 1015 2447 est
1032 2398 1116 2461 magia.
1158 2400 1204 2446 ilbi
1229 2398 1378 2461 initiabitur]

212 2469 385 2515 emanare.-
408 2467 515 2523 Pernam,
537 2468 626 2521 callam
647 2468 774 2527 glaudium,
809 2464 864 2513 lion
880 2464 915 2513 aio
931 2463 1084 2512 inserendum
1102 2472 1152 2511 eat:
1171 2476 1220 2510 non
1238 2462 1312 2524 quari
1331 2465 1380 2511 hoc

213 2546 298 2588 maen,
302 2527 379 2592 saoito
389 2534 483 2592 ianque
488 2530 600 2592 juerant:
611 2532 680 2578 eatia'
687 2534 775 2579 audie!
806 2529 885 2578 tolum
900 2528 940 2586 sit,
951 2531 995 2577 aed
1011 2528 1079 2591 quati
1097 2526 1243 2590 defatigatae
1261 2528 1298 2576 sit
1313 2544 1379 2577 enu-

213 2598 337 2657 Mogaitiee
347 2597 395 2643 oola
405 2599 464 2643 enim
478 2611 573 2642 mamae
589 2597 649 2642 virae
664 2598 773 2657 accione.
807 2593 922 2642 merendo
937 2593 1075 2642 occasiones
1086 2592 1221 2641 dandorum
1232 2608 1380 2641 munerum.

216 2659 286 2708 ldem
297 2660 323 2708 in
336 2660 417 2718 Perae,
435 2668 481 2707 act.
497 2661 519 2707 t.
537 2659 649 2707 Juvenal.
660 2660 739 2723 satyr.
752 2662 774 2709 5.
810 2662 878 2707 Omne
897 2662 938 2707 hoo
954 2666 1027 2706 mater
1044 2656 1145 2720 auferet]
1167 2657 1223 2705 Hoc
1239 2658 1329 2706 retulit
1348 2660 1381 2707 ad

214 2724 352 2789 symmach.
364 2724 406 2773 lib.
418 2724 451 2772 v'a
463 2739 501 2787 ep.
514 2726 553 2771 82
582 2724 652 2772 Adeo
667 2724 774 2786 quidem,
807 2723 930 2772 offerentia
949 2722 1094 2778 irrisionem.
1106 2722 1147 2784 qui
1163 2730 1234 2785 putat
1251 2738 1280 2770 ee
1298 2740 1380 2787 puero

214 2788 494 2853 utnonpriratum,eed
505 2788 628 2852 publicum
640 2805 705 2854 repe
717 2806 775 2838 con-
808 2789 873 2837 dare.
897 2790 977 2837 Mater
987 2786 1088 2851 arrj'eret]
1103 2789 1141 2835 An
1154 2786 1256 2835 nutrix?
1268 2802 1304 2836 an
1318 2804 1380 2837 nera

214 2855 309 2903 virium
331 2854 436 2903 daretur.
463 2855 544 2915 Atque
571 2854 618 2902 hoc
642 2864 686 2912 eat,
712 2855 776 2917 quod
808 2855 904 2902 matari
928 2854 1044 2902 D.-Uiri
1054 2850 1199 2914 initiabitur]
1217 2854 1322 2902 initiare
1339 2864 1379 2901 est

217 2918 359 2968 Marcianue
370 2927 439 2966 notat
449 2918 476 2967 in
488 2918 529 2966 tin
541 2917 629 2967 xxxiii.
640 2918 664 2966 it
677 2918 707 2967 de
719 2935 776 2968 ann.
808 2918 840 2966 ad
850 2918 930 2967 eibum
942 2917 1060 2967 iniantem
1071 2917 1200 2975 instruere,
1216 2915 1259 2979 qui
1275 2929 1304 2967 et
1320 2920 1378 2983 ipae

215 2984 263 3047 leg,
288 2986 344 3032 Cura
364 2986 457 3046 quidam
479 2986 637 3032 &modius
656 2986 778 3033 Manes
810 2980 1204 3044 dieenaralieestquodammodo.
1227 2982 1257 3029 B.

213 3052 271 3097 dari
285 3051 392 3097 mleieeet
407 3051 445 3097 die
460 3051 547 3096 nata&
561 3052 605 3106 ω’,
617 3050 673 3097 Diti
683 3051 778 3098 &atriu
845 3049 881 3096 16.
894 3050 957 3096 Puer
974 3064 1044 3096 auara
1061 3050 1106 3095 erit
1124 3045 1247 3109 mittendi]
1269 3046 1379 3112 Proprie

215 3122 240 3163 et
250 3117 379 3162 Aaronom
392 3116 565 3175 reeeripeeruet,
581 3124 683 3161 meree
697 3118 777 3162 aeriti-
810 3113 873 3161 dixit
883 3116 1000 3171 minandi,
1012 3112 1043 3160 de
1054 3112 1203 3160 muneribus.
1227 3114 1276 3159 Sed
1286 3115 1378 3161 videea'

215 3180 447 3227 nikmtatorende
458 3194 571 3226 unaarum
585 3182 688 3236 sensura,
699 3181 779 3228 redde
813 3180 894 3227 Getam
901 3174 926 3241 i]
939 3178 1089 3226 Locuturum
1096 3176 1203 3224 ostendit
1213 3176 1315 3226 Getam.
1333 3180 1381 3227 Sed

213 3251 324 3305 perpetua
334 3244 416 3305 tegata
443 3244 572 3291 Dioieioeee
588 3252 659 3291 vocat
672 3244 777 3292 vincera·
810 3244 896 3291 oideaa'
911 3245 1010 3291 Getam!
1022 3241 1133 3306 Apparet
1143 3250 1242 3305 poetam
1254 3242 1319 3291 nihil
1331 3258 1380 3307 pu-

215 3307 316 3365 riorem,
328 3306 442 3365 cruetnla,
454 3316 480 3355 et
489 3305 602 3365 multum,
617 3322 672 3369 qua·
686 3307 779 3357 viritim
812 3318 875 3357 meae
886 3306 991 3371 ampliat
1006 3306 1191 3363 addendum,ad
1200 3306 1381 3355 insinuandam

215 3370 326 3420 condrio
340 3370 518 3429 dividebantur.
531 3380 559 3420 at
573 3386 605 3420 ex
620 3371 779 3437 inscriptione
844 3372 902 3437 pulo
918 3386 1046 3436 personam
1060 3371 1139 3419 Dari:
1158 3380 1184 3418 et
1194 3371 1251 3420 ideo
1265 3373 1323 3433 jem
1339 3373 1380 3420 in-

217 3445 327 3501 eppuet,
339 3434 496 3500 quaeSpoleti
508 3446 562 3485 eet:
829 3437 883 3485 unit
894 3448 1023 3485 exeuntem
1033 3437 1128 3495 Getam,
1138 3446 1166 3484 nt
1177 3435 1209 3485 ait
1219 3450 1298 3487 cama
1308 3452 1378 3486 oom-

251 3514 324 3549 rara.
337 3514 469 3549 teraaao.
482 3514 525 3548 xv.
538 3514 731 3551 aeonnruaare.
744 3514 778 3551 ar
811 3502 934 3551 mutandae
944 3501 1068 3551 orationia
1093 3500 1124 3549 D.

215 3578 495 3618 nao.v.utcenoarc.
509 3580 704 3615 manamaur.
717 3580 779 3615 raa·
847 3570 866 3615 1.
879 3570 906 3616 Si
916 3570 967 3630 quie
977 3584 1012 3615 ae
1023 3574 1110 3629 queret
1120 3563 1199 3629 resae]
1218 3565 1288 3614 Mire
1304 3578 1380 3632 poeta

218 3643 358 3680 renarro.
382 3644 570 3679 uuurcmaoa.
594 3644 636 3679 ut.
661 3646 734 3680 axvi.
756 3646 779 3680 o.
812 3632 974 3681 derideretum
992 3633 1062 3680 Getae
1084 3630 1190 3679 ostendit
1209 3630 1320 3681 Davum.
1354 3634 1380 3681 Si

215 3709 323 3745 arone.
336 3710 379 3744 ur·
391 3710 436 3744 ax.
449 3710 561 3744 aaarru.
578 3709 650 3744 atne.
669 3710 779 3745 anuum.
812 3700 864 3761 quis
874 3714 908 3745 rue
918 3704 1005 3759 queret
1014 3692 1093 3759 ruffin]
1111 3696 1150 3744 De
1164 3696 1219 3760 ipso
1231 3694 1352 3757 loquitur,
1365 3712 1380 3745 ι

216 3774 300 3813 onor,
317 3774 409 3809 auria.
422 3774 483 3809 rur.
502 3774 573 3810 rnna.
589 3774 708 3810 norrun.
729 3776 779 3809 na·
812 3778 860 3824 quo
874 3762 942 3811 reddi
954 3760 1000 3810 eibi
1012 3760 1120 3809 debimm
1132 3770 1220 3824 eperat.
1243 3762 1271 3809 at
1281 3766 1379 3823 quiem

220 3838 300 3875 ratu.
327 3840 386 3874 eno.
414 3839 570 3874 uunrcrrra.
598 3840 719 3876 ananau.
745 3840 779 3875 er
811 3836 898 3889 queret
907 3822 985 3888 rq'ae]
996 3826 1295 3883 'Armrdmaueeaunda
1313 3826 1380 3875 Nam

219 3904 314 3940 canen.
328 3904 362 3940 ar
374 3904 489 3939 uonauu
502 3904 639 3940 aaronita,
812 3901 914 3957 apparet
941 3891 994 3941 iura
1004 3890 1125 3939 dicturum
1135 3890 1216 3938 inisse.
1235 3892 1329 3939 Praete
1339 3898 1380 3948 ert,

253 3956 303 4011 Qui
313 3972 367 4005 moa
378 3971 427 4004 non
439 3956 517 4005 tolum
528 3966 609 4004 autem
619 3956 683 4021 apud
697 3956 779 4016 italos,
812 3955 902 4020 detine]
937 3956 999 4005 ertia
1009 3970 1113 4020 persona
1124 3954 1154 4003 de
1165 3968 1192 4002 ae
1203 3954 1309 4017 loquens
1321 3972 1379 4005 usare

217 4021 264 4071 ead
275 4030 301 4070 et
308 4020 366 4070 alibi
374 4020 485 4084 gentium
496 4036 543 4069 neu
554 4031 666 4086 receptur
674 4022 733 4069 iuit=
746 4022 781 4070 aie
814 4032 866 4070 eat:
884 4021 941 4083 quia
951 4020 993 4069 ille
1010 4020 1186 4069 nominativum
1199 4019 1266 4081 (quia
1278 4024 1328 4069 tale
1339 4038 1377 4069 aa·

218 4086 287 4136 enim
298 4087 388 4134 Genea
401 4085 433 4133 xl.
445 4086 472 4134 in
480 4084 610 4134 nataliono
622 4088 716 4135 Pharao
728 4086 781 4151 opi·
814 4104 865 4135 men
877 4087 925 4135 Ma.
940 4086 974 4134 Η.
986 4095 1012 4134 et
1029 4086 1057 4134 B.
1068 4099 1125 4133 aum
1136 4084 1190 4132 edd.
1201 4094 1260 4132 vett
1272 4090 1330 4149 qnia
1342 4094 1378 4133 ta-

220 4166 280 4217 pare
291 4151 450 4199 eonvivaturt
467 4160 493 4199 et
506 4150 595 4199 Matth.
611 4166 664 4215 aaa
676 4151 726 4200 xie·
737 4166 780 4199 na·
815 4154 857 4199 lem
869 4154 1041 4200 minationem
1052 4150 1089 4198 ed.
1103 4150 1143 4198 Du
1155 4150 1196 4207 B.)
1225 4150 1326 4198 retulit.
1347 4150 1376 4199 D.

216 4214 784 4279 talitlierodiaaplendideeelebratur.Quam·
816 4219 876 4265 -Sr'
895 4219 946 4279 quia
964 4212 1115 4277 aequaret]
1140 4212 1192 4277 ngr
1224 4214 1274 4263 'tur
1293 4230 1377 4265 territa

217 4281 259 4330 rie
276 4293 308 4327 ae
324 4280 373 4328 tale
388 4280 447 4343 quid
463 4296 479 4328 a
490 4280 580 4344 populo
597 4281 700 4330 Judaioo
717 4296 783 4329 com·
815 4280 858 4343 qui
874 4290 1016 4329 narraturus
1032 4290 1071 4328 eet
1088 4278 1138 4337 illa,
1156 4294 1211 4342 quat
1224 4294 1300 4344 supra
1317 4280 1377 4328 dixit

217 4346 365 4402 mitteretur,
382 4344 437 4408 lege
454 4343 610 4394 interdictum
625 4346 700 4394 initae
712 4347 782 4394 Joee-
815 4346 884 4402 (diti.
903 4346 966 4394 Nam
979 4352 1073 4411 spectat
1080 4358 1178 4393 veroum
1189 4344 1299 4408 primum
1308 4346 1376 4393 mho-

216 4412 283 4477 pau·
294 4407 379 4460 teribit
389 4418 475 4460 oontm
486 4409 622 4475 apionem:
635 4411 671 4459 oie
680 4408 726 4471 alr
736 4410 783 4460 out·
816 4410 905 4462 liettea
930 4409 980 4473 Ζ.).
1004 4410 1108 4461 Mandat
1115 4408 1215 4461 domina
1226 4408 1343 4475 (metue,
1353 4416 1376 4457 et

1336 1570 1377 1603 ΓΟ·
