2834 4759
222 5 288 73 ³02
659 2 939 73 TERENTll
1192 5 1310 91 [serus
1324 26 1369 71 ιιι.

268 140 359 215 Quid
374 148 408 206 te
424 140 569 207 futurum
583 163 710 221 censes,
725 161 822 226 quem
836 140 968 205 assidue
981 140 1146 218 eredenti

267 240 322 306 Sic
336 261 387 305 me
402 239 450 305 Di
463 240 628 318 amabunt,
643 252 681 306 ut
694 262 746 306 me
761 250 889 305 tuarum
903 239 1132 318 miseritum'st,

223 348 255 398 ει
267 337 475 417 Menedeme,
490 338 702 405 fortunarum.
741 337 841 403 Mau.
856 336 969 403 Faciat
982 339 1072 422 quod
1085 337 1195 405 lubet:

267 436 392 514 Sumat,
408 446 587 514 consumat,
602 436 739 523 perdat:
762 434 970 501 decretum’at
982 437 1070 521 pati;

266 533 357 601 Dum
371 532 461 600 illum
474 534 571 601 modo
585 534 723 601 babeam
736 556 873 601 mecum.
910 532 976 599 Cn.
993 534 1030 599 Si
1043 536 1209 601 certaru’st
1222 536 1283 602 tibi

267 632 322 697 Sic
337 631 456 709 fucere,
472 631 552 698 illud
566 633 733 718 permagni
748 631 870 698 referre
884 633 1036 712 arbitror,

266 730 316 797 Ut
330 732 526 797 nescientem
540 732 658 797 sentiat
672 742 705 796 te
719 731 753 796 id
769 730 832 796 sibi
845 732 936 797 dare.

224 840 257 891 co
270 828 369 895 Mau.
384 829 474 903 Quid
486 829 622 897 faciam?
660 829 725 897 Cn.
739 829 879 903 Quidvis
889 830 1011 916 potius,
1023 852 1121 916 quam
1129 832 1220 917 quod
1233 830 1370 917 cogitas

267 926 334 993 Per
348 924 445 993 alium
459 928 603 1012 quemvis
618 939 655 993 ut
669 927 746 993 des:
770 925 884 993 fallite
899 929 985 993 sinas

267 1024 413 1093 Technis
428 1025 682 1111 perservolum:
705 1026 768 1091 etsi
782 1025 932 1091 subsensi
945 1025 980 1091 id
993 1047 1136 1113 quoque,

223 1230 304 1287 sitan,
313 1242 386 1303 quem
395 1226 502 1277 suoloco
513 1228 627 1277 morerel
645 1226 730 1276 Solum
740 1242 785 1275 su·
810 1224 870 1288 salle·
878 1233 901 1277 te
912 1228 975 1275 deas
987 1229 1075 1275 uehis
1086 1243 1130 1289 pst
1139 1242 1237 1276 ursan.
1266 1227 1307 1277 Aa
1323 1226 1370 1276 lieri

224 1302 274 1342 tem
289 1308 349 1356 quta
366 1291 487 1357 significet
502 1292 591 1350 locum,
602 1290 656 1355 quis
672 1291 784 1341 dubitati
817 1291 902 1355 ponit,
914 1291 1040 1355 adiungier
1058 1294 1161 1341 utensi
1171 1295 1225 1341 illas
1237 1296 1280 1341 llos
1293 1309 1370 1356 qaoque

224 1372 300 1421 quum
312 1356 396 1407 exules
406 1372 502 1420 quoque
514 1356 730 1406 dicanturexsolo
739 1372 785 1421 pa·
817 1372 893 1419 agere.
923 1356 963 1404 lix
979 1371 1009 1404 eo
1025 1356 1092 1405 enim
1108 1356 1173 1419 quod
1187 1360 1241 1420 jam
1259 1368 1334 1421 egum
1348 1366 1370 1405 et

224 1421 279 1471 triae
298 1438 348 1471 suae
366 1420 438 1487 pulsi.
475 1424 589 1471 Sollicitos
610 1420 686 1486 igitur
704 1424 786 1471 habuit
817 1431 962 1484 preparant,
975 1421 1030 1470 fieri
1046 1430 1133 1485 potest.
1160 1422 1262 1472 Deinde
1277 1424 1308 1471 ab
1322 1420 1369 1470 utili

224 1502 309 1536 ornnes
331 1486 484 1545 domesticos,
502 1486 543 1549 qui
563 1486 621 1535 binc
637 1494 662 1535 et
677 1485 736 1535 iude
753 1485 784 1535 ad
816 1484 945 1548 adjunxit:
973 1494 998 1535 et
1019 1488 1063 1535 tili
1084 1490 1182 1549 perdes
1205 1490 1315 1537 talenta·
1334 1490 1370 1534 tae

224 1550 412 1601 minbuaudum
429 1551 613 1601 disdmbantur.
642 1551 785 1601 Q—Ossss's
812 1553 1096 1615 praesumeremus
1109 1554 1150 1600 illo
1164 1555 1259 1601 nisan.
1287 1550 1370 1601 Melita

224 1618 332 1665 seuiebat
342 1614 426 1679 tabat]
439 1616 495 1665 Hoc
511 1625 555 1674 est,
567 1615 654 1665 ebrios.
683 1615 783 1681 Signifi-
816 1625 855 1665 est
865 1614 933 1664 velut
947 1615 1054 1665 insciens
1065 1616 1163 1678 (Melias
1178 1626 1222 1676 est,
1239 1626 1268 1666 at
1282 1620 1370 1665 ιἰιιιίω

224 1679 337 1729 catenim
345 1684 460 1739 sollicitor,
469 1680 493 1729 id
503 1690 547 1740 eet,
558 1681 609 1730 solo
616 1680 709 1739 citatos,
720 1681 785 1744 quod
816 1683 853 1729 orl
861 1678 902 1742 Z.)
910 1680 1042 1745 plurimum
1050 1682 1146 1745 perdas,
1155 1697 1229 1745 quam
1241 1682 1319 1731 scieas
1328 1680 1368 1729 rai·

225 1744 300 1795 ebriis
318 1744 445 1809 contingit,
463 1745 550 1809 quibus
569 1761 619 1795 non
639 1756 697 1795 sunt
715 1746 786 1795 firma
817 1744 926 1801 nimums
943 1746 1166 1795 crrmexboclilius
1177 1748 1245 1809 quod
1254 1745 1369 1795 lieeuu'm

224 1810 389 1873 vestigiased
401 1820 467 1859 motu
483 1810 592 1875 corporis
607 1810 650 1860 citi
666 1820 731 1861 sunt.
754 1810 784 1861 ll.
816 1810 951 1873 agnoverit,
966 1811 1018 1872 jam
1040 1810 1063 1859 ei
1083 1810 1178 1860 lubebit
1196 1815 1290 1874 majora
1310 1826 1369 1859 eom·

224 1874 307 1923 -Pro
317 1878 394 1934 tatur,
407 1885 432 1924 et
442 1876 570 1925 sententies
582 1884 699 1925 etversus
711 1890 786 1924 causa
816 1874 922 1924 mittere.
950 1875 1016 1924 Dein
1024 1874 1135 1939 ad'uugr‘t
1145 1875 1299 1935 abbonesto,
1308 1878 1369 1924 Naue

225 1943 455 2005 reprobabam.
466 1940 576 1998 becchis,
587 1950 661 1991 etme
672 1950 785 1990 ettotam
816 1944 845 1989 de
859 1943 1047 2003 μειώσειν
1072 1940 1188 1990 Ostendit
1202 1941 1337 1999 baustum,
1348 1948 1369 1987 et

224 2004 341 2055 familiam
349 2004 497 2055 fastidiosus
506 2014 530 2054 et
539 2006 660 2070 elegantia
669 2005 786 2055 sollicitos
816 2004 877 2053 utile
908 2005 1047 2054 declararit.
1092 2005 1208 2070 Denique
1239 2013 1370 2072 perseverat

225 2079 251 2119 et
262 2070 381 2119 exercitos
391 2070 482 2119 habuit.
507 2070 536 2119 B.
816 2068 881 2119 cirea
891 2069 917 2118 id
933 2070 1062 2135 ipsamet
1076 2070 1156 2119 dieat:
1175 2071 1241 2121 (lum
1257 2070 1321 2120 enirn
1335 2070 1367 2117 in·

259 2138 298 2184 63.
318 2138 388 2189 &aar
404 2138 499 2185 exedent
506 2135 532 2199 r]
551 2134 609 2185 Plus
625 2134 695 2194 dixit,
713 2151 786 2199 qnam
817 2134 940 2184 tellexerit
955 2134 1063 2184 animum
1079 2145 1157 2193 tuum,
1173 2145 1201 2185 te
1217 2136 1288 2202 prius
1301 2135 1368 2185 vitan

225 2197 254 2259 ti,
271 2199 336 2263 cujas
350 2217 393 2259 res,
411 2200 519 2249 dixisset.
543 2202 677 2253 (lestans
694 2204 786 2250 aridae
817 2208 884 2249 tuam
902 2199 1062 2263 proditurum,
1080 2210 1106 2249 et
1123 2216 1224 2250 omnem
1240 2199 1367 2266 peuruiam

225 2268 320 2315 caedent
327 2263 353 2329 t]
368 2266 447 2323 Quem
468 2265 575 2329 quotidie
593 2265 729 2325 comedent,
746 2265 786 2315 vel
833 2279 889 2313 uam
903 2266 947 2314 abs
963 2274 988 2313 te
1004 2264 1081 2313 lilium
1097 2264 1221 2315 dimittes:
1238 2266 1295 2315 ride
1309 2280 1368 2328 qen

225 2340 292 2379 certe
303 2329 449 2393 frequenter.
475 2330 503 2379 E.
811 2280 939 2393 leucaten·
953 2330 986 2378 ad
1000 2330 1186 2394 turpitudinem,
1199 2330 1233 2380 ed
1247 2328 1367 2387 luxuriam.

259 2396 298 2443 54.
324 2398 364 2443 »iic
382 2413 416 2445 sss
436 2398 470 2443 Di
488 2393 610 2457 ambast]
631 2394 680 2443 Pro
695 2406 785 2444 emant.
817 2394 998 2458 nequitiamque
1013 2394 1164 2460 patefeceris,
1176 2396 1225 2445 boe
1240 2406 1285 2454 est,
1300 2408 1368 2458 quen·

229 2460 260 2509 Vt
270 2476 304 2509 ate
316 2467 406 2509 rueram
416 2464 541 2509 miseritam
552 2457 598 2522 est]
611 2460 679 2509 Beue
695 2463 785 2508 mims·
817 2468 868 2509 tam
883 2462 984 2521 januam
1001 2459 1106 2518 dederis,
1124 2470 1280 2524 peecatorem
1296 2458 1367 2525 perire

226 2532 280 2573 teas.
309 2525 374 2573 Nam
385 2525 518 2574 secuudum
531 2524 668 2583 nonnullos,
679 2527 786 2573 miserari
817 2526 935 2587 (ςιιιιιιαιιι
950 2524 1050 2586 jussas·
1071 2528 1163 2573 dederis
1181 2534 1329 2588 meren,
1345 2530 1366 2570 u

225 2598 264 2637 est
274 2588 333 2639 flere
348 2599 374 2637 et
388 2588 529 2639 lamentari:
547 2592 649 2639 mereri
659 2604 725 2647 vero,
737 2589 785 2637 mi·
815 2605 864 2637 ress
877 2593 962 2650 pet-ire,
977 2589 1020 2651 et).
1053 2592 1132 2651 lpsass
1148 2607 1194 2639 sss
1207 2594 1296 2653 poteris
1307 2585 1366 2664 peti]

225 2654 359 2703 serationes
370 2652 457 2703 alienis
467 2653 562 2703 casibus
576 2654 699 2703 exhibere.
722 2655 786 2703 C.-
816 2653 905 2703 Statim
922 2664 950 2703 tu
964 2653 1066 2703 interire
1080 2655 1151 2713 bona,
1163 2664 1190 2704 et
1205 2654 1284 2705 illium
1294 2666 1366 2703 urere

230 2718 574 2784 Utmetsaramsortanaram]
587 2720 617 2768 ln
629 2734 684 2768 meo
695 2720 785 2768 damtm
816 2717 941 2768 luxuriose
962 2728 989 2767 et
1010 2718 1080 2768 malis
1101 2720 1218 2783 operibus
1240 2735 1290 2769 uon
1309 2715 1365 2782 peti·

225 2782 504 2848 magismisericordiam
534 2800 562 2833 ro
578 2795 602 2832 te
619 2799 705 2848 passus
721 2799 783 2842 sum,
816 2783 871 2832 eris.
893 2783 923 2832 E.

225 2848 491 2964 {recens
508 2799 785 2963 {essue
815 2847 1178 2978 ,sessurum
1189 2852 1258 2909 ιι
1268 2844 1364 2913 ιιι

226 2978 306 3029 Sebol.
319 2978 404 3026 Bernb·
416 2978 551 3043 explicatur
562 2992 606 3043 per
616 2986 697 3027 meent.
722 2980 751 3028 B.
848 2980 887 3027 ⁶9.
905 2977 952 3026 Vel
977 2994 1015 3042 eg.
1027 2994 1084 3027 curn
1101 2978 1224 3029 Pelmerio
1239 2988 1266 3028 et
1280 2978 1364 3039 Guym

258 3044 298 3091 55.
314 3045 463 3119 Ριάαιιᾳιιοᾰ
470 3042 785 3119 lubet]·lndulgen·tissimus
821 3045 1003 3092 Utseseieutess
1013 3047 1114 3100 aeetiats
1130 3044 1178 3103 vel,
1194 3046 1228 3094 Ut
1242 3047 1363 3093 meten

225 3108 785 3247 illllldrrlblltqllicgtehdassrlimlbldleteffltlulbrrllg
815 3108 1034 3222 mdllal’elblien
1044 3176 1143 3237 Μιώ
1152 3181 1181 3221 et
1190 3172 1244 3237 des]
1252 3172 1320 3228 Quod
1329 3182 1362 3217 n·

226 3252 309 3287 omma
334 3250 361 3285 se
387 3236 447 3285 dreit
471 3237 522 3286 fllro
549 3236 691 3300 per-mittere
713 3237 784 3296 velle,
816 3232 1360 3303 labfimpraoepmmpsremiomdsripoteal

225 3300 357 3351 dummodo
383 3300 463 3365 ipsum
491 3302 580 3351 babeat
604 3301 632 3351 iu
654 3310 782 3366 potestate.
816 3301 893 3351 Nulla
908 3301 974 3351 euim
991 3318 1019 3351 re
1039 3303 1207 3353 adolescentes
1225 3302 1301 3366 magis
1316 3312 1361 3347 sor·

226 3366 258 3415 E.
814 3378 969 3431 rumpuntur,
980 3360 1361 3433 quamnimiaparenturuiadtl-

257 3431 296 3479 ⁵6.
314 3434 402 3490 Samot,
413 3438 536 3490 mussat,
551 3429 647 3495 perdat]
658 3430 722 3487 Quis
737 3431 784 3481 boc
815 3432 905 3495 gentis.
927 3432 956 3480 C.

225 3495 784 3625 urduruuulrcuuuus
816 3498 887 3611 tt}
901 3494 1236 3620 zwetel&
1251 3487 1359 3622 ml

225 3626 308 3690 cipiet.
335 3626 405 3675 Alias
415 3643 501 3676 sams
513 3635 551 3675 est
564 3626 662 3689 eligere.
691 3626 784 3676 Sallus·
815 3636 925 3675 mentum
941 3626 1020 3691 pleae
1034 3626 1252 3692 pronunciationis,
1267 3634 1300 3681 ut,
1313 3622 1358 3669 ul·

225 3691 275 3741 tius
290 3691 317 3740 in
333 3692 447 3755 Jugunn
459 3707 511 3756 cap.
524 3692 562 3740 85.
591 3694 671 3741 Samot
686 3694 785 3754 αἱὶᾳιιοιι
816 3694 899 3748 tristis,
916 3695 1035 3741 meridet:
1057 3707 1107 3741 noa
1124 3693 1155 3740 ad
1170 3693 1271 3756 plenum
1286 3687 1358 3739 trisne

224 3774 253 3805 es
267 3759 350 3819 popello
368 3760 497 3806 monitorem
516 3759 583 3817 ffm't
602 3760 646 3805 sal.
682 3755 785 3819 Perdat]
816 3755 938 3805 autridet.
964 3756 1356 3821 Esquumqmuquesintsensm

225 3822 297 3877 Quod
316 3823 394 3885 majus
413 3831 458 3880 est,
476 3832 503 3870 et
518 3821 583 3884 quod
599 3822 674 3870 finem
696 3836 784 3871 wasu-
817 3821 941 3879 duosam,
953 3821 1170 3881 ristuetauditus,
1182 3822 1246 3887 quod
1260 3834 1302 3869 uos
1314 3826 1356 3863 ΙΝ·

225 3885 308 3935 mendi
319 3886 399 3945 babet,
409 3886 482 3937 tertio
492 3886 546 3935 loco
556 3885 646 3951 posuit.
666 3886 694 3936 0.
816 3885 855 3951 gis
876 3886 1004 3936 sendbiles
1029 3886 1153 3946 babemus,
1179 3901 1251 3951 quem
1276 3891 1356 3947 pem·

258 3951 297 4002 57.
314 3954 341 4000 Si
352 3954 468 4001 cerlam'tt
482 3950 538 4015 tibi]
552 3951 602 3999 llic
615 3953 667 4013 iem
683 3966 783 4015 peruua-
817 3950 911 4009 Cicero,
927 3953 982 4000 Noa
996 3955 1068 4001 ulan
1082 3954 1179 4011 eidem
1190 3955 1231 4001 sed
1244 3952 1308 3999 etia·
1320 3956 1355 3991 Ν·

225 4014 274 4073 det,
293 4026 321 4064 ut
339 4016 401 4065 illud
419 4017 484 4080 quod
501 4032 575 4081 supra
593 4016 707 4075 diximus,
725 4015 786 4068 velit
817 4018 886 4065 dias·-
914 4016 1167 4081 Dnabrreergurebus
1176 4016 1271 4072 scirem,
1278 4020 1354 4061 eutr*

224 4078 385 4131 adolescentis
400 4082 482 4131 animo
497 4080 573 4131 veluti
589 4081 701 4131 nesciens
716 4080 785 4139 dare,
815 4080 883 4130 dona
894 4090 939 4130 aut
951 4096 1040 4131 unsa:
1057 4081 1146 4146 quibus
1156 4081 1353 4142 maximepw·

225 4144 392 4195 camertibus
411 4146 475 4197 servi
502 4146 627 4201 inductam
653 4145 783 4210 pecuniam
815 4161 870 4195 mua
891 4146 986 4195 caeteris
1007 4146 1160 4197 animalibus.
1204 4147 1268 4208 Ergo
1290 4146 1353 4189 ⁶2⁰³

225 4208 275 4267 dat,
287 4217 312 4256 et
328 4208 359 4257 ed
375 4210 496 4263 luxuriam
512 4210 641 4261 ministrat.
669 4209 784 4273 Denique
815 4210 875 4262 dicit
887 4226 914 4260 se
930 4227 1004 4261 sensu
1019 4212 1125 4263 warine
1140 4210 1247 4263 aemulos
1260 4200 1351 4256 suum

225 4274 306 4340 ipsum
315 4274 521 4327 consiliumsuum
530 4276 594 4339 quod
602 4276 641 4335 eit,
652 4275 781 4341 proponit:
814 4290 908 4340 parare·
931 4276 959 4326 C.
