2834 4759
385 236 447 301 DE
468 234 663 309 MuTms,
685 232 786 297 uic.
1098 238 1158 296 xv·

92 370 132 427 n·
147 370 239 427 iambo
257 368 425 424 trochaicum
442 367 662 422 Archilochioum
679 366 753 421 unde
770 364 827 420 deri
844 364 939 421 dicum
955 372 1079 420 metrum.

196 440 315 492 ereum
332 441 476 490 Archilocus
492 454 566 504 supra
581 450 654 504 capot
670 438 739 487 addit
752 437 835 487 iambi.

457 518 559 585 Quales
575 526 638 573 stmt
655 517 708 572 isti.

198 594 244 643 nu
261 594 319 643 conr
334 593 392 657 quio
408 596 485 657 ρῡηῡ,

197 660 250 707 Sed
269 658 310 707 uhi
325 660 450 707 iustiniani
466 654 629 720 Pimphilum

197 725 285 773 Lotis
300 728 338 773 est
354 726 436 771 neseio
451 721 517 785 quid.

196 788 269 839 Nihil
285 792 330 847 eat,
347 787 456 837 nondum
472 786 524 835 hnc
540 786 639 835 riscirit
654 784 725 834 mile.

389 864 435 919 De
452 864 543 919 iambo
561 862 768 934 Hipponactico,

196 938 309 987 Ultimus
324 937 511 1002 amphibrachys
526 934 633 984 velocem
649 934 742 984 claudit
756 935 871 994 iambum,

195 1007 250 1053 Aut
266 1004 381 1053 bacchius
398 1003 446 1051 erit
461 1002 518 1049 linis
535 998 675 1049 discrimine
691 1000 766 1049 nullo.

196 1068 285 1118 Utitur
303 1069 440 1133 Hipponax
455 1066 502 1115 hoc
518 1076 595 1115 metro
610 1065 732 1115 maximus
747 1075 838 1115 auctor.

403 1144 503 1212 Quales
521 1152 584 1199 suut
600 1142 756 1200 hireneus:

195 1220 238 1269 Ni
254 1219 320 1269 forte
333 1219 479 1283 imprimens
494 1217 581 1265 netem
614 1218 660 1265 uid
677 1216 760 1275 nolim,
776 1221 840 1267 scies
855 1220 953 1269 cdseho.

196 1284 266 1333 Nim
283 1287 305 1333 ai
321 1286 450 1332 remittiot
465 1282 590 1347 quippiim
627 1282 758 1330 hilomsnae
773 1282 875 1333 dolores.

195 1349 349 1413 Legitimum
365 1347 488 1397 interdum
504 1348 549 1395 sub
560 1346 639 1395 scenis
655 1348 726 1411 ponit
740 1347 854 1397 iambum.

194 1414 343 1477 obsequium
359 1413 456 1469 amicos,
474 1412 563 1461 ueritas
579 1410 660 1461 odium
677 1412 749 1477 parit.

195 1479 285 1527 Utitur
301 1477 340 1527 his
357 1478 459 1527 Plautus
473 1477 558 1525 metris
574 1486 599 1525 et
615 1476 681 1525 mille
696 1486 782 1541 poete.

196 1544 237 1593 De
254 1544 360 1609 pedihus
374 1542 462 1605 quibus
478 1542 529 1590 haec
544 1541 680 1591 consistunt
695 1552 774 1590 metm
789 1542 897 1593 notabis:

195 1608 319 1673 Dactylu·
335 1617 378 1657 aut
393 1606 516 1672 spondeus
531 1606 602 1665 inest,
619 1604 660 1655 rel
674 1622 758 1657 cursor
774 1606 875 1667 iambus,

196 1676 252 1723 Aut
268 1684 407 1737 anapmtos
423 1672 478 1730 erit,
494 1671 568 1737 positi
583 1668 724 1721 discrimine
739 1671 807 1720 nulio

196 1739 316 1787 Parnhue
331 1738 358 1786 in
374 1734 472 1801 quinis:
495 1752 552 1785 nam
568 1744 623 1800 post
639 1734 703 1785 celer
719 1746 788 1785 excat
803 1736 904 1789 iambus

196 1802 373 1868 Pyrrichiusec
389 1802 453 1851 citus
469 1800 544 1849 linem
560 1800 703 1851 concludere
719 1800 804 1866 possit.

449 1876 489 1935 Ut
507 1889 570 1935 sunt
586 1880 616 1934 hi
633 1881 716 1936 talea:

196 1953 434 2013 «maceraverat,
451 1952 566 2001 redeami
595 1968 644 2001 non
661 1953 683 2001 si
699 1968 739 2001 me
755 1954 880 2003 obsecret:

196 2022 274 2075 Quod
289 2018 412 2084 plerisque
429 2032 514 2067 omnes
530 2018 622 2067 iaciunt
638 2017 820 2067 adolescentuli.

238 2107 286 2162 De
302 2106 414 2163 nomine
430 2104 525 2160 talium
542 2122 669 2160 ¹versuum
687 2106 744 2160 aive
760 2114 918 2163 metrorum.

197 2180 301 2229 Graecus
317 2178 521 2244 apamphaenonta
536 2176 598 2227 solet
614 2192 749 2226 memorare
813 2189 845 2227 te.

200 2243 371 2293 immanifesta
387 2251 476 2292 vocent
492 2234 667 2291 haec'carmins
682 2256 742 2291 voce
759 2194 848 2292 hiltini.

200 2310 279 2358 Hunc
296 2308 434 2358 trimetrum
450 2316 544 2355 veteres
561 2306 629 2355 Graii
645 2306 789 2371 cognomine
805 2308 897 2367 dicunt,

197 2374 274 2430 Quod
290 2374 394 2438 pedibus
405 2372 498 2435 junctis
513 2372 578 2420 hunc
594 2372 710 2421 mandere
726 2388 791 2437 sepe
806 2374 922 2424 solebant.

198 2439 306 2489 Ponitur
321 2449 364 2487 aut
379 2452 474 2493 scmcu,
490 2437 625 2501 spondeum
642 2436 699 2485 finis
715 2437 820 2488 habehit.

453 2522 553 2591 Quales
570 2532 634 2579 sunt
651 2525 715 2579 isti:

199 2598 256 2647 Nec
274 2597 341 2647 fonte
357 2596 425 2645 labra
439 2596 520 2660 prolui
536 2596 661 2645 caballino.

200 2664 255 2711 Nec
273 2662 300 2711 in
316 2662 412 2727 bicipiti
427 2662 560 2711 uranius
576 2662 704 2711 roomo

433 2749 477 2805 De
494 2750 588 2804 metris
604 2750 732 2804 comicia:

199 2822 369 2873 Temenos
385 2821 555 2887 trimetrcsque
571 2822 637 2886 capit
652 2820 770 2870 ccmoedia
784 2836 877 2872 versus.

199 2886 384 2937 'tetrametrum
400 2887 494 2963 primus
510 2886 587 2936 fertur
602 2885 712 2951 posuisse
730 2886 840 2945 Boiscus,

200 2952 319 3003 Creticon
335 2952 497 3001 Archilochus
514 2952 623 3001 trimetro
639 2952 807 3015 superaddidit
822 2953 915 3017 ingens,

200 3018 413 3081 Amphibrschutn
430 3017 540 3066 trimetro
558 3017 693 3081 Hipponax
708 3017 825 3080 supponit
840 3018 927 3067 iambo.

202 3083 317 3132 Fulserst
332 3083 378 3131 hac
396 3082 504 3141 Plautus,
520 3082 669 3146 pulcherque
685 3080 817 3131 Terentius
832 3092 891 3131 arte.

254 3168 431 3225 Terentianus
449 3168 483 3224 de
499 3168 596 3224 iambis
613 3166 765 3225 fabularum
782 3170 821 3225 sic
838 3169 912 3227 dicit.

202 3242 324 3307 Culpatur
338 3252 421 3291 eutem
438 3256 523 3291 versus
538 3242 565 3291 in
582 3241 714 3305 tragoediis,

203 3308 237 3357 lit
254 3322 324 3357 rarus
339 3306 416 3356 intrat
432 3321 463 3355 ex
476 3306 564 3355 iambis
580 3305 700 3365 omnibus,

204 3370 240 3421 Ut
254 3372 298 3421 ille
314 3382 399 3421 contra
414 3372 456 3435 qui
472 3372 579 3421 secundo
596 3380 621 3419 et
637 3371 727 3421 talibus

203 3438 343 3502 Spondeon,
360 3445 404 3485 sut
418 3452 490 3499 quern
506 3451 643 3501 comparem
659 3436 795 3501 receperit:

205 3502 254 3551 Sed
270 3502 313 3565 qui
326 3502 454 3614 pedestres
470 3498 563 3551 fabulas
579 3516 649 3549 socco
665 3511 789 3566 premunt,

204 3564 240 3614 Ut
255 3582 310 3629 quae
335 3578 458 3629 oquuntur
473 3574 571 3630 sumpts
586 3565 617 3614 de
633 3565 684 3614 vita
699 3576 780 3630 putes,

206 3632 303 3681 Vitiant
317 3631 426 3680 iambum
442 3631 558 3679 uectibus
573 3630 720 3707 spondaicis,

205 3694 240 3746 lit
254 3696 281 3745 in
298 3696 413 3755 secundo,
430 3706 455 3745 et
470 3696 496 3745 in
513 3705 607 3745 ceteris
623 3710 692 3759 reque
707 3695 775 3745 locis.

205 3758 339 3825 iidemque
355 3758 420 3809 lictis
435 3761 493 3810 dum
509 3770 641 3825 procurant
657 3760 753 3819 fabulis,

206 3826 238 3875 in
253 3836 332 3875 metra
346 3834 450 3891 peccant
464 3836 524 3885 arte,
541 3842 591 3875 non
607 3825 712 3885 inscitia,

205 3889 246 3940 Ne
261 3888 312 3941 tint
327 3905 415 3941 sonora
432 3892 504 3940 verbs
519 3890 710 3949 consuetudinis,

205 3955 357 4019 Paulumque
373 3970 457 4005 rursus
473 3971 487 4004 a
503 3954 589 4005 solutis
604 3954 725 4004 differant.

208 4020 281 4085 Mage
297 4022 345 4069 ista
361 4018 451 4069 nostri:
473 4036 530 4069 nam
547 4020 598 4069 iere
615 4020 708 4069 Graecis
724 4028 798 4069 tenax

206 4086 271 4135 Cura
288 4096 326 4135 est
340 4082 423 4143 iambi,
439 4086 478 4135 vel
495 4084 598 4135 novellis
613 4084 721 4143 comicie,

208 4148 253 4199 Vel
270 4152 312 4213 qui
328 4150 355 4199 in
371 4159 466 4199 tenuta
480 4150 615 4215 pracluent
629 4150 755 4199 comoedia.

2 4244 3 4269 2
209 4215 382 4281 Aristophanis
397 4214 483 4279 ingens
498 4215 587 4264 emicat
602 4214 717 4274 sollertia,

209 4280 443 4395 ‘limittit
456 4280 645 4395 titini*
655 4295 755 4394 itit

2 4426 3 4455 l
91 4412 173 4471 llum
185 4422 209 4473 in
226 4424 402 4476 commentario
419 4425 516 4475 Poenuli
533 4426 652 4475 Plautinae
667 4426 755 4475 iabuloe
770 4425 821 4476 sic:
843 4428 978 4480 Helonium
995 4428 1065 4479 roni
1081 4431 1167 4485 dicunt

63 4470 114 4528 hun
121 4492 142 4533 et
149 4488 319 4550 pcdmendam
330 4490 448 4555 syllabam
459 4490 531 4541 metri
542 4490 621 4556 grstia
631 4490 709 4554 exigit
720 4490 822 4542 iambus.
