2834 4759
221 242 282 305 100
659 236 936 305 TERENTII
1195 235 1318 320 [scrus
1337 256 1386 300 ιε.

260 376 348 449 Quae
364 397 436 441 sese
449 375 623 442 inhoneste
635 375 761 460 optavit
775 394 891 459 perere
906 372 959 438 hic
975 372 1104 437 divitias

260 472 389 551 Potius,
404 496 501 558 quam
515 474 548 537 in
561 474 668 558 patria
682 472 820 537 honeste
836 492 962 557 pauper
976 472 1093 535 vivere.

261 570 347 655 Ejus
362 582 466 636 morte
482 592 521 636 en
535 571 578 635 nd
591 592 644 635 me
660 568 733 655 lege
748 568 917 633 redierunt
930 569 1028 633 bons.

227 680 243 727 a
260 668 329 733 Sed
343 690 426 753 quos
441 679 625 753 perconter,
641 668 755 732 video:
780 666 911 731 salvete.
962 664 1038 729 Mr.
1052 664 1202 731 Obsecro

258 764 368 843 Quem
383 766 501 831 video?
523 776 616 830 estne
630 765 684 830 hic
697 765 801 841 Crito,
818 765 968 829 sobrinus
984 762 1178 847 Chrysidis?

257 862 291 930 ls
307 873 370 927 est.
408 862 472 928 Cn.
489 862 522 929 Ο
538 862 656 947 Mysis,
673 861 772 935 salve.
812 862 885 927 Mu.
902 845 1016 926 Salvos
1033 863 1088 939 sis,
1105 861 1209 926 Crito.

211 1062 364 1175 personmad
376 1061 778 1127 mtastropbonmaebinata,nnno
812 1072 870 1109 nota
888 1060 953 1123 quod
973 1060 1019 1111 tria
1037 1059 1101 1109 dixit
1119 1060 1196 1118 Crito.
1216 1058 1384 1111 contemsisse

222 1126 328 1189 oquitur.
353 1128 417 1179 Nero
428 1126 469 1175 hic
481 1126 550 1177 Crito
562 1127 623 1175 nibil
634 1136 779 1189 argumento
811 1126 956 1189 Chrysidem
972 1125 1084 1189 petriam,
1100 1125 1260 1183 honestum,
1272 1134 1299 1173 et
1316 1140 1384 1188 pau-

212 1191 293 1249 debet,
303 1190 352 1240 nisi
360 1190 538 1241 absolutionem
550 1191 640 1240 erroris
650 1194 711 1253 ejus.
738 1190 778 1238 si·
810 1198 938 1253 pertatem.
963 1188 996 1237 'rb
1012 1187 1103 1251 πρέπον
1118 1188 1191 1237 etiem
1202 1198 1329 1237 serratum
1342 1200 1386 1237 est

212 1256 264 1304 mul
282 1270 315 1304 ex
333 1256 413 1304 verbis
430 1256 489 1314 suis,
506 1271 579 1318 quem
598 1255 688 1319 gravis,
705 1270 779 1318 quem
810 1254 880 1317 grsvi
903 1253 963 1313 viro,
983 1267 1058 1318 quum
1078 1252 1148 1303 illum
1167 1252 1273 1303 sobrinse
1289 1254 1383 1318 pudet.

211 1320 344 1378 modestus,
364 1334 485 1383 quamque
502 1322 584 1383 J'ustus
602 1320 643 1378 sit,
662 1319 777 1368 ostendit.
811 1317 890 1367 Simul
907 1318 948 1367 bio
964 1316 1102 1367 ostenditur
1117 1320 1170 1380 ejus
1185 1315 1284 1381 generis
1300 1317 1384 1367 hrisse

212 1386 242 1439 Ιε
252 1388 296 1433 lsoo
310 1385 440 1447 bolitano]
458 1385 516 1433 Non
527 1387 649 1434 habitere:
665 1383 709 1432 sed
721 1383 778 1446 quis
810 1382 962 1447 Chrysidem,
974 1392 1003 1431 ut
1013 1396 1068 1445 quse
1078 1384 1153 1447 probe
1164 1380 1248 1431 rivere
1258 1382 1384 1445 potuerit,

212 1458 309 1497 mortua
319 1459 364 1507 est,
377 1448 570 1497 lmbs'tossedieit.
588 1446 778 1511 Plotso1Graeoi
809 1447 865 1505 nisi,
878 1456 906 1497 ut
921 1446 963 1506 nir,
975 1446 1109 1496 necessitas
1123 1456 1229 1510 cogeret.
1260 1449 1337 1498 Cm
1355 1450 1385 1493 ιι

211 1514 330 1567 πλατεῖαν
340 1513 463 1570 dixerunt,
475 1528 548 1575 quam
561 1528 606 1561 nos
619 1516 722 1574 ploteoas
738 1512 776 1560 di·
806 1516 888 1573 patrio
899 1510 1001 1575 borsesto]
1013 1509 1150 1560 'Antenor
1177 1511 1273 1559 timum.
1291 1513 1323 1559 Ie
1332 1528 1384 1572 pn-

211 1576 297 1625 nimus.
316 1578 455 1626 Secundum
467 1578 570 1626 formem
584 1576 711 1640 ejusmodi,
724 1583 777 1635 Μη-
810 1581 858 1625 trs'o
872 1579 962 1625 bonerto
974 1591 1063 1638 pauper
1081 1528 1176 1638 elsterelj
1193 1575 1242 1623 His
1258 1575 1345 1623 verbis
1366 1592 1385 1623 a

212 1642 451 1700 beroeensem,
469 1642 595 1690 modeim
614 1651 640 1689 et
656 1644 779 1703 spondeum
809 1650 883 1753 poeta
899 1642 951 1704 jam
970 1640 1089 1689 honestus
1108 1638 1232 1689 inducitur
1254 1638 1333 1696 Crito,
1354 1652 1384 1689 ει

211 1704 348 1756 scribimus.
383 1705 479 1780 D''.“¹”
498 1709 542 1753 too
563 1704 691 1781 habitasse]
716 1704 777 1781 Hero
828 1704 834 1715 '
870 1704 1158 1781 psnrricrediuoporteat.
1182 1706 1275 1766 Perper
1284 1702 1381 1767 sisere]

211 1770 779 1908 ΨΨΨΨΨ
809 1768 1117 1907 tlt-:tutte
1132 1773 1382 1907 ΨιιΨ

211 1912 285 1945 mem.
312 1897 377 1945 Nam
389 1898 459 1946 Crito
469 1899 583 1947 sobnnua
593 1909 632 1951 est
642 1898 777 1962 Chrysidis,
807 1914 851 1959 per
861 1901 935 1947 otorre
966 1898 1005 1946 lte
1021 1897 1131 1960 plerique
1145 1897 1206 1947 Mss.
1218 1906 1244 1945 et
1255 1897 1380 1946 Prusian.

211 1976 260 2023 qua
271 1970 374 2017 mortua,
386 1962 418 2010 ad
430 1976 486 2010 eum
497 1962 553 2025 lege
564 1962 689 2012 hereditas
699 1964 777 2027 perti-
809 1962 852 2012 lib.
864 1978 888 2010 r.
907 1977 932 2025 p.
948 1964 987 2010 41.
1013 1970 1096 2009 tamen
1115 1961 1142 2009 in
1164 1962 1212 2009 bis.
1230 1962 1262 2009 R.
1279 1965 1380 2019 sineret,

212 2026 293 2074 uebst
314 2025 440 2075 Deliberat
453 2041 519 2090 ergo,
531 2042 562 2075 sn
575 2027 606 2075 ad
617 2028 721 2076 eandem
732 2028 776 2080 he·
810 2036 872 2075 erat.
897 2025 1028 2075 L.-0rdo
1039 2029 1130 2075 bosseto
1140 2029 1166 2073 s'ss
1174 2029 1255 2087 patrio
1265 2026 1382 2075 etellloit

212 2089 343 2139 reditatem
367 2091 466 2155 aspiret.
489 2091 597 2141 maxime
624 2107 681 2141 oum
707 2092 777 2151 sciat,
809 2090 935 2141 suaviores
947 2105 1069 2147 numeros,
1081 2100 1106 2139 ει
1120 2091 1293 2154 comprobetur
1312 2091 1380 2141 meis

212 2154 362 2218 Glycerium.
382 2156 473 2211 sororis
494 2155 557 2213 loeo.
575 2154 683 2207 bahitsm
706 2172 776 2213 esses
810 2162 836 2203 ει
854 2154 944 2207 Faerni
960 2154 1037 2213 libris,
1048 2153 1091 2203 sed
1105 2154 1291 2203 recentioribus
1321 2156 1379 2204 De-

211 2234 314 2282 eamque
331 2234 386 2271 εεεε
401 2222 454 2281 jam
470 2220 683 2273 adolosnentulem.
714 2221 777 2269 Hero
809 2218 867 2269 inde
885 2220 941 2283 lego
958 2234 1015 2268 cum
1033 2218 1103 2267 codd
1122 2219 1217 2268 duobus
1232 2218 1381 2269 Bodleiania

210 2283 287 2347 igitur
304 2284 464 2337 deliberetira
482 2285 509 2333 in
529 2300 568 2342 eo,
587 2285 653 2347 quod
669 2284 777 2335 audierit
806 2284 940 2341 ειεεηιει
953 2284 1017 2333 inira
1028 2282 1164 2332 Aderit
1177 2285 1215 2332 ²8.
1250 2284 1377 2333 B--Me-

211 2349 490 2412 mormsmctsysioem,
498 2349 606 2413 puellam
612 2361 703 2400 verost
709 2364 776 2399 nune
807 2350 914 2397 ponder:
928 2346 1015 2399 nsvin
1024 2346 1147 2397 r'tlttvros
1157 2348 1261 2408 μᾶλλον,
1270 2348 1377 2407 detod-

210 2414 317 2463 neudum
342 2423 458 2477 parentas
477 2429 534 2463 suos
556 2414 597 2462 hio
623 2414 775 2477 trognorisse¹
806 2410 950 2475 εονεικρόε.
979 2412 1018 2459 W.

211 2492 285 2539 onam
295 2486 392 2530 oonstat
402 2494 456 2528 esse
467 2478 576 2527 Atticam
592 2478 679 2527 nivem.
707 2479 774 2527 Con·
839 2478 863 2526 4.
881 2480 919 2527 llo
934 2481 967 2526 od
981 2494 1016 2525 m
1032 2479 1082 2539 lege
1097 2479 1216 2527 redierant
1232 2474 1302 2540 ιεεε]
1323 2476 1380 2527 Hie

211 2540 282 2594 tluuo
299 2550 388 2591 πεειει
404 2541 521 2591 articulos
539 2541 637 2594 honesti
656 2552 682 2591 ει
697 2543 774 2603 utilis,
804 2542 846 2603 jus
862 2541 977 2591 ιεεειεεὶι
991 2540 1095 2591 dicendo
1116 2544 1250 2591 nds'essst:
1272 2542 1332 2604 quis
1348 2542 1380 2591 in

211 2603 330 2658 dioendor
346 2608 421 2659 Haud
436 2611 555 2668 morcaro
570 2610 615 2655 teo
631 2623 667 2656 εεε
687 2611 777 2669 appell.
808 2606 926 2655 familiam
945 2606 1057 2664 redeunt,
1076 2607 1098 2655 si
1120 2621 1170 2655 non
1192 2615 1230 2655 est
1252 2606 1325 2656 bores
1342 2606 1381 2656 de

213 2669 270 2717 llos
281 2680 385 2727 estnon
396 2681 463 2719 reota
475 2670 717 2733 nequebonoomine
729 2673 777 2721 buo
808 2670 928 2735 proximo,
940 2679 1025 2718 auter
1038 2679 1190 2719 testamento.
1220 2672 1251 2719 D.

210 2733 275 2782 veni.
293 2733 419 2797 Siquidem
430 2750 485 2798 quse
495 2750 564 2784 soror
575 2735 641 2785 diets
648 2746 686 2785 εει
697 2737 776 2800 Chry·
842 2736 866 2783 5.
883 2734 1020 2797 Pereooter]
1042 2734 1206 2799 Interrnmtio
1218 2744 1262 2793 εει,
1273 2734 1316 2783 cui
1329 2750 1379 2784 ne-

210 2797 278 2854 sidis.
287 2809 314 2847 et
322 2814 388 2847 nuno
398 2810 514 2863 parentes
524 2815 582 2849 suos
592 2816 643 2849 non
654 2802 775 2865 repperit:
808 2799 917 2850 comario
930 2799 1099 2863 respondetur,
1116 2809 1158 2849 sut
1173 2804 1250 2858 ειιεεε,
1267 2809 1311 2848 sut
1321 2816 1378 2849 εει.

211 2862 277 2911 unde
299 2878 350 2911 non
374 2879 474 2939 possum
497 2873 582 2928 petere
606 2865 776 2919 hereditatem.
809 2863 973 2923 Pereontstio,
986 2864 1025 2913 oui
1043 2864 1103 2913 nihil
1117 2865 1211 2914 horum.
1241 2864 1380 2927 Utriquis

211 2926 277 2975 Nam
288 2928 320 2977 ab
330 2927 386 2977 utih
396 2928 457 2977 satis
467 2943 513 2992 pro
521 2929 576 2993 ipso
584 2939 630 2986 εει,
640 2944 697 2978 cum
707 2930 776 2989 dicit,
809 2928 881 2979 diost
899 2928 950 2979 Ubi
957 2928 1082 2978 habitabat
1093 2929 1202 2993 Chrysis,
1209 2928 1312 2986 dimtsrr,
1325 2928 1380 2977 Ec·

211 2993 282 3041 Νεεε
292 2995 444 3068 melrosptters
455 2996 589 3055 litssmost.
614 2994 673 3043 Huo
682 2995 778 3045 secedit
808 3008 837 3043 oe
848 2992 895 3041 hio.
913 2994 1066 3050 Permutatio,
1083 3002 1112 3043 ut
1127 2994 1149 3042 si
1164 2993 1218 3056 quis
1234 2992 1307 3050 diost,
1323 2995 1381 3043 Cur

210 3056 276 3117 quod
283 3059 336 3117 jam
346 3056 383 3105 illr
395 3068 433 3106 εει
443 3057 556 3107 defensor
564 3057 652 3121 aliquis
663 3058 703 3107 rel
714 3059 775 3111 erni·
808 3056 955 3109 adulterium
970 3058 1114 3106 commisisti
1135 3058 1214 3122 (leges
1237 3061 1269 3107 Ut
1285 3061 1307 3106 ss'
1323 3062 1381 3120 orsis

212 3134 263 3176 cus,
272 3120 311 3167 val
322 3121 433 3180 momnis,
440 3132 607 3185 oontrsquem
617 3124 776 3187 peregrinum
809 3124 880 3179 diost,
901 3125 947 3172 Ubi
960 3126 1052 3171 habitet
1068 3126 1183 3186 Chrysis?
1199 3126 1300 3179 δίεσιν,
1313 3124 1380 3173 Eoos

211 3184 336 3233 bominem
356 3185 452 3248 litigare
471 3186 569 3235 videtur
592 3202 646 3235 esse
669 3188 775 3241 difficile.
808 3189 853 3243 hio.
867 3191 1012 3247 percontatio
1022 3196 1064 3235 εει.
1083 3190 1164 3237 Astst
1179 3191 1230 3250 quir
1241 3190 1312 3244 drot,
1326 3190 1381 3236 Gess-

211 3247 504 3299 Conolusitabbonestor
521 3254 724 3314 lpsoaapraeterea
735 3256 775 3302 ds-
809 3254 948 3299 maumam
964 3255 1114 3299 moneor
1131 3253 1184 3301 sub.
1196 3250 1310 3300 similiter
1318 3270 1380 3315 pso·

211 3314 528 3376 mememoratur).
558 3315 680 3363 boniviri
690 3332 776 3380 perso-
809 3318 910 3365 oostots'o
927 3316 1003 3371 srs'tl?
1027 3316 1106 3364 Simul
1122 3316 1197 3364 etism
1216 3315 1326 3365 modeste
1350 3328 1380 3365 et

211 3392 270 3425 nam
285 3376 373 3425 merito
389 3378 495 3427 sustinet
508 3388 535 3425 et
550 3378 646 3428 honesti
662 3380 777 3431 bominis.
809 3392 912 3437 mature,
924 3392 951 3429 ει
961 3380 992 3429 de
1003 3396 1029 3429 se
1041 3380 1103 3429 nibil
1113 3380 1379 3444 interrogatumeoe·

213 3440 387 3503 &dornoniam
396 3441 532 3492 meretricis
542 3443 623 3492 affinis
634 3453 679 3503 eat,
688 3460 720 3493 ne
731 3446 777 3497 sli-
809 3444 848 3508 pit
858 3460 873 3493 s
884 3444 1063 3495 blandimentis.
1094 3446 1206 3494 D.--Ssd
1215 3462 1269 3508 quor
1277 3462 1381 3506 ρεεεεει-

212 3505 272 3569 qnid
287 3505 398 3555 criminis
409 3506 436 3555 in
450 3522 478 3555 se
494 3506 622 3566 redundet,
633 3507 660 3557 in
671 3511 778 3573 eoquod
810 3508 879 3572 tort]
896 3512 1042 3559 Pereostots‘o
1058 3524 1164 3573 nemque
1180 3520 1219 3558 εει
1233 3510 1299 3574 apud
1312 3510 1379 3561 Dia-

211 3570 259 3619 sibi
274 3571 362 3632 juncte
380 3579 420 3620 εει
435 3570 563 3635 sanguine,
581 3583 679 3622 aecumt
700 3574 775 3633 illum.
809 3572 909 3623 leetioos
919 3573 1052 3636 inquisitio,
1064 3574 1104 3622 oui
1119 3574 1281 3638 respondeum
1293 3574 1379 3633 aliter,

211 3635 276 3698 quod
287 3639 402 3685 inhoneste
412 3640 499 3698 optoott
512 3654 599 3699 parere
615 3638 724 3701 (parere)
740 3643 777 3688 lts'o
809 3652 882 3700 quam
894 3648 932 3687 est
942 3638 985 3687 ills
995 3638 1135 3703 responsio:
1154 3638 1196 3688 ubi
1206 3647 1292 3687 sutsst
1300 3640 1380 3715 poni-

211 3703 313 3749 ds‘os'tios.
337 3701 367 3749 Ε,
809 3716 872 3761 mus,
883 3711 987 3752 autnon.
1014 3704 1076 3752 llaen
1087 3703 1153 3752 enim
1165 3704 1325 3767 interrogatio
1335 3704 1379 3753 di-

244 3767 267 3813 2
286 3768 502 3817 Οεεεείειεεεειε
516 3765 616 3830 optoott]
636 3770 729 3830 Optare,
740 3780 778 3819 εει
809 3765 886 3816 citur:
905 3766 996 3817 Vidisti
1013 3768 1154 3817 homineml
1178 3768 1316 3817 necessario
1332 3784 1378 3817 re·

210 3844 288 3879 unum
310 3829 341 3879 de
363 3830 459 3880 dnobus
477 3830 576 3894 eligere.
601 3831 670 3896 vng.
687 3832 745 3881 AEn.
758 3833 775 3884 i.
808 3831 964 3895 spondemus,
982 3842 1025 3881 eut
1040 3832 1099 3889 vidi,
1116 3842 1231 3881 autnon.
1260 3834 1296 3882 Αι
1315 3848 1379 3883 vern

211 3897 267 3942 425.
280 3896 341 3945 Pers
359 3905 439 3957 optare
454 3898 527 3947 ἶεεεεε
542 3904 608 3945 terto
632 3899 722 3946 Parare
738 3901 776 3948 bie
840 3896 960 3945 roontatio
982 3905 1033 3946 ests
1062 3896 1112 3946 Ubi
1139 3896 1233 3946 habitat
1254 3897 1377 3961 Chrysis?

210 3963 306 4009 divitior
321 3959 413 4023 potius]
430 3958 522 4008 Animo
537 3960 635 4009 heredis
650 3960 716 4010 dixit
728 3980 773 4024 po-
824 3959 864 4008 uio
955 3960 1025 4010 nderi
1043 3976 1093 4010 non
1110 3970 1193 4025 potest
1206 3970 1251 4011 aut
1272 3972 1316 4021 εει,
1330 3974 1379 4012 aut

211 4038 265 4073 roro
286 4028 388 4075 divitiae
417 4024 519 4073 lt-Ut
537 4041 629 4088 poaprr
648 4027 775 4088 sequentis
806 4038 870 4082 honr
941 4025 989 4083 hio,
1000 4025 1058 4074 illio.
1087 4026 1117 4075 E.

212 4102 298 4137 versus
316 4090 394 4152 possit
412 4104 496 4138 cansm
516 4089 693 4138 nominativum
713 4090 777 4140 obti-
843 4089 866 4137 6.
884 4092 1004 4139 Εειεειιε
1016 4092 1202 4148 Grttosobrs'esss
1220 4092 1377 4157 chrystds'sr]

213 4166 280 4209 nere,
291 4167 380 4216 aequor
395 4153 527 4203 lectionem
543 4154 596 4203 ond.
608 4153 651 4202 nbi
668 4170 714 4218 pro
729 4172 777 4205 sera
810 4156 902 4203 &delet
912 4163 971 4204 sunt
980 4156 1181 4205 consobrinorum
1192 4155 1251 4212 flliir
1268 4170 1325 4205 nam
1339 4157 1379 4206 sie

208 4232 295 4276 parare
314 4218 437 4281 reperitur
457 4221 504 4268 ribi
519 4234 610 4280 parare.
637 4218 778 4269 Praesertim
809 4217 870 4268 dicit
882 4219 1032 4268 Menander:
1049 4234 1135 4269 verum
1147 4230 1175 4269 ut
1185 4219 1227 4269 alii
1238 4230 1333 4285 putant,
1342 4223 1377 4271 ds

213 4295 367 4329 cumomnes
379 4282 685 4345 Fremibabeantporero.
715 4284 743 4331 Β.
810 4284 933 4332 sororibus
944 4284 1004 4342 nati,
1016 4294 1044 4333 ut
1055 4284 1106 4333 sint
1117 4288 1210 4343 sobrini,
1222 4284 1292 4349 qussi
1303 4300 1375 4335 soro-

246 4346 269 4391 8.
288 4347 362 4396 Quoss
373 4346 500 4410 ιερειειε]
520 4347 630 4397 Primum
640 4347 708 4396 dolet
719 4348 773 4397 Cri·
808 4348 864 4397 riui.
893 4348 926 4396 D.

214 4421 246 4465 to,
263 4409 328 4470 quod
344 4410 463 4459 meretrix
478 4412 525 4461 tuit
536 4412 650 4476 Chrysias
667 4414 775 4462 soeundo
841 4413 863 4463 7.
881 4416 963 4462 Solous
977 4416 1018 4470 ss's,
1032 4412 1108 4476 Crito]
1127 4417 1215 4473 Solem,
1224 4416 1374 4463 asseveratio

212 4488 363 4537 progressus,
376 4474 486 4536 queritur
494 4476 558 4539 quod
570 4488 666 4526 mortus
677 4486 721 4526 est.
742 4478 775 4526 Et
808 4478 937 4527 aluteutis
949 4488 992 4535 eat,
1006 4494 1054 4527 non
1067 4478 1136 4541 quasi
1147 4478 1282 4543 responsio.
1307 4480 1339 4527 D.
