2834 4759
228 173 304 232 lxxii
486 171 547 231 DE
576 171 752 231 METRIS
779 168 1124 232 TEREN'TIANIS.

229 301 344 361 mollior
368 301 417 360 liet
441 303 540 360 erasis.
583 302 629 361 lta
651 314 750 361 noster
774 311 838 373 two,
857 322 923 371 stoa,
946 298 1170 382 grandyusculo,
1185 298 1368 378 'stellyoninm

229 382 316 462 plane
330 394 361 440 et
374 381 515 461 Virgilius
527 382 636 462 stellyo,
651 383 758 460 ubyete,
772 394 826 442 etc.
869 383 981 442 Eadem
1002 382 1124 450 ratione,
1139 399 1205 438 cnm
1212 382 1278 456 jam
1291 379 1369 438 effer·

230 474 305 532 rent,
328 475 360 522 nt
380 484 433 521 nos
457 462 544 522 hodie
564 485 647 542 pum,-
680 464 709 520 in
733 464 806 522 duas
827 463 953 542 syllabas
974 485 1029 542 pro
1049 462 1145 520 lubitu
1168 460 1369 528 dissolvebant,

230 564 303 602 nunc
316 552 382 602 tam.
426 541 571 602 Caeterum
595 545 621 602 in
643 544 697 602 hac
718 544 845 603 editione
867 547 915 603 ubi
937 552 993 602 iam
1015 541 1178 620 disyllabon
1191 555 1245 608 est,
1260 555 1370 600 notatur

230 625 379 694 diaeresis3
402 640 432 682 et
446 627 531 693 cuius,
554 625 642 694 buius,
663 627 731 693 eius,
754 627 804 683 ubi
825 625 1023 703 monosyllaba
1044 637 1121 692 sunt,
1142 642 1230 700 super
1244 622 1254 679 i
1268 623 1371 680 habent

229 720 398 775 accentum
422 706 472 765 nbi
487 705 638 783 disyllaba,
655 726 744 784 super
758 726 777 763 u
791 720 820 764 et
834 727 858 775 e,
873 707 960 784 cuijus,
973 706 1064 783 lsijus,
1077 704 1146 780 tjas.

270 785 332 855 Eii,
345 786 406 854 reli,
422 785 500 864 rpeii,
513 807 611 864 priore
624 806 676 864 per
687 787 800 845 ectasin
812 787 964 865 producta,
979 806 1036 845 non
1050 785 1180 862 indigent
1195 783 1296 854 veuia3
1311 804 1372 842 cum

229 866 385 925 Lucretius
406 866 512 942 aliique
533 866 602 925 olim
623 867 698 945 epici
719 866 797 925 idem
818 868 948 926 fecerint.
991 867 1026 925 ln
1046 879 1148 924 nostra
1161 863 1297 934 editione,
1312 885 1373 923 curn

230 947 440 1026 producuntur,
456 946 572 1026 duplice
584 947 594 1004 i
608 949 783 1007 scribuntur.

273 1027 376 1105 Neque
397 1027 468 1086 illud
490 1029 565 1087 inter
584 1028 716 1087 licentias
737 1049 881 1100 numeres,
897 1049 963 1088 cum
979 1027 1083 1088 comici
1097 1047 1111 1085 s
1125 1025 1210 1085 finale
1224 1026 1255 1084 in
1268 1025 1374 1103 syllaba

230 1109 323 1177 brevi,
343 1123 481 1185 sequente
503 1123 598 1169 tamen
623 1124 807 1178 consonante,
830 1129 1037 1187 nonnunquam
1059 1107 1209 1186 abjiciunt,
1231 1121 1266 1165 ut
1286 1106 1373 1174 tristi’,

221 1186 391 1267 sumelicu’:
415 1189 557 1267 siquidem
573 1189 649 1248 idem
664 1191 733 1248 facit
747 1191 854 1268 passim
869 1190 1033 1249 Lucretius.
1072 1186 1219 1247 Caeterum
1233 1187 1312 1264 quod
1326 1207 1374 1245 nos

231 1270 348 1347 quidam
364 1269 478 1340 docent,
493 1283 523 1329 et
536 1271 565 1328 in
580 1269 692 1349 syllaba
704 1270 793 1348 longa
806 1271 862 1330 hoc
880 1271 975 1330 solere
989 1270 1062 1338 fieri,
1076 1283 1107 1328 ct
1119 1283 1261 1346 sequente
1275 1267 1374 1337 vocali,

231 1363 262 1410 et
276 1363 367 1410 totam
380 1352 467 1410 etiam
482 1351 623 1429 syllabam
637 1371 704 1410 cum
719 1371 733 1408 s
749 1369 826 1430 saepe
839 1352 974 1421 resecari,
989 1351 1128 1410 falluntur
1141 1363 1173 1407 et
1185 1349 1300 1409 fallunt.
1340 1348 1372 1406 ln

231 1431 411 1502 consimili’st,
423 1449 445 1490 ‘a
462 1433 559 1512 priore
577 1432 658 1502 nihil,
673 1432 724 1491 sed
739 1435 776 1491 ab
790 1442 832 1491 eat
844 1431 953 1492 vocalis
968 1445 1130 1501 resecatur:
1147 1443 1180 1489 ut
1193 1431 1224 1488 in
1234 1431 1373 1509 pulam’st,

230 1512 413 1572 necessum'st.
457 1511 636 1572 Multimodis
659 1513 737 1591 apud
764 1526 897 1572 nostrum
924 1533 982 1571 non
1009 1513 1125 1571 divisim
1147 1511 1269 1570 effertur
1291 1510 1375 1568 matti'

230 1592 318 1651 modis
326 1616 335 1661 ;
358 1593 411 1652 sed
421 1613 481 1652 vox
495 1614 552 1652 una
566 1607 611 1652 est
624 1606 657 1652 ut
671 1594 853 1653 mnnimodis:
875 1607 906 1652 et
919 1592 1074 1652 Lucretius
1088 1607 1212 1669 utraque
1226 1593 1327 1651 utitur.

272 1673 352 1739 Quin
367 1688 397 1732 ct
417 1675 468 1732 ubi
489 1674 668 1752 synaloephae
687 1675 732 1734 vis
753 1688 856 1744 cessat,
869 1687 900 1733 et
921 1674 968 1733 vel
988 1673 1097 1733 vocalis
1118 1674 1264 1751 quaepiam
1286 1673 1332 1730 vel
1351 1692 1375 1728 m

231 1753 332 1813 finales
346 1773 404 1812 non
418 1754 574 1824 eliduntur,
596 1755 686 1814 altera
704 1755 799 1815 vocali
813 1776 862 1815 eas
874 1756 1058 1834 excipiente:
1081 1775 1118 1813 ne
1139 1755 1195 1812 hoc
1213 1753 1332 1832 quidem
1347 1753 1373 1810 in

230 1833 355 1893 licentiis
369 1855 477 1914 ponas:
499 1834 595 1912 qualia
616 1836 673 1894 ista
686 1849 717 1895 et
737 1835 823 1914 plura
841 1836 921 1915 apud
940 1849 1089 1895 nostrum:
1109 1837 1263 1914 omnesqui
1275 1843 1373 1901 amnt,

230 1914 273 1972 ιιιὲ
292 1925 320 1974 et
340 1925 435 1985 oetote,
449 1915 483 1973 nl
502 1915 549 1974 ubi
568 1919 733 1995 acceperim,
755 1917 825 1996 quad
843 1927 907 1976 erut
927 1927 1044 1988 mmtao,
1058 1936 1115 1975 una
1136 1915 1179 1976 ire
1197 1917 1259 1973 crim
1279 1915 1374 1981 amica

231 1995 296 2054 daim
310 1995 341 2054 id
353 1996 461 2074 efficias,
477 1996 584 2076 quicum
596 2017 650 2056 uno
666 1997 724 2055 rim
740 1997 885 2057 habebam.
927 1997 1046 2075 Quippe
1064 2009 1095 2055 et
1111 1997 1198 2076 epici,
1214 1997 1374 2062 Lucretius,

232 2074 384 2155 Virgilius,
407 2077 549 2136 Horatius
571 2077 675 2137 eodem
694 2078 783 2138 modo
803 2079 833 2138 in
854 2079 1050 2138 hexametris:
1072 2077 1123 2135 sed
1133 2078 1197 2135 daim
1215 2077 1296 2136 abest
1309 2073 1376 2156 quod

231 2178 350 2230 sumnus,
375 2157 511 2216 credimus
533 2178 571 2216 aa
592 2161 638 2238 qui
661 2169 767 2229 amant,
790 2159 815 2217 si
838 2160 880 2217 ηιὲ
902 2179 982 2217 omns
1002 2159 1101 2238 inquit,
1121 2168 1197 2216 cocto
1216 2159 1282 2217 ιιιὶιιι
1302 2156 1376 2216 adest

232 2238 318 2297 bonor·
339 2237 420 2297 idem.
463 2239 497 2297 ln
521 2239 566 2298 his
588 2253 686 2298 autern
707 2240 830 2318 aliisque
851 2240 993 2299 similibus
1014 2241 1070 2298 tria
1090 2253 1158 2298 sunt
1178 2238 1373 2304 observanda:

231 2339 380 2396 nunquam
399 2321 455 2378 hoc
475 2320 539 2378 fieri
563 2320 617 2379 nisi
645 2321 675 2379 in
695 2323 787 2379 verbo
809 2321 1027 2399 monosyllabo:
1053 2319 1134 2397 quod
1155 2321 1279 2379 verbnm
1304 2321 1328 2377 si
1349 2319 1376 2376 in

232 2400 363 2459 vocalem
377 2402 449 2471 exit,
463 2415 580 2480 oportet
594 2399 734 2479 syllabam
748 2422 813 2460 esse
827 2401 943 2480 longam
955 2424 963 2472 3
986 2402 1076 2461 ictum
1089 2400 1214 2477 denique
1228 2401 1336 2460 habere
1348 2400 1375 2456 in

231 2483 327 2558 prima
352 2480 463 2559 syllaba
489 2483 638 2560 anapaesti.
680 2481 796 2541 Harum
817 2503 888 2540 vero
908 2482 1107 2542 conditionum
1128 2481 1291 2556 ignorantia
1311 2491 1377 2558 quot

232 2581 325 2640 nuper
345 2564 460 2642 peperit
480 2565 613 2622 erroresl
636 2563 707 2622 dum
728 2564 808 2622 etin
828 2561 1018 2641 polysyllabis
1039 2563 1146 2632 verbis,
1160 2575 1191 2620 et
1209 2563 1239 2620 in
1262 2561 1375 2641 syllabis

231 2643 379 2712 brevibus,
396 2657 426 2701 et
439 2643 468 2701 in
482 2643 575 2703 aliena
588 2644 666 2712 sede,
680 2664 767 2722 posse
781 2644 845 2703 fieri
858 2644 914 2702 hoc
928 2643 1146 2703 existimabant.

272 2724 370 2800 Atque
390 2725 531 2783 hactenus
552 2725 588 2783 de
605 2724 723 2784 licentia
740 2723 924 2794 Terentiana,
940 2725 1036 2802 deque
1063 2723 1127 2803 ejus
1151 2722 1304 2794 limitibus,
1317 2743 1375 2781 mo·

233 2802 304 2863 dicis
320 2825 387 2863 sane
402 2803 458 2863 illis
471 2825 566 2882 neque
580 2805 790 2864 incommodis:
813 2805 928 2883 qualem
944 2805 1032 2864 hodie
1050 2805 1080 2863 in
1092 2805 1188 2883 poetis
1202 2804 1375 2862 nostratibus

231 2884 384 2963 patriaque
397 2884 497 2963 lingua
517 2886 664 2964 patienter
679 2886 808 2945 ferimus.
852 2885 932 2951 Quin
946 2900 976 2945 et
989 2885 1083 2944 ausim
1097 2885 1229 2964 polliceri
1242 2905 1376 2963 sponsor-

233 2986 290 3043 qne
301 2966 373 3037 fore,
385 2968 518 3043 quemvis
529 2964 754 3036 adolescentem,
766 2967 895 3045 vulgaris
908 2966 997 3026 modo
1007 2967 1152 3044 prosodiae
1161 2977 1192 3025 et
1203 2965 1376 3044 syllabarum

233 3047 402 3123 quantitatis
416 3047 578 3116 callentem,
593 3045 669 3105 lecta
689 3067 749 3106 una
768 3046 916 3126 alteraque
930 3047 1065 3106 editionis
1085 3059 1194 3106 nostrae
1215 3067 1313 3118 scena,
1328 3065 1376 3104 suo

233 3125 331 3186 Marte
345 3147 379 3185 ac
393 3127 454 3186 sine
467 3128 608 3206 magistro
622 3139 718 3186 totum
730 3127 787 3187 hoc
800 3129 880 3206 qnod
894 3128 1036 3207 quaeritur
1049 3140 1268 3206 percepturum.
1311 3125 1375 3191 Quo

232 3208 324 3286 magis
348 3209 463 3279 mimm,
485 3208 625 3286 quosdam
650 3220 758 3269 caetera
781 3208 974 3279 doctissimos,
993 3209 1045 3268 sed
1068 3210 1098 3268 in
1120 3209 1165 3268 bis
1186 3211 1276 3267 rebus
1294 3206 1375 3286 paulo

231 3292 463 3366 ὀψιμαθεστέρους,
479 3303 539 3348 tam
553 3288 708 3349 immodica
724 3291 882 3349 verborum
895 3310 1003 3369 pompa
1017 3311 1048 3349 se
1063 3301 1094 3348 et
1106 3309 1225 3368 operam
1238 3309 1323 3348 suam
1336 3285 1375 3345 es·

232 3369 325 3428 serre:
348 3371 429 3446 quasi
443 3383 531 3429 tantae
548 3370 632 3430 molis
647 3384 724 3429 esset
738 3370 901 3430 Romanam
914 3393 993 3430 nunc
1008 3371 1163 3439 licentiam,
1179 3384 1298 3447 quantae
1312 3368 1375 3428 olim

231 3462 294 3508 erat
313 3463 438 3528 gentem,
453 3451 626 3511 condidisse.
663 3450 769 3529 Neque
790 3463 895 3520 tamen,
910 3453 936 3510 si
955 3453 1012 3530 ipsi
1032 3450 1168 3511 audiendi
1187 3464 1265 3522 sunt,
1280 3452 1375 3509 imme·

233 3531 289 3590 rito
309 3531 486 3609 gloriantur:
511 3553 578 3591 cnm
599 3553 637 3592 ex
659 3553 760 3592 eorum
774 3533 916 3591 sententia
936 3533 1006 3591 nihil
1026 3553 1085 3592 non
1099 3531 1248 3591 veteribus
1263 3529 1376 3591 comicis

232 3624 262 3670 et
282 3611 398 3672 licuerit
415 3625 444 3672 et
464 3610 600 3672 libuerit:
621 3627 655 3674 ut
678 3626 739 3674 tam
758 3633 843 3692 vagae
867 3613 994 3673 licentiae
1014 3613 1121 3672 limites
1141 3612 1217 3672 ullos
1237 3613 1375 3691 posuisse,

231 3693 353 3770 perinde
376 3694 414 3752 sit
437 3715 470 3752 ac
493 3694 641 3754 Sarmatas
662 3707 692 3753 et
715 3693 845 3754 Gelonos
867 3695 946 3754 intra
966 3713 1085 3773 campos
1113 3715 1182 3754 suos
1205 3694 1375 3752 coercuisse.

233 3773 379 3832 Nimirum
388 3775 417 3834 hi
428 3794 486 3833 non
495 3776 574 3854 ipsos
585 3789 696 3854 poetas,
712 3796 769 3834 non
779 3787 873 3835 artem
883 3788 914 3833 et
921 3776 1030 3853 rythmi
1040 3775 1168 3854 genium,
1183 3773 1235 3832 sed
1244 3773 1376 3832 librarios

231 3855 286 3914 sibi
301 3853 390 3914 duces
405 3870 524 3914 sumunt
536 3879 543 3926 ;
566 3871 595 3915 et
607 3870 652 3916 tot
665 3857 726 3915 fere
738 3856 919 3915 licentiarum
932 3857 1045 3934 species
1058 3856 1113 3914 sibi
1128 3855 1250 3934 fingunt,
1266 3867 1338 3931 quot
1350 3853 1377 3910 in

233 3949 295 3994 toto
310 3935 414 3995 Plauto
434 3935 631 4014 Terentioque
651 3938 767 3996 vitiosae
787 3936 927 3996 lectiones
940 3957 1016 3996 nunc
1029 3949 1158 4006 restant:
1181 3935 1290 4013 unique
1304 3936 1375 4000 loco,

232 4017 283 4094 qui
297 4016 494 4076 emendandus
508 4031 580 4088 erat,
595 4039 634 4077 ex
654 4018 746 4084 altero
761 4038 845 4094 seque
865 4018 1007 4076 mendoso
1024 4019 1219 4095 patrocinium
1233 4027 1376 4094 quaerunt.

233 4095 316 4161 Quid
338 4098 444 4157 mirum
466 4099 573 4176 igitur3
596 4100 621 4156 si
644 4120 703 4177 quo
724 4099 817 4176 major
840 4099 875 4156 iis
889 4111 948 4158 tam
962 4099 1044 4163 falsae
1064 4099 1193 4157 metricae
1214 4098 1319 4157 notitia
1331 4115 1376 4155 ac·

232 4176 333 4247 crevit,
348 4197 383 4237 eo
397 4179 426 4237 in
441 4178 512 4248 dies,
527 4192 561 4238 ut
580 4193 753 4256 queruntur,
766 4180 860 4257 magis
879 4179 1043 4238 decreverit
1058 4179 1293 4238 emendationum
1313 4195 1376 4236 sua-

232 4277 298 4315 rum
319 4261 481 4318 numerus?
503 4258 590 4330 lllud,
606 4261 631 4318 si
652 4261 778 4330 dubitas,
794 4258 930 4337 exemplo
944 4260 1002 4331 sit;
1025 4261 1076 4322 ubi
1096 4259 1194 4319 Plauti
1208 4259 1376 4318 auctoritate

231 4337 321 4416 pedes
350 4340 472 4399 creticos
496 4341 526 4399 in
554 4342 693 4401 trimetris
721 4340 897 4400 adsciscunt.
938 4339 1036 4402 Locus
1062 4341 1297 4420 elegantissimus
1323 4349 1374 4406 est,

231 4417 404 4480 Trinummo
418 4421 437 4480 i.
455 4427 484 4480 2.
499 4423 530 4482 in
541 4421 662 4492 undenos
675 4443 749 4499 quos
762 4435 849 4482 vocat
861 4441 985 4493 scurras,
