2834 4759
220 176 285 241 144
653 170 936 239 TERENTII
1223 171 1354 257 [ncrus
1371 192 1394 234 1.

282 310 385 396 Apud
400 332 452 374 me
465 309 610 374 babere:
633 307 714 372 nihil
728 308 934 393 respondes?
973 307 1037 374 Pu.
1055 308 1226 385 Peaeum,

283 408 391 495 Egon’
406 408 579 491 quicquam
594 427 669 470 cunr
682 406 753 469 iatia
769 404 863 470 factis
878 406 938 469 tibi
951 408 1192 489 respondeam?

284 505 371 571 Pan.
389 504 445 569 Eu
459 507 587 568 noster!
611 502 729 568 laudo:
753 503 885 567 tandem
899 502 1082 587 perdoluit:
1106 504 1155 567 vir
1169 524 1216 567 ea.

240 616 272 665 75
285 602 350 666 Pu.
368 602 471 667 Haud
485 624 548 686 ego
562 602 758 678 nesciebam,
774 621 930 685 quorsum
944 612 982 663 tu
996 601 1060 664 ires
1072 603 1085 664 l
1108 598 1242 684 parvola

284 700 373 764 Hinc
388 711 439 763 est
452 701 610 783 abrepta:
634 698 750 763 eduxit
764 707 868 763 mater
881 719 943 782 pro
959 718 1036 761 sua:

283 798 386 861 Soror
400 795 546 860 dicta'st:
570 796 669 879 cupio
682 796 857 871 abducere,
873 805 911 859 ut
925 795 1061 858 reddam
1076 796 1162 858 suia:

283 894 414 978 Nempe
428 894 534 957 omnia
547 891 619 956 hoec
634 916 721 958 nunc
736 894 836 957 rerba
850 890 916 957 huc
930 891 1070 956 redeunt
1085 892 1247 975 denique:

283 991 359 1076 Ego
374 989 544 1067 excludor,
558 988 611 1053 ille
627 992 802 1075 recipitur:
826 1011 891 1073 qua
905 990 1034 1073 gratia?

241 1102 272 1147 ao
284 1088 360 1151 Nisi
374 1087 463 1151 illum
478 1086 551 1172 plus
567 1110 666 1165 amas,
682 1110 780 1172 quam
795 1108 865 1150 me:
888 1098 923 1150 et
937 1088 1031 1150 iatam
1045 1108 1131 1150 nunc
1145 1086 1251 1161 times,

219 1204 224 1265 f
284 1184 370 1258 Quae
386 1185 573 1261 advecta’st‚
589 1207 630 1247 ne
645 1184 735 1248 illum
749 1184 846 1248 talem
861 1183 1029 1267 praeripiat
1041 1183 1111 1247 tibi.

283 1282 352 1346 ΤΗ.
364 1281 470 1365 Egon'
485 1281 518 1344 id
528 1282 648 1346 timeo?
679 1281 746 1345 Pu.
757 1281 849 1354 Quid
860 1291 893 1343 te
903 1302 982 1365 ergo
992 1279 1081 1343 aliud
1093 1278 1265 1344 sollicitati
1284 1279 1388 1355 cedo,

221 1463 224 1468 Ι
284 1380 376 1444 Num
391 1377 479 1443 solua
494 1376 547 1442 iile
562 1378 648 1442 dona
663 1378 745 1443 dat?
767 1379 912 1443 nuncubi
925 1400 1028 1443 meam

284 1476 524 1561 Benignitatem
540 1477 670 1541 sensisti
684 1477 718 1540 in
733 1487 766 1541 te
780 1475 947 1541 claudier?

218 1625 352 1674 etexcludi
365 1624 476 1673 militem.
510 1625 647 1689 Nonenim
658 1624 723 1674 dixit
732 1610 785 1687 serJ
815 1626 1059 1689 Repudiatiacauaia,
1073 1642 1133 1689 quaa
1146 1625 1389 1689 illaattrrleratper

219 1691 488 1751 autpntere,ned‚rr'ne.
519 1688 612 1737 Priores
620 1700 701 1752 parter
718 1694 782 1739 lmen
815 1690 991 1739 derivationem
1007 1706 1101 1739 canan:
1119 1688 1238 1738 hicaiiud
1254 1688 1388 1737 dicite-e

219 1757 306 1815 stoan
325 1753 387 1816 dier]
408 1754 519 1801 Honeste
537 1754 738 1816 circumloquium
757 1764 782 1802 et
814 1753 1008 1819 eur-repeilatur.
1043 1758 1076 1803 Et
1093 1757 1317 1809 ntamnancliraer,
1329 1771 1387 1817 qna

218 1818 339 1930 ἴηιὸὲξὲ
340 1833 371 1865 ne
372 1817 455 1929 1plicat,
463 1817 513 1866 Abi
521 1818 593 1877 foras,
603 1832 677 1881 etque
684 1818 782 1867 excludi
813 1818 966 1931 artlmpitpnprt]
985 1819 1062 1930 pldeo,
1079 1818 1167 1893 inquit,
1183 1833 1250 1866 amna
1266 1818 1386 1930 miiiteDm,

230 1896 244 1929 e
272 1897 287 1928 a
339 1917 346 1929 .
397 1916 403 1928 .
814 1898 831 1930 u
854 1898 868 1930 e
940 1898 1092 1939 innonat
1120 1894 1314 1931 mmemarerrt.
1368 1918 1375 1929 .

251 1897 291 1996 ib.
310 1948 379 1993 Ntltl
399 1945 554 2009 rerponderl]
577 1946 634 1995 lam
656 1945 781 1995 nitentium
814 1946 921 1995 Veraum
931 1900 1385 2009 eatiainconcidnumadjuranteodd.

218 2019 322 2066 accurat,
335 2010 393 2121 quia
402 2010 450 2057 neit
460 2009 523 2057 nihii
532 2025 707 2073 responsurum
722 2026 781 2059 con·
814 2011 933 2069 nonnulli,
945 2011 986 2074 qui
1002 2012 1100 2069 habent,
1116 2013 1171 2059 Nr'rr'
1189 2024 1214 2057 ar
1228 2012 1299 2058 illen-
1324 2012 1386 2058 Οε-

219 2073 320 2122 trariurn
333 2076 343 2136 (
354 2090 391 2137 eg.
404 2076 463 2121 nr’lrll
477 2077 646 2134 respondentem
666 2079 779 2123 eontrari-
813 2075 1005 2133 retentarent
1021 2075 1117 2133 iniero,
1131 2074 1229 2134 colloca,
1243 2076 1297 2137 plan
1311 2092 1386 2137 quan

218 2141 263 2195 ari,
287 2137 347 2195 aire,
364 2142 502 2186 contrariari
523 2155 571 2187 erne
595 2139 643 2201 Z.).
668 2139 702 2187 Et
723 2139 783 2188 satir
814 2156 929 2188 neaman.
960 2139 987 2187 B.

218 2201 314 2260 blande,
337 2206 397 2250 nr'lril
416 2204 537 2264 rerpondar
559 2202 637 2250 dixit:
666 2212 782 2265 tanquam
848 2205 887 2251 tt.
907 2206 984 2251 Talem
992 2202 1184 2267 preriplattldr']
1202 2201 1312 2265 lilpareln
1328 2213 1385 2253 eto-

218 2267 261 2328 qui
280 2266 370 2315 debean
391 2266 481 2315 amoria
501 2266 580 2314 vicem
603 2266 716 2329 (omuino
735 2267 781 2330 leg.
815 2268 1085 2317 machantiaamatoria.
1109 2268 1141 2315 D.

218 2332 252 2379 Et
267 2335 325 2379 eall:
342 2334 430 2387 blande,
448 2333 601 2388 urnndlrit,
619 2340 728 2393 laaqnarn
743 2335 782 2379 cul
847 2334 885 2379 82.
905 2334 968 2383 urla
979 2341 1001 2381 te
1011 2348 1065 2395 ergo
1076 2334 1143 2379 aliud
1152 2334 1262 2379 rollidtal
1271 2330 1297 2395 l]
1310 2332 1384 2387 Quid

218 2398 301 2443 &lene
321 2412 343 2443 a
366 2414 387 2443 n.
420 2396 475 2443 Euri
496 2394 592 2457 integer
614 2396 731 2444 Seunriua
752 2395 781 2444 τὸ
813 2395 1177 2458 eatinquir,ailrocnoneatl
1202 2395 1309 2444 n-Ne
1323 2412 1382 2444 rer-

218 2472 284 2507 rrrnr
297 2459 535 2523 rideturreepuere:
560 2459 685 2508 Donatum
698 2470 780 2508 tamen
813 2475 855 2508 eur
872 2460 964 2523 syllaba
982 2460 1015 2509 ait
1034 2461 1196 2524 hypernete,
1215 2475 1308 2524 repone
1327 2464 1386 2524 Ege

217 2522 352 2587 italeginee
366 2535 460 2572 certum
477 2533 521 2571 ent.
552 2524 621 2571 idem
637 2527 694 2572 railrr'
712 2524 780 2572 exhi·
815 2523 914 2573 ninere.
939 2526 968 2572 B.

218 2588 278 2636 bent
301 2588 361 2636 Mea.
380 2588 462 2636 Mark.
486 2597 590 2650 quatuor
607 2588 667 2637 Pell
684 2599 709 2636 et
726 2588 780 2637 edd.
847 2590 885 2637 83.
904 2588 1382 2651 NunroaatlleaonaaarrJJnmqmni

218 2652 298 2713 vett).
324 2652 355 2700 i).
813 2652 960 2715 questiones
981 2662 1128 2701 tractantur:
1158 2653 1202 2701 aed
1223 2652 1264 2700 ille
1285 2666 1383 2701 munna

251 2718 290 2767 lt.
307 2719 359 2779 Ego
374 2715 506 2779 quicquan]
530 2716 618 2764 Facete
635 2715 781 2779 exprimitur
814 2717 920 2765 advexit.
964 2718 1074 2765 Naaeubr'
1100 2733 1172 2765 meant
1200 2717 1381 2781 benignitatem]

216 2780 734 2843 iliud‚Anrantlanlraeanrorlrinlegratioerl.
749 2781 780 2829 D.
814 2781 921 2830 Poaaunt
931 2780 997 2829 euim
1014 2779 1078 2850 dona
1089 2780 1150 2838 dari,
1167 2781 1211 2829 aed
1226 2780 1322 2844 exigue,
1334 2792 1383 2830 eut

251 2844 289 2895 74:
310 2846 410 2893 Tandem
419 2843 548 2907 perdoluit]
563 2844 645 2892 Nimia
656 2844 742 2901 doluit,
755 2845 780 2894 id
813 2845 894 2893 minua
921 2844 1068 2893 liberaliter:
1097 2854 1123 2892 et
1148 2844 1204 2893 ideo
1226 2845 1382 2894 mentionem

217 2909 522 2973 eatpereeuaitdoiorem.
557 2908 780 2971 Etlmdnmquaai
813 2909 972 2973 benignitatis
990 2908 1085 2975 adjecit.
1119 2911 1228 2958 Naneabl
1247 2926 1319 2958 nram
1337 2914 1380 2958 lee-

217 2973 260 3035 'qui
271 2974 345 3022 nimia
353 2974 450 3037 patient
458 2973 511 3021 fuit.
539 2975 639 3021 Tandern
645 2976 779 3034 perdoluit:
812 2973 961 3037 nignitalenr]
974 2972 1023 3022 Sed
1038 2973 1080 3022 iile
1096 2972 1218 3035 benignus
1229 2984 1273 3023 eat
1307 2976 1381 3023 Nan-

216 3042 254 3086 elr
267 3037 305 3101 er]
325 3038 458 3101 Eleganter
475 3037 579 3085 variavit
594 3052 723 3100 perennem
740 3053 780 3086 ee·
813 3041 872 3096 enm,
883 3036 1002 3101 numquid
1013 3036 1110 3085 alicubi.
1144 3039 1380 3101 nutrimenti,

217 3102 330 3159 tundam,
348 3111 373 3150 et
389 3101 492 3150 tertiam.
529 3100 619 3163 Vlrer]
637 3102 695 3150 Non
709 3116 780 3165 puer,
812 3102 916 3165 legimur
930 3102 1006 3165 (baud
1022 3102 1096 3151 dubie
1110 3102 1381 3166 nortmannorum,

217 3166 261 3213 ned
277 3168 329 3227 jam
346 3167 390 3223 vir,
408 3166 449 3228 qui
465 3166 619 3214 meretricem
634 3166 779 3215 contemnia
813 3179 887 3214 nunc
901 3178 955 3225 nar,
967 3169 1078 3229 nunquid
1088 3168 1180 3214 altrudi.
1215 3168 1303 3216 Portea
1317 3182 1381 3217 vero

218 3222 421 3278 D.—Bembinur
435 3229 497 3278 iiber
514 3229 598 3277 etalii
615 3230 710 3291 antiqui
730 3245 779 3279 non
812 3246 855 3279 eeu
869 3232 956 3295 Asper,
972 3246 1015 3279 eeu
1034 3232 1166 3288 cornutus,
1182 3246 1226 3279 aeu
1237 3230 1381 3295 quintoque

216 3296 261 3343 iren
272 3294 354 3341 eedea
365 3294 419 3341 eine
429 3294 589 3357 respiratione
599 3294 697 3342 liabent.
723 3294 751 3343 B.
812 3294 874 3343 aliua
886 3295 1008 3359 interpret
1024 3294 1108 3359 legens
1120 3306 1176 3343 ποι(
1195 3308 1250 3353 uni,
1267 3296 1332 3358 quod
1349 3297 1379 3346 in

250 3359 289 3408 75.
318 3360 420 3405 Parvula
438 3362 491 3406 line
510 3367 545 3407 erl
564 3361 676 3420 abrepta:
700 3360 781 3407 ederit
812 3358 955 3421 quibusdam
973 3358 1042 3408 libria
1059 3358 1189 3422 reperitur,
1209 3359 1262 3424 ipae
1281 3360 1381 3409 addidit

217 3428 293 3470 nater
299 3438 343 3483 pro
352 3420 408 3483 aaa]
422 3421 485 3470 Vide
495 3420 660 3482 plancarum
671 3422 728 3471 odio
739 3423 778 3470 in·
811 3424 887 3472 verba
897 3427 946 3472 Aur
962 3424 1061 3487 ri-qrra
1072 3427 1097 3471 ln
1108 3424 1153 3485 re),
1169 3424 1217 3472 erit
1232 3424 1378 3475 adverbium

217 3486 324 3543 ductam,
342 3497 368 3535 et
384 3486 540 3550 depravatam
559 3486 777 3549 pronunciatione:
812 3487 943 3552 temporie:
961 3496 988 3536 ut
999 3488 1032 3536 nit
1044 3488 1092 3544 ubi,
1104 3504 1153 3550 quo
1168 3488 1194 3537 in
1211 3488 1271 3545 loeo,
1283 3504 1331 3551 qua
1347 3490 1379 3539 in

217 3550 253 3599 lta
269 3560 297 3598 ut
312 3560 338 3598 et
353 3549 523 3610 duororllteora
538 3565 588 3598 non
602 3551 738 3599 vitarentur
748 3551 779 3599 de
812 3568 846 3601 re.
880 3554 990 3601 Narwuli
1000 3568 1072 3601 nean:
1084 3552 1259 3615 belignr'tnten]
1278 3553 1378 3602 intelli-

216 3614 353 3664 induatria:
367 3618 467 3677 pamla
477 3618 530 3663 linc
540 3622 575 3662 erl
586 3618 689 3677 abrepta,
698 3618 779 3665 eduxit
810 3616 848 3679 pit
866 3632 893 3664 ae
911 3625 937 3664 et
954 3616 1018 3665 dona
1040 3615 1164 3675 obtulisse,
1182 3630 1208 3665 et
1224 3616 1250 3666 id
1268 3618 1378 3681 benigne

217 3688 345 3741 naterpro
358 3696 483 3735 :natator
499 3687 534 3727 erl
544 3682 615 3727 dlela.
639 3680 780 3729 D.-Houd
811 3696 876 3744 repe
896 3680 988 3729 ferinae.
1029 3681 1095 3729 Nam
1115 3681 1259 3745 pierumque
1277 3681 1378 3745 ingrata

217 3761 259 3807 ego
269 3743 407 3807 meleburn]
419 3742 578 3798 Quinctilian.
589 3743 631 3792 lib.
643 3744 676 3792 ix.
688 3759 741 3807 cap
755 3746 777 3793 2.
811 3744 875 3793 dona
886 3756 951 3803 aunt,
962 3744 988 3793 in
996 3744 1084 3819 quibua
1092 3746 1230 3809 benigniter
1239 3760 1287 3794 non
1296 3762 1377 3811 appa·

218 3812 305 3871 Alego
319 3810 451 3857 nesciebant.
481 3806 604 3855 n-i'ra
614 3808 778 3869 antiquissimi
810 3816 865 3857 ret:
883 3824 937 3871 que
948 3820 991 3857 aut
1001 3824 1027 3857 ru
1039 3809 1175 3872 quantitate
1184 3820 1379 3867 rerumeetaut

216 3874 286 3922 codd
300 3871 389 3921 Faerni
404 3870 693 3949 ⁴drutrtgauliirrjuedem,
706 3874 780 3921 Haud
811 3873 837 3921 in
862 3872 978 3949 facilitate
1004 3873 1150 3949 prjaeaiantia
1191 3874 1377 3935 Demarati,

217 3952 275 4049 tt:
288 3936 778 4065 innumeratum
811 3937 1380 4068 institituit}ttrirttttdlt

218 4064 326 4113 Inatix.
339 4068 361 4113 2.
390 4063 577 4127 Ceterumlege
587 4067 707 4113 nerum
733 4066 761 4113 Β.
835 4065 946 4114 embinna
967 4066 1059 4124 etalii,
1081 4084 1135 4115 nunt
1154 4070 1201 4116 all
1235 4068 1302 4131 Lege
1318 4086 1376 4119 nnn:

250 4130 290 4179 77.
307 4129 347 4177 Ne
362 4129 417 4194 iege
428 4133 496 4179 Soror
506 4133 542 4177 erl
556 4129 626 4187 dieta,
643 4128 693 4187 ned,
712 4132 780 4177 Soror
811 4133 862 4178 titt
891 4130 989 4179 Deinde
999 4130 1026 4179 in
1038 4146 1109 4179 vura
1121 4146 1170 4194 aeq.
1182 4136 1376 4195 protnleelae·

217 4194 332 4240 umere
354 4194 382 4241 B.
810 4194 1329 4258 lentegemeruarermtnndrnittel.
1342 4198 1378 4248 Β.

251 4255 290 4305 78.
307 4258 365 4305 Her
375 4274 435 4305 nnnc
445 4256 526 4320 rerba]
541 4255 570 4305 ld
581 4265 625 4315 eat,
638 4257 778 4307 fulradicta.
845 4260 883 4308 84.
906 4258 1047 4323 Glaadr'erl]
1066 4262 1156 4318 Claudi,
1171 4271 1213 4308 aur
1228 4260 1377 4313 claudicare.

217 4320 273 4367 Hae
281 4319 389 4383 redeant]
400 4321 435 4368 Ut
445 4322 567 4370 excludar.
592 4322 624 4370 D.
812 4322 941 4371 Sallustius
953 4323 992 4381 (in
1002 4322 1175 4387 Fragmentia),
1186 4342 1256 4389 neque
1265 4329 1322 4373 errlrn
1334 4330 1377 4389 lg·

250 4384 289 4431 80.
319 4386 373 4432 Nlrl
394 4387 457 4433 illan
475 4389 530 4448 plur
549 4400 619 4443 anor,
642 4402 709 4448 quarn
730 4384 777 4449 mr]
811 4391 917 4435 noranlr'a
939 4390 1028 4437 claudit
1048 4404 1103 4437 rer:
1132 4399 1163 4447 et,
1187 4392 1245 4438 nilil
1270 4394 1377 4441 morata
