2834 4759
250 177 316 241 470
570 172 761 241 ALTER
790 172 1088 243 PROLOGUS

335 308 604 387 Tumultaantua
620 309 770 388 clamant,
785 322 932 395 pugnant
947 312 989 376 de
1004 310 1088 377 loco.

336 409 412 494 Ego
427 411 552 473 interea
566 430 673 473 meum
687 430 753 473 non
768 410 861 493 potui
877 411 975 475 tutari
989 409 1108 475 locum.

290 519 322 567 st
334 506 433 572 Nunc
448 508 546 571 turba
557 504 646 571 nulla
658 518 727 571 est:
751 507 852 571 otium
866 518 900 572 et
915 507 1077 573 silentium
1091 520 1154 574 est.

335 604 468 691 Agendi
482 616 611 690 tempus
625 605 704 670 mihi
719 606 831 670 datum
846 618 916 671 est:
939 606 1030 671 vobis
1047 606 1146 672 datur

337 704 489 769 Potestas
503 706 743 769 condecorandi
757 704 852 769 ludos
868 705 1023 771 scenicos.

334 802 446 867 Nolite
460 804 566 868 sinere
580 825 641 888 per
655 826 713 867 ros
729 815 833 869 artem
847 804 1001 869 musicam

334 900 497 967 Recidere
512 902 555 965 ad
570 924 711 986 paucos:
734 900 842 979 facite,
857 912 894 967 ut
910 914 1019 967 vostra
1033 903 1209 969 auctoritas

290 1014 323 1060 ιο
333 999 422 1065 Meae
436 1001 620 1065 auctoritati
634 1000 756 1067 fautrix
769 998 978 1087 adjutrixque
994 1001 1047 1065 sit.

334 1099 371 1163 Si
382 1122 546 1187 nunquam
561 1122 655 1163 avare
669 1101 811 1184 pretium
827 1096 925 1163 statui
940 1100 1002 1163 arti
1014 1120 1114 1179 meoe3

334 1198 381 1261 Et
395 1220 469 1263 eum
483 1220 557 1263 esse
571 1209 733 1283 quaestum
746 1200 779 1263 in
794 1198 933 1263 animum
947 1197 1061 1261 induxi
1075 1220 1276 1275 maxumum,

334 1295 442 1368 Quam
455 1318 605 1361 maxume
618 1297 739 1361 servire
754 1296 871 1362 vostris
887 1296 1083 1360 commodis:

334 1394 438 1459 Sinite
451 1396 624 1481 impetrare
637 1418 700 1472 me,
714 1397 771 1480 qui
786 1395 818 1458 in
834 1391 967 1458 tutelam
981 1416 1084 1458 meam

290 1504 322 1550 45
335 1492 486 1557 Studium
501 1515 606 1571 suum,
620 1504 654 1557 et
669 1516 703 1557 se
719 1495 752 1558 in
767 1505 907 1558 vostram
919 1494 1076 1558 commisit
1089 1492 1205 1569 fidem,

334 1591 389 1656 Ne
403 1613 477 1656 eum
492 1592 744 1656 circumventum
758 1592 867 1676 inique
882 1592 983 1675 iniqui
996 1591 1162 1656 irrideant.

333 1689 413 1755 Mea
426 1712 523 1756 causa
537 1712 668 1755 causam
682 1691 830 1775 accipite,
843 1702 877 1754 et
892 1691 968 1755 date
985 1688 1169 1768 silentium

247 1856 328 1907 balam
344 1856 513 1905 commendet:
531 1865 559 1904 ut
569 1866 595 1905 et
610 1855 693 1905 omnia
708 1867 804 1921 specta-
837 1856 882 1920 rit]
900 1858 955 1913 Qua
972 1857 1116 1906 Terentium
1125 1856 1221 1921 prob03
1240 1866 1266 1905 at
1277 1864 1313 1906 est
1323 1856 1384 1919 figora

248 1922 295 1971 tori
306 1932 333 1971 et
342 1921 433 1987 populo
443 1922 563 1971 dicantur.
586 1922 619 1969 D.
838 1920 963 1983 ἂναλογίιι.
998 1922 1060 1971 Vult
1074 1932 1157 1970 autem
1173 1925 1382 1984 seesseejusaur·

280 1990 319 2035 84.
331 1990 385 2036 Nou
398 1990 464 2049 potui
475 1990 548 2035 tutari
564 1985 648 2049 ὶοιιιιι]
667 1986 756 2035 Facete
766 2002 805 2035 re·
839 1987 951 2045 raritatis,
960 1998 988 2035 ut
999 1996 1024 2035 et
1034 1986 1125 2051 populo
1136 1986 1235 2051 plaeere
1242 1988 1295 2050 jam
1306 1986 1383 2039 debut

246 2053 310 2117 petit
320 2055 398 2101 locata
423 2052 454 2100 D.
839 2052 880 2115 qui
892 2052 940 2115 ipsi
952 2051 1038 2115 placet.
1062 2052 1095 2099 D.

280 2120 319 2165 85.
337 2120 405 2165 Natus
418 2119 486 2165 turbs
498 2119 562 2165 sado
572 2115 621 2178 sci]
634 2114 806 2165 ‘maritum
870 2118 910 2165 41.
930 2119 957 2165 Si
978 2134 1093 2179 uunquam
1109 2115 1191 2180 atara]
1211 2113 1382 2167 commendati·

245 2180 804 2309 sltz³litit⁰⁶'ltt“¹ttt“'..tlzlt
836 2180 1384 2311 {litttdtltidtttttttildt

245 2315 317 2361 otiam
327 2320 351 2361 ct
365 2316 480 2360 attenuas·
491 2310 537 2374 eat]
559 2312 658 2358 Tartara
672 2310 758 2358 retulit
774 2310 805 2359 ad
837 2312 860 2359 Α
874 2310 967 2359 meritis
979 2310 1112 2360 defensoris
1121 2324 1295 2375 argumentum
1304 2310 1331 2359 ad
1342 2309 1382 2357 lau·

245 2375 272 2425 id
294 2378 358 2439 quod
380 2392 455 2440 supra
476 2376 546 2432 dixit,
567 2378 655 2423 clamor
675 2376 803 2423 meliorant.
835 2374 892 2424 dem
914 2375 1008 2424 fabulae.
1053 2378 1080 2425 Si
1102 2392 1216 2439 nunquam
1241 2374 1323 2437 aem]
1347 2373 1383 2421 Pet

247 2444 396 2505 otiamur
406 2443 436 2489 rb
445 2449 563 2504 paginam
574 2443 697 2498 silentiari,
706 2440 764 2501 arpis
775 2438 804 2488 rb
836 2440 888 2489 haec
908 2441 982 2489 uerba
999 2440 1131 2489 Terentius
1148 2440 1202 2489 vult
1223 2441 1383 2491 demonstratu

244 2509 352 2555 clumam.
386 2509 455 2554 Naar
471 2510 540 2554 turba
555 2507 620 2553 salla
633 2512 683 2553 est:
701 2509 804 2553 etiamst
836 2520 908 2569 quam
919 2502 1383 2569 graviaauctorsitquisuascomoediat

243 2574 359 2620 silendam
370 2570 417 2631 cst]
430 2570 639 2625 Quaeadbortatio
649 2584 694 2633 per
702 2584 803 2617 enume-
836 2572 930 2634 probet.
963 2570 1005 2618 Sic
1024 2570 1150 2629 Horatiis,
1173 2570 1255 2634 Epist.
1272 2570 1298 2618 ii.
1318 2571 1336 2616 l.
1352 2566 1383 2613 sl.

243 2636 371 2685 rationein.
402 2636 541 2685 D.-Liber
558 2634 693 2682 Bembinua
708 2644 735 2683 et
751 2634 803 2681 Do·
836 2638 1146 2699 —eaquamrcprcbaadora
1160 2652 1234 2694 emer,
1249 2636 1305 2689 Qua
1318 2634 1383 2696 prat

244 2710 317 2750 ustus
340 2700 429 2749 Fuerui
450 2711 516 2748 recte
536 2700 628 2747 habeut
646 2701 716 2747 Nattae
735 2702 804 2747 turbs
835 2702 1005 2763 AEsapua‚quae
1016 2703 1094 2749 doctam
1105 2702 1270 2764 Botcisugit.
1293 2700 1324 2747 D.

243 2774 340 2815 nonest.
363 2766 392 2813 B.
868 2766 907 2813 42.
929 2768 962 2814 m
982 2782 1032 2813 east
1051 2782 1099 2813 ease
1121 2772 1233 2827 quatem
1255 2768 1280 2812 is
1298 2766 1382 2811 asim

278 2832 317 2878 36.
330 2834 422 2893 Agendi
438 2838 526 2893 tempas
541 2833 597 2877 milti
607 2833 686 2877 ᾰιιιιιιιι
697 2827 746 2892 ast]
764 2829 803 2877 Ab
835 2828 930 2891 induxi]
946 2830 1021 2877 Modo
1040 2844 1088 2877 non
1105 2846 1221 2892 aauqm
1238 2828 1379 2879 subauditur:

243 2895 355 2945 sedilibus
377 2894 476 2943 scilicet.
522 2897 590 2943 Vobis
611 2898 682 2942 datar
702 2902 803 2955 potestas
834 2896 924 2943 sedtt':
941 2895 1018 2950 utsit,
1032 2893 1095 2941 Etsi
1106 2909 1161 2943 eum
1173 2910 1235 2953 esse,
1246 2905 1291 2943 atr.
1315 2892 1381 2941 ilari·

243 2963 408 3009 condecorandi
425 2963 489 3008 latim
503 2956 615 3022 semitae]
632 2958 709 3013 Quasi
721 2958 801 3007 etali-
834 2976 893 3007 mum
911 2976 978 3021 qaam
995 2959 1104 3022 maxime]
1125 2961 1206 3023 Inique
1225 2962 1300 3023 iniqui
1320 2952 1382 3017 rapi·

242 3025 689 3089 quidagatpopulusquumspectet
714 3023 746 3071 D.
833 3042 907 3085 μιιον.
932 3024 964 3071 D.

277 3093 315 3138 ³8.
333 3093 413 3139 Nolite
429 3093 504 3138 cisterc
518 3106 561 3151 per
578 3088 629 3151 oct]
648 3090 738 3150 Σχῆμα
753 3090 801 3137 δια·
867 3090 906 3137 ts.
922 3091 995 3141 Οιαιιι
1005 3092 1195 3137 msaimetaroire
1207 3092 1379 3138 mertam-e

243 3153 315 3212 volu,
334 3154 446 3217 ῥητορικὴ
466 3152 596 3214 hirsutas.
630 3156 710 3201 Artem
729 3156 800 3202 muti·
832 3153 882 3217 dis]
901 3154 959 3202 Plus
970 3154 1034 3202 dixit
1044 3157 1170 3211 mmo,
1181 3168 1257 3216 quam
1271 3153 1293 3202 si
1303 3152 1381 3201 diram

243 3219 306 3282 cam]
319 3219 447 3267 Oratorie:
465 3219 532 3282 quasi
545 3234 594 3267 non
606 3217 715 3265 Terentii
728 3233 802 3266 causa
832 3221 993 3281 voluptatibus.
1018 3218 1050 3266 D.

241 3294 335 3347 agatur,
347 3284 391 3331 sed
401 3283 461 3331 artis
472 3283 577 3331 musicae.
608 3284 752 3331 D.-—Nolite
767 3286 800 3331 si·
865 3286 905 3331 44.
917 3286 991 3333 Sinite
1007 3286 1129 3345 impetrare
1144 3300 1187 3341 ma,
1201 3286 1243 3346 qai
1259 3286 1284 3331 is
1300 3282 1379 3329 nula·

241 3365 295 3397 nare
315 3365 358 3409 per
379 3364 417 3396 cor
435 3356 508 3396 ortem
524 3351 632 3396 micam
649 3350 752 3395 recidere
770 3350 803 3395 ad
833 3348 917 3412 mecm]
930 3348 998 3396 Ordo
1009 3359 1053 3405 est,
1065 3348 1146 3397 Sinite
1159 3348 1292 3411 impetere
1303 3356 1380 3400 ment

237 3412 336 3476 mmor]
356 3413 420 3461 Date
438 3411 519 3475 potius
536 3427 635 3475 operam
655 3423 684 3460 ut
700 3412 801 3461 faveatis
833 3428 890 3461 autu
901 3413 1095 3461 circumventum
1109 3412 1194 3475 inique
1210 3412 1291 3477 iniqui
1305 3408 1378 3458 irride·

242 3477 372 3526 comoediaa
389 3476 558 3535 scribentibus,
570 3492 601 3524 ne
615 3492 655 3525 ars
666 3476 759 3525 musica
770 3478 801 3525 ud
833 3488 883 3537 ant,
895 3478 937 3540 qui
953 3478 979 3525 in
992 3478 1092 3527 tutelam
1103 3492 1183 3527 meam
1194 3478 1303 3526 studium
1312 3486 1378 3525 suum

242 3558 333 3607 paucos
343 3552 492 3591 revertaturz
510 3552 535 3590 et
549 3541 673 3604 sialiquid
684 3541 799 3591 excluda-
833 3552 858 3591 et
875 3559 901 3591 se
917 3542 943 3591 in
960 3552 1065 3591 vestram
1082 3542 1203 3591 commisit
1216 3542 1298 3591 tidem.
1326 3540 1379 3586 0.-

242 3619 289 3663 tur.
301 3607 426 3656 comoedias
436 3607 581 3655 adscribant.
604 3608 634 3655 E.
835 3610 881 3660 Qui
889 3610 913 3655 in
925 3610 1019 3656 tutelam
1029 3610 1209 3655 mamatadiust
1220 3624 1293 3664 uass,
1301 3604 1377 3653 atacis

275 3674 313 3721 39.
343 3675 423 3721 Facite
445 3680 471 3721 ut
492 3681 568 3720 aestro
592 3676 719 3720 auctoritas
745 3688 799 3721 mea
831 3670 1144 3734 matramcotastisitfidesr]
1163 3672 1239 3720 Poeta
1255 3671 1377 3730 enimquo·

240 3741 375 3787 memmei
385 3736 631 3799 adjatrr'rfaatrixqua
642 3736 687 3799 ait]
698 3737 750 3785 Vos
758 3752 798 3785 co·
832 3736 960 3785 dammodo
972 3748 1070 3785 auctore
1081 3736 1266 3785 commendatus
1277 3746 1319 3784 est.
1340 3731 1365 3779 B·

159 3840 165 3852 .
240 3803 343 3853 moedias
362 3818 418 3850 oum
438 3802 543 3850 libenter
563 3802 648 3850 audire
667 3801 798 3865 coeperitis,
864 3804 904 3851 47.
925 3804 981 3851 Mea
1002 3800 1085 3865 caua]
1103 3800 1180 3857 Quasi
1200 3812 1282 3850 amtor
1299 3810 1376 3847 casm

241 3868 289 3917 erit
315 3866 423 3917 studium
458 3866 616 3931 scriptoribus
647 3866 797 3915 maximuma
832 3866 902 3915 dixit.
935 3869 991 3916 Mea
1006 3884 1077 3915 cauta
1092 3884 1183 3915 mutata
1206 3869 1267 3915 base
1281 3856 1376 3923 accipite]

240 3935 306 3982 uude
328 3948 384 3981 mea
404 3932 436 3980 sd
458 3931 620 3994 clangendum
641 3932 799 3993 (pangendum
833 3932 889 3981 Hoc
901 3932 1018 3981 oratorie:
1036 3931 1071 3979 sic
1080 3930 1145 3980 enim
1157 3930 1192 3988 lit,
1202 3946 1276 3993 quum
1287 3936 1376 3993 person!

241 3998 281 4047 W.
298 3998 360 4073 forta
373 4000 507 4072 'chronius
517 3996 566 4071 IZ.)
583 4007 676 4045 crescet
692 3996 799 4045 auctori·
831 4012 876 4061 pro
888 4012 992 4061 persona
1001 3995 1032 4044 ad
1041 3995 1277 4045 commendationem
1284 3992 1375 4042 affertur·

240 4060 800 4190 ttstillattil‘tlttttltitlltl
831 4057 1375 4189 iiiiiiiii'iiiafflffilfflf

241 4192 327 4241 statuit
336 4191 396 4239 artia
407 4206 458 4239 suae
469 4190 610 4247 maximum,
622 4200 649 4238 ut
661 4205 750 4238 avarus
761 4190 798 4238 ri-
831 4193 887 4239 Mea
901 4206 971 4240 caasa
986 4206 1078 4240 caman
1094 4193 1153 4239 ianr
1168 4194 1272 4252 aecipite,
1283 4178 1373 4243 aaut]

240 4256 353 4304 deretur:
370 4256 468 4318 etquod
476 4256 598 4304 maximei
646 4266 799 4317 mqueatum
831 4256 884 4304 Scit
899 4254 1024 4320 teoptimi
1040 4254 1123 4305 meriti
1139 4264 1238 4313 easaet
1252 4266 1320 4317 quam
1334 4248 1373 4296 fre·

240 4319 370 4385 putaverit,
379 4320 470 4384 populo
480 4335 579 4384 semper
588 4270 692 4384 pitiucers.
716 4320 746 4367 Ε.
831 4332 934 4385 quanter
961 4320 1051 4395 populo
1078 4319 1210 4385 placuerit:
1244 4328 1270 4369 et
1297 4316 1373 4385 idcutv

272 4386 312 4433 to.
332 4386 393 4432 Mea
409 4385 557 4448 assimilati]
575 4384 640 4439 Quia
653 4387 706 4446 jam
722 4400 799 4434 senex
830 4396 931 4449 propter
941 4400 968 4435 se
979 4377 1371 4435 mcitmuiantiamsmomudw

239 4458 284 4499 est.
317 4451 378 4499 Mea
393 4453 528 4499 ιιιιιιιίιιιᾶ
538 4448 635 4512 samri:
650 4450 798 4513 finitisque
831 4450 943 4501 dandam.
966 4449 1098 4514 (Reliquus
1121 4449 1258 4517 Eugrsphii
1277 4448 1301 4499 iu
1321 4446 1371 4495 btflt
