2834 4759
225 191 309 254 lxviii
484 193 546 253 DE
568 191 748 254 METRIS
769 190 1111 252 TERENTIANIS.

227 319 358 382 Candide
371 321 464 401 magis
479 322 516 382 de
530 323 566 382 iis
583 321 698 402 judicat
719 322 940 382 venustissimus
954 323 985 380 in
999 323 1081 381 terrm
1097 319 1219 380 materis
1236 318 1386 397 scriptor,

226 402 417 463 Terentianus
432 402 565 475 Maurus,
579 423 609 484 p.
624 409 713 462 243³.

470 496 602 568 Cidpatur
613 505 704 552 autern
715 513 809 552 versus
820 497 849 551 in
861 497 1004 568 hayoediir,

470 567 508 626 Bt
519 585 594 622 rarus
605 568 687 622 intrat
699 586 732 622 ex
743 567 839 622 iambis
850 567 976 623 omnibus
987 590 994 622 ι

473 637 514 692 Ut
524 639 569 694 ille
581 649 684 704 contre,
698 638 746 710 qui
756 638 875 694 mundo
887 649 914 693 et
924 639 1024 694 talibus

471 707 618 779 Spondeon
629 717 676 764 aut
688 727 769 781 quem
781 726 933 780 comparem
945 709 1082 780 receperit.

471 779 525 835 Sed
537 780 583 852 qui
594 779 729 850 pedestres
737 779 841 836 fabulas
853 797 927 834 socco
939 787 1075 850 premunt,

474 847 512 904 Ut
524 867 584 922 quae
594 851 622 905 lo
641 858 744 906 uuutur
755 860 845 905 sumta
855 849 889 905 ds
899 850 955 904 vita
966 859 1056 920 putes,

469 919 573 975 lhtiant
585 921 638 975 iam
658 939 695 975 on
706 921 837 976 tractibus
848 921 1009 992 spondaicis,

469 989 506 1045 Et
515 991 543 1045 in
555 990 673 1046 seeundo
685 1001 713 1046 st
724 991 827 1046 caeteris
839 1008 914 1063 reque
925 992 1010 1046 locis:

471 1060 616 1134 iidemque
628 1061 697 1116 fictis
709 1062 775 1117 dum
786 1071 932 1134 procurant
943 1061 1053 1126 sabulis,

470 1131 504 1186 ln
516 1141 601 1187 metra
612 1141 732 1203 peccant,
746 1141 813 1198 arte,
826 1150 883 1188 uon
893 1132 1015 1188 inscitia:

471 1201 498 1256 N
500 1220 515 1257 e
527 1204 580 1258 sint
592 1220 690 1258 sonora
701 1203 783 1258 verba
794 1202 1006 1268 consuetudinis,
1049 1243 1053 1252 .

470 1271 583 1328 Paulum
603 1291 637 1328 ue
648 1291 741 1328 rursus
753 1292 770 1327 a
783 1274 879 1328 solutis
892 1273 1023 1328 differant.

473 1341 563 1414 Magis
576 1345 582 1356 '
631 1345 733 1398 nostri:
753 1362 817 1398 nam
828 1344 884 1399 iere
895 1342 997 1399 Graecis
1008 1352 1089 1399 tenax

469 1413 543 1468 Cura
554 1423 594 1469 est
606 1414 697 1479 iambi,
711 1415 754 1469 vel
765 1415 879 1470 novellis
891 1415 1011 1481 comicie,

470 1482 522 1540 Vel
533 1486 580 1558 qui
591 1495 697 1540 vetrists
707 1486 854 1557 prteclusnt
865 1485 1003 1541 comoedia

200 1632 203 1638 ·
225 1588 374 1650 Caeterum
394 1590 474 1668 quod
492 1591 523 1651 in
542 1591 674 1670 utrisque
695 1591 843 1669 vituperat
862 1590 993 1661 Flaccus,
1014 1601 1046 1650 et
1063 1591 1094 1648 in
1113 1588 1231 1648 comicis
1252 1600 1383 1650 excusat

226 1671 361 1742 Maurus,
375 1672 433 1731 hoc
447 1683 509 1731 est:
531 1672 610 1748 quod
623 1673 654 1731 in
669 1671 787 1731 sedibus
808 1672 938 1750 paribus,
953 1671 1082 1731 secunda
1095 1684 1125 1729 et
1139 1683 1243 1748 quarta
1256 1669 1383 1748 (nempe

225 1763 347 1829 uterque
370 1773 423 1832 per
447 1752 595 1831 dipodiam
619 1753 774 1812 iambicam
796 1752 964 1812 dimetitur:
986 1753 1017 1812 in
1038 1752 1150 1811 ratione
1168 1763 1273 1811 nostra
1293 1763 1382 1810 erunt

223 1832 371 1912 primast
394 1833 489 1904 tertia,
513 1833 603 1912 pedes
628 1833 740 1894 scilicet
761 1833 986 1893 ditrochaeorum
1010 1830 1135 1912 priores)
1153 1853 1211 1892 non
1229 1831 1381 1892 volubiles

225 1912 314 1991 pedes
328 1914 456 1973 iambum
471 1927 522 1974 aut
536 1915 713 1992 tribrachyn,
727 1935 766 1974 ex
780 1914 887 1993 rythmi
900 1914 966 1993 lege
980 1933 1014 1973 ac
1029 1912 1203 1972 Graecorum
1216 1912 1377 1992 exemplo;

225 1993 278 2054 sed
292 1994 390 2054 tardos
412 1995 557 2074 spondeos
579 1995 640 2054 sive
661 1995 733 2054 alios
748 1995 790 2054 eis
806 2000 959 2071 ι’σοχρόνουε
974 1993 1133 2054 intulerint.
1175 1994 1291 2056 Totum
1311 1993 1378 2060 hoc,

224 2094 283 2134 uno
302 2075 447 2155 exemplo,
466 2089 497 2135 et
520 2097 607 2136 sensu
628 2088 659 2134 et
680 2076 821 2135 memorie
841 2075 927 2136 facile
950 2076 1073 2136 tenebis.
1115 2073 1216 2138 Graeci
1237 2075 1281 2134 ad
1304 2074 1380 2134 hane

225 2155 350 2216 sormam
364 2157 394 2216 iu
407 2157 556 2230 iambicis;

468 2249 505 2306 Vi
514 2251 683 2308 commodari
697 2252 703 2327 Ι
719 2251 898 2319 cdmmodari,
912 2250 1062 2307 c6mmoda

223 2339 322 2401 Latini
335 2340 373 2400 ad
386 2341 482 2412 istam,
497 2363 556 2401 non
570 2362 693 2421 semper,
708 2342 762 2401 sed
776 2342 1007 2420 quotiescunque
1021 2340 1147 2412 vellent;

467 2433 504 2490 Vi
515 2435 700 2491 commendavi
715 2435 722 2508 Ι
737 2433 924 2491 c6mmsndari
938 2434 943 2507 Ι
958 2435 1109 2494 commoda

225 2539 316 2600 Vides
337 2538 438 2600 mendo
459 2541 621 2620 spondeum
646 2541 692 2602 bis
717 2541 845 2620 positum
865 2561 920 2622 pro
943 2543 1041 2602 iambo
1064 2541 1166 2600 moda:
1195 2553 1375 2619 postremam

225 2621 325 2681 sedem
339 2620 448 2681 violare
462 2642 610 2700 nunquam
625 2635 692 2682 sunt
705 2623 778 2682 ausi.
820 2623 904 2682 Idem
917 2635 948 2682 et
961 2624 990 2681 in
1005 2621 1158 2683 trochaicis
1172 2621 1309 2682 obtinet:

296 2731 399 2786 Greci:
447 2729 626 2787 Commodavi
677 2730 847 2789 commodavi
897 2731 1068 2788 commodavi
1118 2731 1271 2788 commode.

294 2802 404 2856 Latiari:
451 2800 645 2858 Commendavi
658 2736 664 2868 i
678 2802 865 2858 commendavi
878 2731 884 2865 i
897 2802 1086 2858 commendari
1099 2733 1105 2865 Ι
1118 2801 1270 2857 commoda.

227 2905 262 2966 In
274 2906 320 2966 his
335 2907 467 2985 pedibus,
482 2920 607 2986 excepto
621 2905 733 2978 ultimo,
749 2929 804 2988 pro
816 2909 955 2968 brevibus
971 2907 1067 2988 longa
1081 2907 1201 2986 syllabae
1215 2907 1374 2968 adsumun-

227 3000 292 3048 tur:
314 2987 393 3066 quod
410 3001 515 3057 tamen,
529 2989 641 3066 opinor,
655 2987 741 3048 celeri
763 2990 1001 3069 pronunciatione
1018 2991 1144 3069 juvabat
1161 3003 1192 3047 et
1208 2988 1374 3048 occultabat

225 3082 316 3138 actor,
331 3089 367 3128 ne
381 3069 443 3146 ipse
457 3089 475 3127 a
489 3069 607 3128 tibicine
620 3070 769 3147 rythmum
783 3069 922 3130 Graecum
936 3085 1069 3130 servante
1084 3070 1273 3148 discreparet.

267 3149 358 3216 Quod
382 3149 418 3208 ad
444 3149 552 3208 crimen
578 3163 676 3210 autem
702 3149 759 3210 hoc
784 3152 905 3222 attinet3
936 3151 1053 3230 tragicis
1080 3151 1199 3228 quidem
1226 3148 1372 3209 veteribus

226 3231 321 3289 minor
334 3242 379 3290 est
392 3231 551 3301 excusatio,
566 3251 618 3290 cur
637 3251 697 3290 uon
718 3231 756 3290 ad
776 3232 847 3291 artis
868 3232 983 3310 regulas
1000 3253 1102 3291 versus
1118 3252 1187 3291 suos
1201 3229 1370 3310 exegerint3

227 3331 294 3371 curn
309 3325 371 3372 toto
392 3310 458 3369 stilo
477 3324 507 3370 et
521 3311 617 3371 colore
635 3333 653 3370 a
670 3313 817 3371 communi
837 3332 970 3372 sermone
991 3313 1120 3380 discreti,
1132 3333 1209 3371 nova
1230 3314 1320 3371 verba
1339 3325 1372 3366 ac

228 3389 440 3471 sesquipedalia
458 3411 512 3470 pro
529 3392 622 3451 lubito
641 3391 788 3452 finxerint.
831 3393 994 3472 Fugiebsnt
1009 3392 1120 3453 scilicet
1131 3393 1210 3451 limas
1223 3392 1369 3456 laborem3

228 3474 345 3542 certise
360 3473 389 3531 in
404 3493 436 3531 re
450 3486 517 3531 aute
531 3473 683 3552 inexperta
696 3487 727 3532 et
741 3474 819 3553 apud
832 3495 916 3533 aures
931 3487 994 3533 tum
1008 3475 1138 3533 indoctas
1151 3475 1268 3533 reniam
1282 3473 1371 3548 irnpe-

228 3566 366 3612 traturos.
408 3552 518 3612 Melius
539 3573 609 3613 vero
630 3575 663 3613 ac
683 3555 783 3614 mitius
804 3555 841 3614 de
862 3555 980 3614 comicis
999 3568 1043 3615 est
1064 3555 1258 3614 sentiendum.
1300 3551 1370 3610 Pro·

227 3636 304 3695 fecto
319 3635 474 3693 Terentius
489 3648 596 3704 noster,
611 3635 635 3694 si
654 3636 808 3713 quisquam
821 3634 904 3705 alius,
920 3637 949 3694 in
969 3638 1039 3696 artis
1052 3634 1132 3715 leges
1147 3648 1210 3695 erte
1222 3631 1368 3714 peccavit3

228 3715 335 3786 studio,
351 3735 409 3774 non
429 3715 607 3794 ignorantia3
631 3718 803 3776 necessitate
817 3715 864 3775 vel
882 3716 984 3776 saltem
999 3716 1204 3777 commoditate
1218 3717 1367 3778 inductus;

227 3809 258 3855 et
272 3796 472 3874 qualecunque
486 3796 558 3855 illud
572 3796 671 3856 delicti
684 3810 738 3866 est,
753 3797 864 3876 magnis
880 3799 1038 3857 virtutibus
1051 3798 1247 3857 redemturus·
1272 3796 1369 3854 Sermo

227 3877 303 3937 enim
323 3898 358 3937 ea
378 3877 415 3936 de
436 3897 524 3936 causa
544 3879 663 3956 propius
685 3879 764 3956 apud
781 3893 914 3938 nostrum
935 3878 973 3936 ad
989 3879 1231 3938 consuetudinem
1251 3871 1367 3936 accedit,

228 3979 315 4036 quarn
339 3957 417 4037 apud
437 3956 650 4017 Menandrum:
673 3960 767 4019 oratio
788 3959 867 4038 apud
888 3979 980 4018 unum
1000 3960 1037 4018 de
1056 3959 1153 4018 medio
1168 3972 1264 4017 sumta
1279 3957 1368 4029 deque

227 4039 288 4098 vita
300 4039 501 4099 honestiorum
514 4039 639 4108 civium;
663 4059 765 4098 versus
778 4041 897 4098 minime
911 4041 984 4110 cavi,
999 4039 1052 4099 sed
1070 4041 1168 4099 verbis
1182 4040 1368 4111 sensibusque

228 4121 334 4257 spissi:
358 4119 437 4198 apud
458 4119 591 4191 alterum,
613 4120 684 4179 dum
707 4134 802 4179 metro
825 4121 936 4179 servire
961 4135 1079 4181 coactus
1104 4135 1157 4192 est,
1179 4121 1263 4180 stilus
1286 4112 1367 4196 paul⁰

227 4201 340 4270 satior,
365 4213 397 4259 et
420 4201 571 4260 sententiae
599 4201 759 4260 dilutiores.
813 4201 899 4260 Adde
922 4202 989 4272 huc,
1013 4214 1205 4262 consonantes
1226 4202 1257 4260 in
1276 4200 1368 4274 lingua

226 4280 332 4340 Latina
344 4301 398 4359 pro
412 4279 556 4340 vocalium
570 4301 690 4341 numero
705 4283 917 4360 frequentiores
928 4303 1002 4353 esse,
1017 4303 1104 4360 quarn
1119 4284 1149 4341 in
1163 4282 1280 4342 Attica:
1297 4272 1366 4337 adde

226 4361 324 4421 omnia
345 4361 424 4440 apud
444 4363 565 4422 Latinos
589 4363 742 4433 vocabula,
761 4362 968 4442 monosyllabis
991 4365 1134 4424 duntaxat
1151 4362 1291 4442 exceptis,
1307 4371 1365 4445 este

227 4441 392 4522 Berytoua;
414 4442 523 4520 deque
539 4463 570 4504 re
588 4463 659 4504 mox
676 4443 762 4522 plura
779 4443 893 4516 dicam;
916 4457 946 4504 et
959 4445 1042 4505 facile
1056 4445 1240 4524 pronuncies,
1254 4442 1365 4502 minora
