2834 4759
124 840 392 933 PUBLII
438 842 824 931 TERENTII
867 844 1041 932 AFRI

278 1056 727 1124 caununomfflums
751 1058 882 1125 vina.

314 1417 476 1485 ’Auctore
498 1418 588 1485 AElio
611 1419 745 1485 Donato
760 1420 803 1487 V.
817 1420 856 1487 C.

49 1510 144 1581 Prruos
162 1520 319 1581 Terentius
340 1522 424 1591 Aser,
445 1522 620 1600 Carthagine
639 1536 734 1594 natus,
755 1524 877 1583 servivit
895 1524 1001 1585 Romae
1017 1526 1157 1587 Terentio

49 1595 130 1661 Larino
141 1605 286 1673 tenatori3
309 1624 328 1661 a
341 1623 400 1680 qno
414 1605 453 1663 ob
474 1604 619 1681 ingenium
634 1604 811 1675 errorum,
825 1624 884 1663 non
902 1606 1053 1666 institutus
1069 1608 1158 1668 modo

49 1678 172 1755 liberdum,
187 1685 240 1745 sed
254 1697 286 1744 et
298 1699 412 1743 mature
427 1685 619 1743 manumissus
633 1698 688 1743 est.
722 1684 852 1751 Quidam
867 1698 985 1764 captum
999 1708 1064 1747 esse
1077 1690 1157 1753 exis·

47 1762 130 1834 tineam
150 1765 227 1842 quod
242 1766 308 1824 lieri
323 1765 404 1824 nullo
417 1764 505 1823 modo
518 1766 658 1843 potuisse,
674 1764 837 1825 Fenestella
851 1765 956 1826 docet:
977 1786 1068 1846 quum
1082 1771 1158 1829 inter

46 1841 107 1902 finem
117 1846 228 1905 mnndi
242 1846 314 1906 belli
330 1844 442 1915 Punici,
457 1858 487 1905 et
500 1846 612 1904 initium
627 1846 706 1906 tertii
720 1861 806 1906 natus
821 1849 869 1917 sit,
884 1860 915 1905 et
928 1862 1081 1909 mortuus:
1101 1868 1157 1910 nec

44 1924 212 1985 riaNumidis
232 1942 286 1986 aut
307 1924 424 1985 Getulis
445 1940 547 2003 captus
567 1928 613 1995 sit,
636 1926 673 1985 ad
693 1927 799 1987 ducem
820 1927 984 1987 Romanum
1006 1932 1158 2007 pervenire

45 2007 161 2079 mutet,
182 2007 264 2067 nullo
284 2008 460 2067 commercio
480 2008 553 2066 inter
575 2006 692 2067 Italicos
713 2024 744 2067 et
765 2008 864 2077 Afros,
880 2008 935 2067 nisi
952 2024 1020 2089 post
1031 2010 1159 2071 deletam

45 2084 223 2166 &uliginem
238 2102 349 2167 coepto.
385 2086 445 2147 Hic
458 2108 524 2147 cum
538 2088 637 2147 multis
651 2087 800 2149 nobilibus
814 2088 995 2149 familiariter
1008 2093 1093 2159 visit.
1106 2090 1159 2151 sed
1278 2100 1289 2121 ¹

43 2168 138 2227 nerine
155 2188 217 2228 curn
239 2170 378 2247 Scipione
399 2169 548 2235 Africano,
569 2182 599 2227 et
618 2167 652 2227 C.
670 2168 780 2229 Laelio:
802 2170 910 2248 quibua
922 2173 1012 2230 etiam
1026 2174 1159 2251 corporis

43 2249 110 2321 gratia
121 2249 285 2309 conciliatus
298 2250 494 2309 existimatur.
529 2248 620 2315 Quod
634 2263 665 2309 et
678 2250 774 2327 ipsum
791 2249 954 2310 Fenestella
967 2254 1072 2329 arguit,
1088 2272 1159 2312 con·

43 2328 136 2388 tendens
154 2346 277 2409 utroque
299 2330 439 2409 majorem
460 2346 529 2389 nutu
547 2330 648 2390 fuisse.
684 2329 828 2396 Quamvis
843 2345 874 2390 et
887 2330 1043 2392 Cornelius
1058 2332 1159 2411 Nepos

43 2408 141 2550 equplaees
159 2432 257 2471 omnes
279 2410 371 2470 fuisse
390 2410 492 2481 trudat¹
508 2424 539 2469 et
553 2410 674 2471 Porcius
688 2412 883 2491 suspicionem
896 2412 934 2471 de
948 2413 1159 2473 consuetudine

43 2504 81 2561 ptr
130 2493 261 2552 esaeiat:

151 2585 239 2641 'Dum
250 2586 391 2641 lasciviam
402 2586 534 2641 nobilium
546 2594 573 2641 et
585 2584 692 2641 iucosas
702 2585 796 2641 laudes
807 2586 892 2669 petit:

151 2656 223 2712 Dum
235 2658 360 2712 Africani
371 2661 454 2711 ¹voce
465 2654 555 2711 divina
567 2656 652 2711 inhiat
664 2656 750 2711 avidis
761 2658 886 2711 auribus:

151 2726 223 2783 Dum
235 2728 271 2783 ad
283 2728 395 2782 Furium
408 2745 436 2781 ae
448 2728 573 2782 coeuitsre
585 2738 612 2782 et
623 2726 748 2791 laelium,
761 2727 906 2797 pulchram
916 2736 1010 2797 putat:

152 2796 224 2853 Dum
235 2816 265 2853 se
277 2798 363 2853 amari
374 2797 409 2851 ab
420 2798 493 2853 hisce
505 2796 600 2863 credit,
613 2797 708 2851 crebro
720 2799 749 2852 in
760 2795 898 2852 Albanam
911 2800 982 2869 ⁴rapi

152 2868 208 2924 ιΟὔ
220 2870 316 2925 florem
328 2868 499 2923 euticiae:
520 2869 595 2939 ipsus
607 2868 721 2923 sublatis
733 2868 814 2923 rebus
824 2868 860 2923 ad
871 2886 1005 2923 summam

154 2938 274 3011 Inopiam
287 2938 411 2994 redactus
423 2946 471 2993 est.

154 3008 245 3081 ltaque
257 3028 272 3065 e
283 3015 432 3079 conspectu
444 3009 564 3063 omnium
577 3008 643 3063 abiit
654 3006 683 3062 in
695 3006 838 3074 Greciam,
851 3008 991 3063 interram
1001 3009 1134 3067 ultimam.

154 3078 279 3135 Mortuus
292 3089 333 3134 est
344 3081 374 3134 in
386 3078 554 3149 Stymphale,
568 3078 690 3134 Arcadiae
702 3078 819 3149 oppido:
838 3078 907 3133 nihil
918 3079 1031 3136 Publius

154 3148 240 3221 Scipio
253 3151 366 3222 profuit,
380 3150 447 3204 nihil
460 3150 484 3204 ei
496 3149 603 3214 Laelius,
617 3149 684 3204 nihil
697 3148 811 3213 Furius3

153 3218 216 3275 Tres
229 3240 276 3292 per
288 3222 359 3277 idem
370 3228 478 3290 tempus
491 3221 536 3291 qui
548 3220 683 3289 agitabant
695 3218 799 3274 nobiles
811 3218 944 3275 facillime.

154 3290 253 3347 Boram
265 3294 311 3347 ille
323 3308 404 3361 opera
415 3308 450 3345 no
461 3290 573 3345 domum
585 3290 693 3362 quidem
704 3288 800 3344 habuit
811 3290 1022 3346 conductitiam:

156 3360 251 3417 Saltem
264 3372 296 3417 nt
307 3372 387 3428 cenet,
400 3379 456 3433 quo
468 3358 578 3415 referret
589 3362 695 3416 obitum
706 3360 810 3415 domini
821 3362 952 3417 aemulus.

50 3439 143 3521 Scripsit
159 3452 315 3511 comoedias
336 3472 412 3509 sex:
444 3470 481 3509 ex
503 3452 609 3528 quibus
630 3452 753 3528 primam
775 3448 917 3508 Andriam
937 3470 1003 3509 oum
1026 3450 1163 3511 edilibus

50 3520 118 3594 dmi
127 3528 217 3607 jussus
231 3546 300 3591 ante
313 3530 426 3591 ‘Caerio
440 3532 571 3591 recitare.
603 3530 652 3589 Ad
666 3542 829 3589 coenantem
841 3550 907 3589 cum
919 3532 1054 3600 venisset,
1067 3533 1163 3592 dictus

52 3618 89 3689 Ψ,
103 3608 201 3671 initium
222 3614 341 3693 quidem
357 3611 475 3680 fabulae,
494 3612 575 3689 quod
595 3622 657 3669 erat
676 3610 866 3670 contemtiore
888 3612 1005 3679 vestitu,
1024 3613 1164 3673 subsellio

50 3700 113 3757 Juxta
126 3689 255 3753 lectulum
271 3693 403 3754 residens
416 3693 539 3771 legisse:
559 3705 628 3771 post
640 3712 750 3770 paucos
764 3711 835 3752 vero
849 3712 951 3751 versus
966 3692 1116 3763 invitatus,
1131 3708 1165 3753 ut

79 3844 130 3897 ¹llii
147 3852 204 3902 lune
224 3854 299 3903 sitam
321 3853 433 3903 tribuant
455 3852 573 3901 Suetonio
605 3850 911 3901 serendumcssevidetar.
932 3851 960 3901 Z.

55 3902 166 3975 Trrnquissa
184 3918 301 3969 &terum
312 3934 372 3982 quas
383 3918 423 3967 hic
433 3917 526 3966 additas
536 3917 572 3964 vi·
637 3916 718 3978 ‘liupr'
738 3926 776 3963 est
796 3916 872 3964 rheda
889 3925 933 3965 aut
948 3932 1011 3980 qun
1026 3917 1090 3967 vehi.
1112 3918 1166 3968 -Sie

55 3968 90 4027 4⁸,
102 3976 163 4029 loetsr
176 3984 296 4060 benevole,
310 3984 406 4032 notulas
417 3982 478 4059 Tau.
492 3980 571 4039 Fabri,
606 3980 693 4029 Horat
712 3979 821 4061 Semini
837 3982 860 4029 ὅ.
878 3980 990 4059 'Quataor
1000 3984 1053 4031 dise
1063 3988 1166 4045 rapimur

55 4048 222 4173 wli}
229 4046 572 4178 ssgaildffiieriorec
605 4048 918 4173 wliudtetimsgqisiiri'din
927 4046 1026 4159 {carpum
1035 4112 1166 4172 western,

56 4178 109 4241 Μ
118 4176 223 4245 tonniis,
240 4192 265 4227 st
280 4178 334 4235 slis,
350 4193 405 4241 quse
423 4176 573 4225 tenuioribus
605 4174 667 4224 duee
684 4176 771 4232 Fabro,
787 4174 814 4223 in
831 4190 907 4223 unum
922 4187 1072 4225 contractum
1089 4179 1167 4229 edidit

59 4226 228 4304 Quane
242 4244 378 4308 denegarat
406 4241 450 4291 sed
472 4241 573 4290 summis
605 4240 659 4289 sic:
689 4243 814 4300 Others
829 4242 907 4289 οωὶε
921 4257 986 4289 ssae:
1011 4245 1043 4290 od
1057 4259 1166 4292 musas·

59 4305 106 4353 Ἧι
113 4302 147 4362 qni
155 4304 250 4371 dquti
260 4308 359 4373 ingenio
371 4306 422 4357 sint
432 4306 536 4373 prediti,
548 4315 574 4354 et
605 4308 703 4367 impias·
714 4308 821 4379 redactas
831 4312 873 4353 est.
895 4304 924 4354 Z.

60 4371 242 4499 ιαξξῑῐῆῑίῑῦιὲιᾷῑῶεῑ
253 4370 554 4496 tenemutofsa.
638 4368 916 4484 ‘Futfhfflffoezoe
930 4368 1007 4419 edidit
1023 4372 1123 4429 ΰαάἱίο,
1139 4382 1168 4423 ot

231 4454 302 4489 msa
431 4451 469 4501 qu
510 4450 572 4501 pne·
605 4450 653 4500 pau
664 4450 678 4483 o
690 4450 735 4499 pos
899 4468 906 4482 .
