<?xml version="1.0" encoding="UTF-8"?>
<!DOCTYPE html PUBLIC "-//W3C//DTD XHTML 1.0 Transitional//EN"
    "http://www.w3.org/TR/xhtml1/DTD/xhtml1-transitional.dtd">
<html xmlns="http://www.w3.org/1999/xhtml" xml:lang="en" lang="en">
 <head>
  <title>
</title>
<meta http-equiv="Content-Type" content="text/html;charset=utf-8" />
  <meta name='ocr-system' content='tesseract 3.04.00' />
  <meta name='ocr-capabilities' content='ocr_page ocr_carea ocr_par ocr_line ocrx_word'/>
</head>
<body>
  <div class='ocr_page' id='page_1' title='image "./publiiterentiic01lindgoog_0067.png"; bbox 0 0 2834 4759; ppageno 0'>
   <div class='ocr_carea' id='block_1_1' title="bbox 251 192 1106 257">
    <p class='ocr_par' dir='ltr' id='par_1_1' title="bbox 251 192 1106 257">
     <span class='ocr_line' id='line_1_1' title="bbox 251 192 1106 257; baseline -0.001 0"><span class='ocrx_word' id='word_1_1' title='bbox 251 196 304 257; x_wconf 80' lang='lat' dir='ltr'><strong>xlii</strong></span> <span class='ocrx_word' id='word_1_2' title='bbox 547 192 733 256; x_wconf 78' lang='lat' dir='ltr'>VICTOR</span> <span class='ocrx_word' id='word_1_3' title='bbox 760 192 823 255; x_wconf 79' lang='lat' dir='ltr'><strong>DE</strong></span> <span class='ocrx_word' id='word_1_4' title='bbox 849 193 1106 256; x_wconf 78' lang='lat' dir='ltr'><strong>COMOEDIA.</strong></span> 
     </span>
    </p>
   </div>
   <div class='ocr_carea' id='block_1_2' title="bbox 237 324 1402 4525">
    <p class='ocr_par' dir='ltr' id='par_1_2' title="bbox 252 324 1390 789">
     <span class='ocr_line' id='line_1_2' title="bbox 253 324 1388 405; baseline -0.003 -20"><span class='ocrx_word' id='word_1_5' title='bbox 253 326 372 386; x_wconf 86' lang='lat' dir='ltr'><strong>debant.</strong></span> <span class='ocrx_word' id='word_1_6' title='bbox 415 324 526 385; x_wconf 88' lang='lat' dir='ltr'><strong>Verum</strong></span> <span class='ocrx_word' id='word_1_7' title='bbox 546 324 613 385; x_wconf 82' lang='lat' dir='ltr'><strong>hoec</strong></span> <span class='ocrx_word' id='word_1_8' title='bbox 634 325 772 385; x_wconf 85' lang='lat' dir='ltr'><strong>universa</strong></span> <span class='ocrx_word' id='word_1_9' title='bbox 792 325 874 384; x_wconf 89' lang='lat' dir='ltr'><strong>nihili</strong></span> <span class='ocrx_word' id='word_1_10' title='bbox 895 346 1101 405; x_wconf 86' lang='lat' dir='ltr'><strong>nonuunquam</strong></span> <span class='ocrx_word' id='word_1_11' title='bbox 1119 338 1212 396; x_wconf 87' lang='lat' dir='ltr'><strong>erant,</strong></span> <span class='ocrx_word' id='word_1_12' title='bbox 1224 324 1279 384; x_wconf 89' lang='lat' dir='ltr'><strong>nisi</strong></span> <span class='ocrx_word' id='word_1_13' title='bbox 1296 342 1388 383; x_wconf 81' lang='lat' dir='ltr'><strong>rocem</strong></span> 
     </span>
     <span class='ocr_line' id='line_1_3' title="bbox 252 406 1388 486; baseline -0.003 -20"><span class='ocrx_word' id='word_1_14' title='bbox 252 408 410 467; x_wconf 76' lang='lat' dir='ltr'><strong>histriones</strong></span> <span class='ocrx_word' id='word_1_15' title='bbox 422 406 543 485; x_wconf 88' lang='lat' dir='ltr'><strong>singulis</strong></span> <span class='ocrx_word' id='word_1_16' title='bbox 557 406 758 465; x_wconf 73' lang='lat' dir='ltr'><strong>adhibuissent</strong></span> <span class='ocrx_word' id='word_1_17' title='bbox 770 407 1038 467; x_wconf 85' lang='lat' dir='ltr'><strong>accommodatam:</strong></span> <span class='ocrx_word' id='word_1_18' title='bbox 1059 406 1292 486; x_wconf 87' lang='lat' dir='ltr'><strong>quandoquidem</strong></span> <span class='ocrx_word' id='word_1_19' title='bbox 1305 407 1388 463; x_wconf 88' lang='lat' dir='ltr'><strong>omnis</strong></span> 
     </span>
     <span class='ocr_line' id='line_1_4' title="bbox 255 486 1388 567; baseline -0.004 -20"><span class='ocrx_word' id='word_1_20' title='bbox 255 486 414 548; x_wconf 90' lang='lat' dir='ltr'><strong>oblectatio</strong></span> <span class='ocrx_word' id='word_1_21' title='bbox 441 486 594 546; x_wconf 80' lang='lat' dir='ltr'><strong>comoedias</strong></span> <span class='ocrx_word' id='word_1_22' title='bbox 620 487 832 567; x_wconf 63' lang='lat' dir='ltr'><strong>propemodum</strong></span> <span class='ocrx_word' id='word_1_23' title='bbox 857 488 888 547; x_wconf 91' lang='lat' dir='ltr'><strong>in</strong></span> <span class='ocrx_word' id='word_1_24' title='bbox 914 489 1027 547; x_wconf 85' lang='lat' dir='ltr'><strong>actione</strong></span> <span class='ocrx_word' id='word_1_25' title='bbox 1054 488 1198 547; x_wconf 72' lang='lat' dir='ltr'><strong>consistit.</strong></span> <span class='ocrx_word' id='word_1_26' title='bbox 1250 486 1388 545; x_wconf 81' lang='lat' dir='ltr'><strong>Hactenus</strong></span> 
     </span>
     <span class='ocr_line' id='line_1_5' title="bbox 253 565 1388 647; baseline -0.004 -19"><span class='ocrx_word' id='word_1_27' title='bbox 253 580 353 629; x_wconf 84' lang='lat' dir='ltr'><strong>sutem</strong></span> <span class='ocrx_word' id='word_1_28' title='bbox 374 588 441 645; x_wconf 81' lang='lat' dir='ltr'><strong>quae</strong></span> <span class='ocrx_word' id='word_1_29' title='bbox 462 567 599 637; x_wconf 86' lang='lat' dir='ltr'><strong>diximus,</strong></span> <span class='ocrx_word' id='word_1_30' title='bbox 614 569 691 627; x_wconf 91' lang='lat' dir='ltr'><strong>bono</strong></span> <span class='ocrx_word' id='word_1_31' title='bbox 705 568 801 627; x_wconf 84' lang='lat' dir='ltr'><strong>omine</strong></span> <span class='ocrx_word' id='word_1_32' title='bbox 821 568 996 647; x_wconf 82' lang='lat' dir='ltr'><strong>procedant:</strong></span> <span class='ocrx_word' id='word_1_33' title='bbox 1017 588 1053 627; x_wconf 89' lang='lat' dir='ltr'><strong>ne</strong></span> <span class='ocrx_word' id='word_1_34' title='bbox 1066 569 1149 646; x_wconf 90' lang='lat' dir='ltr'><strong>(licet</strong></span> <span class='ocrx_word' id='word_1_35' title='bbox 1167 569 1235 627; x_wconf 88' lang='lat' dir='ltr'><strong>huic</strong></span> <span class='ocrx_word' id='word_1_36' title='bbox 1251 566 1347 626; x_wconf 89' lang='lat' dir='ltr'><strong>libello</strong></span> <span class='ocrx_word' id='word_1_37' title='bbox 1357 565 1388 623; x_wconf 92' lang='lat' dir='ltr'><strong>de</strong></span> 
     </span>
     <span class='ocr_line' id='line_1_6' title="bbox 254 646 1390 788; baseline -0.003 -80"><span class='ocrx_word' id='word_1_38' title='bbox 254 649 404 788; x_wconf 56' lang='lat' dir='ltr'><strong>perplerplis</strong></span> <span class='ocrx_word' id='word_1_39' title='bbox 418 648 492 708; x_wconf 84' lang='lat' dir='ltr'><strong>adeo</strong></span> <span class='ocrx_word' id='word_1_40' title='bbox 502 649 713 727; x_wconf 72' lang='lat' dir='ltr'><strong>quaestionibus</strong></span> <span class='ocrx_word' id='word_1_41' title='bbox 727 650 910 728; x_wconf 90' lang='lat' dir='ltr'><strong>propositum</strong></span> <span class='ocrx_word' id='word_1_42' title='bbox 921 670 980 708; x_wconf 91' lang='lat' dir='ltr'><strong>non</strong></span> <span class='ocrx_word' id='word_1_43' title='bbox 993 651 1031 709; x_wconf 91' lang='lat' dir='ltr'><strong>sit</strong></span> <span class='ocrx_word' id='word_1_44' title='bbox 1044 647 1207 727; x_wconf 89' lang='lat' dir='ltr'><strong>disputare)</strong></span> <span class='ocrx_word' id='word_1_45' title='bbox 1217 648 1301 707; x_wconf 88' lang='lat' dir='ltr'><strong>nimis</strong></span> <span class='ocrx_word' id='word_1_46' title='bbox 1310 646 1390 705; x_wconf 86' lang='lat' dir='ltr'><strong>multa</strong></span> 
     </span>
     <span class='ocr_line' id='line_1_7' title="bbox 255 743 498 789; baseline -0.008 0"><span class='ocrx_word' id='word_1_47' title='bbox 255 750 321 789; x_wconf 91' lang='lat' dir='ltr'><strong>esse</strong></span> <span class='ocrx_word' id='word_1_48' title='bbox 334 749 364 787; x_wconf 84' lang='lat' dir='ltr'><strong>vr</strong></span> <span class='ocrx_word' id='word_1_49' title='bbox 385 743 498 789; x_wconf 86' lang='lat' dir='ltr'><strong>eantur.</strong></span> 
     </span>
    </p>

    <p class='ocr_par' dir='ltr' id='par_1_3' title="bbox 237 808 1402 4525">
     <span class='ocr_line' id='line_1_8' title="bbox 295 808 1390 889; baseline -0.004 -20"><span class='ocrx_word' id='word_1_50' title='bbox 295 811 325 869; x_wconf 92' lang='lat' dir='ltr'><strong>Si</strong></span> <span class='ocrx_word' id='word_1_51' title='bbox 341 810 473 869; x_wconf 81' lang='lat' dir='ltr'><strong>funditus</strong></span> <span class='ocrx_word' id='word_1_52' title='bbox 493 809 608 869; x_wconf 84' lang='lat' dir='ltr'><strong>Latinae</strong></span> <span class='ocrx_word' id='word_1_53' title='bbox 630 809 783 869; x_wconf 73' lang='lat' dir='ltr'><strong>comoediae</strong></span> <span class='ocrx_word' id='word_1_54' title='bbox 803 831 920 888; x_wconf 75' lang='lat' dir='ltr'><strong>quaeras</strong></span> <span class='ocrx_word' id='word_1_55' title='bbox 940 812 1105 889; x_wconf 79' lang='lat' dir='ltr'><strong>perspicere</strong></span> <span class='ocrx_word' id='word_1_56' title='bbox 1125 809 1334 870; x_wconf 88' lang='lat' dir='ltr'><strong>conditionem:</strong></span> <span class='ocrx_word' id='word_1_57' title='bbox 1353 808 1390 865; x_wconf 91' lang='lat' dir='ltr'><strong>in·</strong></span> 
     </span>
     <span class='ocr_line' id='line_1_9' title="bbox 255 888 1391 971; baseline -0.005 -20"><span class='ocrx_word' id='word_1_58' title='bbox 255 890 356 970; x_wconf 88' lang='lat' dir='ltr'><strong>primis</strong></span> <span class='ocrx_word' id='word_1_59' title='bbox 371 892 434 969; x_wconf 88' lang='lat' dir='ltr'><strong>ejus</strong></span> <span class='ocrx_word' id='word_1_60' title='bbox 447 892 589 970; x_wconf 83' lang='lat' dir='ltr'><strong>originem</strong></span> <span class='ocrx_word' id='word_1_61' title='bbox 611 912 664 969; x_wconf 90' lang='lat' dir='ltr'><strong>par</strong></span> <span class='ocrx_word' id='word_1_62' title='bbox 678 911 742 949; x_wconf 90' lang='lat' dir='ltr'><strong>esse</strong></span> <span class='ocrx_word' id='word_1_63' title='bbox 760 892 887 951; x_wconf 75' lang='lat' dir='ltr'><strong>arbitror</strong></span> <span class='ocrx_word' id='word_1_64' title='bbox 905 912 963 950; x_wconf 90' lang='lat' dir='ltr'><strong>non</strong></span> <span class='ocrx_word' id='word_1_65' title='bbox 982 893 1135 971; x_wconf 87' lang='lat' dir='ltr'><strong>ignorare:</strong></span> <span class='ocrx_word' id='word_1_66' title='bbox 1158 892 1268 970; x_wconf 88' lang='lat' dir='ltr'><strong>quippe</strong></span> <span class='ocrx_word' id='word_1_67' title='bbox 1281 910 1345 948; x_wconf 88' lang='lat' dir='ltr'><strong>cum</strong></span> <span class='ocrx_word' id='word_1_68' title='bbox 1359 888 1391 945; x_wconf 88' lang='lat' dir='ltr'><strong>ad</strong></span> 
     </span>
     <span class='ocr_line' id='line_1_10' title="bbox 256 969 1391 1050; baseline -0.005 -17"><span class='ocrx_word' id='word_1_69' title='bbox 256 992 310 1033; x_wconf 92' lang='lat' dir='ltr'><strong>nos</strong></span> <span class='ocrx_word' id='word_1_70' title='bbox 325 992 341 1031; x_wconf 90' lang='lat' dir='ltr'><strong>e</strong></span> <span class='ocrx_word' id='word_1_71' title='bbox 356 971 464 1031; x_wconf 80' lang='lat' dir='ltr'><strong>Graeco</strong></span> <span class='ocrx_word' id='word_1_72' title='bbox 477 973 557 1031; x_wconf 83' lang='lat' dir='ltr'><strong>fonte</strong></span> <span class='ocrx_word' id='word_1_73' title='bbox 576 971 779 1050; x_wconf 82' lang='lat' dir='ltr'><strong>derivataper</strong></span> <span class='ocrx_word' id='word_1_74' title='bbox 792 971 912 1031; x_wconf 84' lang='lat' dir='ltr'><strong>Latinos</strong></span> <span class='ocrx_word' id='word_1_75' title='bbox 930 974 1014 1049; x_wconf 90' lang='lat' dir='ltr'><strong>quasi</strong></span> <span class='ocrx_word' id='word_1_76' title='bbox 1028 973 1163 1031; x_wconf 79' lang='lat' dir='ltr'><strong>traduces</strong></span> <span class='ocrx_word' id='word_1_77' title='bbox 1176 970 1326 1030; x_wconf 82' lang='lat' dir='ltr'><strong>emanarit.</strong></span> <span class='ocrx_word' id='word_1_78' title='bbox 1362 969 1391 1027; x_wconf 92' lang='lat' dir='ltr'><strong>ln</strong></span> 
     </span>
     <span class='ocr_line' id='line_1_11' title="bbox 257 1052 1391 1131; baseline -0.004 -20"><span class='ocrx_word' id='word_1_79' title='bbox 257 1067 388 1113; x_wconf 86' lang='lat' dir='ltr'><strong>veterum</strong></span> <span class='ocrx_word' id='word_1_80' title='bbox 402 1054 501 1130; x_wconf 88' lang='lat' dir='ltr'><strong>itaque</strong></span> <span class='ocrx_word' id='word_1_81' title='bbox 516 1052 621 1111; x_wconf 86' lang='lat' dir='ltr'><strong>fabulis</strong></span> <span class='ocrx_word' id='word_1_82' title='bbox 639 1053 770 1130; x_wconf 88' lang='lat' dir='ltr'><strong>quinque</strong></span> <span class='ocrx_word' id='word_1_83' title='bbox 782 1054 938 1131; x_wconf 88' lang='lat' dir='ltr'><strong>perhibent</strong></span> <span class='ocrx_word' id='word_1_84' title='bbox 951 1074 1015 1112; x_wconf 89' lang='lat' dir='ltr'><strong>esse</strong></span> <span class='ocrx_word' id='word_1_85' title='bbox 1035 1052 1224 1121; x_wconf 84' lang='lat' dir='ltr'><strong>differentias,</strong></span> <span class='ocrx_word' id='word_1_86' title='bbox 1239 1065 1391 1129; x_wconf 88' lang='lat' dir='ltr'><strong>temporum</strong></span> 
     </span>
     <span class='ocr_line' id='line_1_12' title="bbox 256 1133 1392 1213; baseline -0.004 -20"><span class='ocrx_word' id='word_1_87' title='bbox 256 1133 377 1203; x_wconf 90' lang='lat' dir='ltr'><strong>scilicet,</strong></span> <span class='ocrx_word' id='word_1_88' title='bbox 393 1133 461 1203; x_wconf 91' lang='lat' dir='ltr'><strong>stili,</strong></span> <span class='ocrx_word' id='word_1_89' title='bbox 481 1134 622 1202; x_wconf 89' lang='lat' dir='ltr'><strong>materiae,</strong></span> <span class='ocrx_word' id='word_1_90' title='bbox 642 1152 839 1203; x_wconf 90' lang='lat' dir='ltr'><strong>numerorum,</strong></span> <span class='ocrx_word' id='word_1_91' title='bbox 853 1148 884 1193; x_wconf 92' lang='lat' dir='ltr'><strong>et</strong></span> <span class='ocrx_word' id='word_1_92' title='bbox 901 1147 1067 1213; x_wconf 87' lang='lat' dir='ltr'><strong>apparatus.</strong></span> <span class='ocrx_word' id='word_1_93' title='bbox 1109 1133 1205 1192; x_wconf 87' lang='lat' dir='ltr'><strong>Nobis</strong></span> <span class='ocrx_word' id='word_1_94' title='bbox 1223 1134 1312 1211; x_wconf 89' lang='lat' dir='ltr'><strong>igitur</strong></span> <span class='ocrx_word' id='word_1_95' title='bbox 1329 1144 1392 1188; x_wconf 78' lang='lat' dir='ltr'><strong>tem·</strong></span> 
     </span>
     <span class='ocr_line' id='line_1_13' title="bbox 255 1212 1392 1293; baseline -0.005 -19"><span class='ocrx_word' id='word_1_96' title='bbox 255 1234 329 1293; x_wconf 88' lang='lat' dir='ltr'><strong>pore</strong></span> <span class='ocrx_word' id='word_1_97' title='bbox 349 1214 609 1284; x_wconf 84' lang='lat' dir='ltr'><strong>considerantibus,</strong></span> <span class='ocrx_word' id='word_1_98' title='bbox 632 1215 688 1273; x_wconf 87' lang='lat' dir='ltr'><strong>tria</strong></span> <span class='ocrx_word' id='word_1_99' title='bbox 707 1214 917 1273; x_wconf 86' lang='lat' dir='ltr'><strong>comoediarum</strong></span> <span class='ocrx_word' id='word_1_100' title='bbox 941 1235 1048 1293; x_wconf 89' lang='lat' dir='ltr'><strong>genera</strong></span> <span class='ocrx_word' id='word_1_101' title='bbox 1068 1234 1133 1273; x_wconf 87' lang='lat' dir='ltr'><strong>sese</strong></span> <span class='ocrx_word' id='word_1_102' title='bbox 1154 1214 1284 1272; x_wconf 80' lang='lat' dir='ltr'><strong>offerunt</strong></span> <span class='ocrx_word' id='word_1_103' title='bbox 1301 1212 1392 1270; x_wconf 88' lang='lat' dir='ltr'><strong>distin·</strong></span> 
     </span>
     <span class='ocr_line' id='line_1_14' title="bbox 255 1293 1391 1374; baseline -0.004 -20"><span class='ocrx_word' id='word_1_104' title='bbox 255 1295 381 1374; x_wconf 86' lang='lat' dir='ltr'><strong>guends.</strong></span> <span class='ocrx_word' id='word_1_105' title='bbox 423 1294 554 1354; x_wconf 90' lang='lat' dir='ltr'><strong>Primum</strong></span> <span class='ocrx_word' id='word_1_106' title='bbox 568 1296 645 1353; x_wconf 90' lang='lat' dir='ltr'><strong>enim</strong></span> <span class='ocrx_word' id='word_1_107' title='bbox 659 1306 713 1364; x_wconf 90' lang='lat' dir='ltr'><strong>est,</strong></span> <span class='ocrx_word' id='word_1_108' title='bbox 727 1296 807 1372; x_wconf 90' lang='lat' dir='ltr'><strong>quod</strong></span> <span class='ocrx_word' id='word_1_109' title='bbox 820 1316 958 1354; x_wconf 89' lang='lat' dir='ltr'><strong>unacum</strong></span> <span class='ocrx_word' id='word_1_110' title='bbox 978 1295 1259 1373; x_wconf 87' lang='lat' dir='ltr'><strong>Peloponnesiorum</strong></span> <span class='ocrx_word' id='word_1_111' title='bbox 1272 1293 1391 1371; x_wconf 88' lang='lat' dir='ltr'><strong>imperio,</strong></span> 
     </span>
     <span class='ocr_line' id='line_1_15' title="bbox 256 1374 1393 1452; baseline -0.004 -17"><span class='ocrx_word' id='word_1_112' title='bbox 256 1376 423 1446; x_wconf 89' lang='lat' dir='ltr'><strong>Susarione,</strong></span> <span class='ocrx_word' id='word_1_113' title='bbox 443 1375 490 1435; x_wconf 83' lang='lat' dir='ltr'><strong>vel</strong></span> <span class='ocrx_word' id='word_1_114' title='bbox 511 1375 683 1434; x_wconf 86' lang='lat' dir='ltr'><strong>Sannirione</strong></span> <span class='ocrx_word' id='word_1_115' title='bbox 704 1376 804 1434; x_wconf 87' lang='lat' dir='ltr'><strong>floruit</strong></span> <span class='ocrx_word' id='word_1_116' title='bbox 822 1376 983 1450; x_wconf 85' lang='lat' dir='ltr'><strong>inventore.</strong></span> <span class='ocrx_word' id='word_1_117' title='bbox 1025 1376 1171 1445; x_wconf 87' lang='lat' dir='ltr'><strong>Alterum,</strong></span> <span class='ocrx_word' id='word_1_118' title='bbox 1192 1376 1273 1452; x_wconf 91' lang='lat' dir='ltr'><strong>quod</strong></span> <span class='ocrx_word' id='word_1_119' title='bbox 1293 1377 1328 1433; x_wconf 90' lang='lat' dir='ltr'><strong>ab</strong></span> <span class='ocrx_word' id='word_1_120' title='bbox 1347 1374 1393 1430; x_wconf 88' lang='lat' dir='ltr'><strong>im·</strong></span> 
     </span>
     <span class='ocr_line' id='line_1_16' title="bbox 254 1454 1392 1535; baseline -0.004 -19"><span class='ocrx_word' id='word_1_121' title='bbox 254 1457 359 1535; x_wconf 90' lang='lat' dir='ltr'><strong>positis</strong></span> <span class='ocrx_word' id='word_1_122' title='bbox 373 1476 425 1535; x_wconf 91' lang='lat' dir='ltr'><strong>per</strong></span> <span class='ocrx_word' id='word_1_123' title='bbox 440 1456 678 1515; x_wconf 82' lang='lat' dir='ltr'><strong>Lacaedemonios</strong></span> <span class='ocrx_word' id='word_1_124' title='bbox 688 1457 911 1516; x_wconf 80' lang='lat' dir='ltr'><strong>Atheniensium</strong></span> <span class='ocrx_word' id='word_1_125' title='bbox 925 1458 1098 1528; x_wconf 86' lang='lat' dir='ltr'><strong>cervicibus,</strong></span> <span class='ocrx_word' id='word_1_126' title='bbox 1109 1457 1229 1535; x_wconf 84' lang='lat' dir='ltr'><strong>triginta</strong></span> <span class='ocrx_word' id='word_1_127' title='bbox 1239 1456 1321 1534; x_wconf 86' lang='lat' dir='ltr'><strong>quasi</strong></span> <span class='ocrx_word' id='word_1_128' title='bbox 1329 1454 1392 1533; x_wconf 84' lang='lat' dir='ltr'><strong>jugo</strong></span> 
     </span>
     <span class='ocr_line' id='line_1_17' title="bbox 255 1534 1393 1616; baseline -0.004 -20"><span class='ocrx_word' id='word_1_129' title='bbox 255 1538 384 1615; x_wconf 85' lang='lat' dir='ltr'><strong>tyrannis</strong></span> <span class='ocrx_word' id='word_1_130' title='bbox 404 1535 441 1596; x_wconf 88' lang='lat' dir='ltr'><strong>ad</strong></span> <span class='ocrx_word' id='word_1_131' title='bbox 459 1550 576 1596; x_wconf 79' lang='lat' dir='ltr'><strong>aetatem</strong></span> <span class='ocrx_word' id='word_1_132' title='bbox 597 1558 691 1614; x_wconf 89' lang='lat' dir='ltr'><strong>usque</strong></span> <span class='ocrx_word' id='word_1_133' title='bbox 713 1537 841 1616; x_wconf 92' lang='lat' dir='ltr'><strong>Philippi</strong></span> <span class='ocrx_word' id='word_1_134' title='bbox 856 1537 1028 1597; x_wconf 91' lang='lat' dir='ltr'><strong>Macedonis</strong></span> <span class='ocrx_word' id='word_1_135' title='bbox 1042 1551 1088 1596; x_wconf 88' lang='lat' dir='ltr'><strong>est</strong></span> <span class='ocrx_word' id='word_1_136' title='bbox 1106 1550 1310 1616; x_wconf 88' lang='lat' dir='ltr'><strong>propagatum,</strong></span> <span class='ocrx_word' id='word_1_137' title='bbox 1323 1534 1393 1592; x_wconf 86' lang='lat' dir='ltr'><strong>vide-</strong></span> 
     </span>
     <span class='ocr_line' id='line_1_18' title="bbox 255 1617 1392 1697; baseline -0.002 -21"><span class='ocrx_word' id='word_1_138' title='bbox 255 1617 325 1677; x_wconf 91' lang='lat' dir='ltr'><strong>licet</strong></span> <span class='ocrx_word' id='word_1_139' title='bbox 336 1638 389 1697; x_wconf 89' lang='lat' dir='ltr'><strong>per</strong></span> <span class='ocrx_word' id='word_1_140' title='bbox 407 1638 496 1676; x_wconf 86' lang='lat' dir='ltr'><strong>annos</strong></span> <span class='ocrx_word' id='word_1_141' title='bbox 512 1618 627 1676; x_wconf 88' lang='lat' dir='ltr'><strong>circiter</strong></span> <span class='ocrx_word' id='word_1_142' title='bbox 645 1620 810 1696; x_wconf 84' lang='lat' dir='ltr'><strong>sexaginta.</strong></span> <span class='ocrx_word' id='word_1_143' title='bbox 852 1619 995 1689; x_wconf 87' lang='lat' dir='ltr'><strong>Tertium,</strong></span> <span class='ocrx_word' id='word_1_144' title='bbox 1008 1618 1087 1696; x_wconf 90' lang='lat' dir='ltr'><strong>quod</strong></span> <span class='ocrx_word' id='word_1_145' title='bbox 1101 1621 1138 1677; x_wconf 88' lang='lat' dir='ltr'><strong>ab</strong></span> <span class='ocrx_word' id='word_1_146' title='bbox 1154 1618 1317 1677; x_wconf 82' lang='lat' dir='ltr'><strong>Alexandri</strong></span> <span class='ocrx_word' id='word_1_147' title='bbox 1330 1631 1392 1674; x_wconf 86' lang='lat' dir='ltr'><strong>tem·</strong></span> 
     </span>
     <span class='ocr_line' id='line_1_19' title="bbox 255 1697 1393 1778; baseline -0.003 -21"><span class='ocrx_word' id='word_1_148' title='bbox 255 1700 376 1777; x_wconf 92' lang='lat' dir='ltr'><strong>poribus</strong></span> <span class='ocrx_word' id='word_1_149' title='bbox 390 1698 464 1757; x_wconf 91' lang='lat' dir='ltr'><strong>adeo</strong></span> <span class='ocrx_word' id='word_1_150' title='bbox 479 1698 608 1757; x_wconf 87' lang='lat' dir='ltr'><strong>faustum</strong></span> <span class='ocrx_word' id='word_1_151' title='bbox 626 1700 731 1757; x_wconf 86' lang='lat' dir='ltr'><strong>sumsit</strong></span> <span class='ocrx_word' id='word_1_152' title='bbox 744 1699 869 1769; x_wconf 89' lang='lat' dir='ltr'><strong>initium,</strong></span> <span class='ocrx_word' id='word_1_153' title='bbox 883 1711 917 1758; x_wconf 91' lang='lat' dir='ltr'><strong>ut</strong></span> <span class='ocrx_word' id='word_1_154' title='bbox 929 1700 1017 1759; x_wconf 89' lang='lat' dir='ltr'><strong>etiam</strong></span> <span class='ocrx_word' id='word_1_155' title='bbox 1031 1720 1049 1758; x_wconf 93' lang='lat' dir='ltr'><strong>a</strong></span> <span class='ocrx_word' id='word_1_156' title='bbox 1068 1698 1180 1757; x_wconf 89' lang='lat' dir='ltr'><strong>Latinis</strong></span> <span class='ocrx_word' id='word_1_157' title='bbox 1197 1699 1229 1757; x_wconf 90' lang='lat' dir='ltr'><strong>in</strong></span> <span class='ocrx_word' id='word_1_158' title='bbox 1248 1697 1393 1778; x_wconf 81' lang='lat' dir='ltr'><strong>praesentit</strong></span> 
     </span>
     <span class='ocr_line' id='line_1_20' title="bbox 256 1778 1394 1858; baseline -0.002 -21"><span class='ocrx_word' id='word_1_159' title='bbox 256 1778 430 1839; x_wconf 85' lang='lat' dir='ltr'><strong>celebretur.</strong></span> <span class='ocrx_word' id='word_1_160' title='bbox 484 1779 684 1838; x_wconf 88' lang='lat' dir='ltr'><strong>Veruntamen</strong></span> <span class='ocrx_word' id='word_1_161' title='bbox 712 1799 768 1858; x_wconf 90' lang='lat' dir='ltr'><strong>ego</strong></span> <span class='ocrx_word' id='word_1_162' title='bbox 795 1779 970 1839; x_wconf 87' lang='lat' dir='ltr'><strong>comoediam</strong></span> <span class='ocrx_word' id='word_1_163' title='bbox 996 1779 1138 1840; x_wconf 74' lang='lat' dir='ltr'><strong>Graecum</strong></span> <span class='ocrx_word' id='word_1_164' title='bbox 1163 1798 1229 1838; x_wconf 86' lang='lat' dir='ltr'><strong>esse</strong></span> <span class='ocrx_word' id='word_1_165' title='bbox 1256 1780 1394 1838; x_wconf 83' lang='lat' dir='ltr'><strong>inventam</strong></span> 
     </span>
     <span class='ocr_line' id='line_1_21' title="bbox 254 1860 1394 1939; baseline -0.004 -20"><span class='ocrx_word' id='word_1_166' title='bbox 254 1860 373 1919; x_wconf 86' lang='lat' dir='ltr'><strong>minime</strong></span> <span class='ocrx_word' id='word_1_167' title='bbox 387 1860 530 1919; x_wconf 88' lang='lat' dir='ltr'><strong>arbitror:</strong></span> <span class='ocrx_word' id='word_1_168' title='bbox 551 1880 644 1936; x_wconf 91' lang='lat' dir='ltr'><strong>neque</strong></span> <span class='ocrx_word' id='word_1_169' title='bbox 658 1860 706 1936; x_wconf 91' lang='lat' dir='ltr'><strong>(ut</strong></span> <span class='ocrx_word' id='word_1_170' title='bbox 719 1860 849 1919; x_wconf 91' lang='lat' dir='ltr'><strong>Thomas</strong></span> <span class='ocrx_word' id='word_1_171' title='bbox 865 1860 1020 1939; x_wconf 80' lang='lat' dir='ltr'><strong>Magister,</strong></span> <span class='ocrx_word' id='word_1_172' title='bbox 1032 1874 1062 1919; x_wconf 91' lang='lat' dir='ltr'><strong>et</strong></span> <span class='ocrx_word' id='word_1_173' title='bbox 1075 1880 1143 1919; x_wconf 89' lang='lat' dir='ltr'><strong>eum</strong></span> <span class='ocrx_word' id='word_1_174' title='bbox 1155 1861 1259 1930; x_wconf 91' lang='lat' dir='ltr'><strong>secuti,</strong></span> <span class='ocrx_word' id='word_1_175' title='bbox 1272 1860 1394 1918; x_wconf 85' lang='lat' dir='ltr'><strong>videntur</strong></span> 
     </span>
     <span class='ocr_line' id='line_1_22' title="bbox 255 1940 1391 2019; baseline -0.003 -21"><span class='ocrx_word' id='word_1_176' title='bbox 255 1940 415 2016; x_wconf 75' lang='lat' dir='ltr'><strong>aestimare)</strong></span> <span class='ocrx_word' id='word_1_177' title='bbox 429 1942 466 1999; x_wconf 90' lang='lat' dir='ltr'><strong>ab</strong></span> <span class='ocrx_word' id='word_1_178' title='bbox 480 1940 615 2018; x_wconf 86' lang='lat' dir='ltr'><strong>agricolis</strong></span> <span class='ocrx_word' id='word_1_179' title='bbox 629 1940 737 1999; x_wconf 87' lang='lat' dir='ltr'><strong>civium</strong></span> <span class='ocrx_word' id='word_1_180' title='bbox 753 1940 874 2019; x_wconf 89' lang='lat' dir='ltr'><strong>injurias</strong></span> <span class='ocrx_word' id='word_1_181' title='bbox 889 1942 1133 2019; x_wconf 89' lang='lat' dir='ltr'><strong>conquerentibus</strong></span> <span class='ocrx_word' id='word_1_182' title='bbox 1147 1961 1211 1999; x_wconf 88' lang='lat' dir='ltr'><strong>esse</strong></span> <span class='ocrx_word' id='word_1_183' title='bbox 1231 1940 1391 2000; x_wconf 83' lang='lat' dir='ltr'><strong>derivatam</strong></span> 
     </span>
     <span class='ocr_line' id='line_1_23' title="bbox 256 2018 1393 2100; baseline -0.004 -21"><span class='ocrx_word' id='word_1_184' title='bbox 256 2018 325 2080; x_wconf 94' lang='lat' dir='ltr'><strong>Hoc</strong></span> <span class='ocrx_word' id='word_1_185' title='bbox 339 2041 443 2099; x_wconf 90' lang='lat' dir='ltr'><strong>nempe</strong></span> <span class='ocrx_word' id='word_1_186' title='bbox 457 2040 574 2080; x_wconf 87' lang='lat' dir='ltr'><strong>causam</strong></span> <span class='ocrx_word' id='word_1_187' title='bbox 586 2021 760 2099; x_wconf 86' lang='lat' dir='ltr'><strong>asperitatis,</strong></span> <span class='ocrx_word' id='word_1_188' title='bbox 772 2034 802 2080; x_wconf 90' lang='lat' dir='ltr'><strong>et</strong></span> <span class='ocrx_word' id='word_1_189' title='bbox 811 2022 978 2100; x_wconf 88' lang='lat' dir='ltr'><strong>jurgiorum</strong></span> <span class='ocrx_word' id='word_1_190' title='bbox 992 2023 1021 2081; x_wconf 92' lang='lat' dir='ltr'><strong>in</strong></span> <span class='ocrx_word' id='word_1_191' title='bbox 1032 2022 1124 2081; x_wconf 82' lang='lat' dir='ltr'><strong>veteri</strong></span> <span class='ocrx_word' id='word_1_192' title='bbox 1136 2021 1283 2081; x_wconf 87' lang='lat' dir='ltr'><strong>comoedia</strong></span> <span class='ocrx_word' id='word_1_193' title='bbox 1292 2020 1393 2080; x_wconf 88' lang='lat' dir='ltr'><strong>reddit:</strong></span> 
     </span>
     <span class='ocr_line' id='line_1_24' title="bbox 256 2101 1393 2181; baseline -0.001 -22"><span class='ocrx_word' id='word_1_194' title='bbox 256 2122 345 2177; x_wconf 88' lang='lat' dir='ltr'><strong>quam</strong></span> <span class='ocrx_word' id='word_1_195' title='bbox 358 2122 428 2161; x_wconf 87' lang='lat' dir='ltr'><strong>mox</strong></span> <span class='ocrx_word' id='word_1_196' title='bbox 443 2101 498 2179; x_wconf 92' lang='lat' dir='ltr'><strong>ipsi</strong></span> <span class='ocrx_word' id='word_1_197' title='bbox 511 2102 596 2179; x_wconf 91' lang='lat' dir='ltr'><strong>longe</strong></span> <span class='ocrx_word' id='word_1_198' title='bbox 610 2102 695 2160; x_wconf 86' lang='lat' dir='ltr'><strong>aliam</strong></span> <span class='ocrx_word' id='word_1_199' title='bbox 710 2122 773 2161; x_wconf 88' lang='lat' dir='ltr'><strong>esse</strong></span> <span class='ocrx_word' id='word_1_200' title='bbox 788 2103 977 2162; x_wconf 87' lang='lat' dir='ltr'><strong>docebimus:</strong></span> <span class='ocrx_word' id='word_1_201' title='bbox 998 2122 1093 2181; x_wconf 89' lang='lat' dir='ltr'><strong>neque</strong></span> <span class='ocrx_word' id='word_1_202' title='bbox 1108 2103 1223 2161; x_wconf 83' lang='lat' dir='ltr'><strong>videtur</strong></span> <span class='ocrx_word' id='word_1_203' title='bbox 1240 2103 1393 2179; x_wconf 86' lang='lat' dir='ltr'><strong>quicquam,</strong></span> 
     </span>
     <span class='ocr_line' id='line_1_25' title="bbox 255 2182 1394 2261; baseline -0.004 -20"><span class='ocrx_word' id='word_1_204' title='bbox 255 2196 289 2241; x_wconf 90' lang='lat' dir='ltr'><strong>ut</strong></span> <span class='ocrx_word' id='word_1_205' title='bbox 309 2203 385 2252; x_wconf 91' lang='lat' dir='ltr'><strong>reor,</strong></span> <span class='ocrx_word' id='word_1_206' title='bbox 405 2182 442 2241; x_wconf 87' lang='lat' dir='ltr'><strong>ad</strong></span> <span class='ocrx_word' id='word_1_207' title='bbox 455 2182 608 2241; x_wconf 83' lang='lat' dir='ltr'><strong>comoediee</strong></span> <span class='ocrx_word' id='word_1_208' title='bbox 629 2182 790 2261; x_wconf 89' lang='lat' dir='ltr'><strong>primordie</strong></span> <span class='ocrx_word' id='word_1_209' title='bbox 809 2184 973 2260; x_wconf 89' lang='lat' dir='ltr'><strong>pertinere:</strong></span> <span class='ocrx_word' id='word_1_210' title='bbox 995 2183 1132 2261; x_wconf 84' lang='lat' dir='ltr'><strong>quoniam</strong></span> <span class='ocrx_word' id='word_1_211' title='bbox 1150 2182 1300 2261; x_wconf 87' lang='lat' dir='ltr'><strong>Orpheus,</strong></span> <span class='ocrx_word' id='word_1_212' title='bbox 1320 2200 1394 2258; x_wconf 87' lang='lat' dir='ltr'><strong>quem</strong></span> 
     </span>
     <span class='ocr_line' id='line_1_26' title="bbox 256 2262 1394 2343; baseline -0.004 -20"><span class='ocrx_word' id='word_1_213' title='bbox 256 2275 372 2323; x_wconf 85' lang='lat' dir='ltr'><strong>constat</strong></span> <span class='ocrx_word' id='word_1_214' title='bbox 385 2283 437 2341; x_wconf 87' lang='lat' dir='ltr'><strong>per</strong></span> <span class='ocrx_word' id='word_1_215' title='bbox 452 2276 567 2323; x_wconf 91' lang='lat' dir='ltr'><strong>centum</strong></span> <span class='ocrx_word' id='word_1_216' title='bbox 582 2263 706 2342; x_wconf 89' lang='lat' dir='ltr'><strong>amplius</strong></span> <span class='ocrx_word' id='word_1_217' title='bbox 720 2284 810 2323; x_wconf 90' lang='lat' dir='ltr'><strong>annos</strong></span> <span class='ocrx_word' id='word_1_218' title='bbox 831 2278 899 2324; x_wconf 86' lang='lat' dir='ltr'><strong>ante</strong></span> <span class='ocrx_word' id='word_1_219' title='bbox 916 2264 1038 2343; x_wconf 89' lang='lat' dir='ltr'><strong>Trojani</strong></span> <span class='ocrx_word' id='word_1_220' title='bbox 1056 2262 1126 2322; x_wconf 85' lang='lat' dir='ltr'><strong>belli</strong></span> <span class='ocrx_word' id='word_1_221' title='bbox 1139 2276 1276 2340; x_wconf 86' lang='lat' dir='ltr'><strong>tempora</strong></span> <span class='ocrx_word' id='word_1_222' title='bbox 1287 2264 1394 2328; x_wconf 83' lang='lat' dir='ltr'><strong>vixisse,</strong></span> 
     </span>
     <span class='ocr_line' id='line_1_27' title="bbox 256 2342 1396 2425; baseline -0.005 -21"><span class='ocrx_word' id='word_1_223' title='bbox 256 2347 312 2405; x_wconf 90' lang='lat' dir='ltr'><strong>sub</strong></span> <span class='ocrx_word' id='word_1_224' title='bbox 325 2344 525 2403; x_wconf 88' lang='lat' dir='ltr'><strong>Laomedonte</strong></span> <span class='ocrx_word' id='word_1_225' title='bbox 539 2343 658 2413; x_wconf 90' lang='lat' dir='ltr'><strong>scilicet,</strong></span> <span class='ocrx_word' id='word_1_226' title='bbox 671 2364 704 2403; x_wconf 92' lang='lat' dir='ltr'><strong>ac</strong></span> <span class='ocrx_word' id='word_1_227' title='bbox 721 2345 844 2403; x_wconf 82' lang='lat' dir='ltr'><strong>Athenis</strong></span> <span class='ocrx_word' id='word_1_228' title='bbox 856 2345 950 2423; x_wconf 88' lang='lat' dir='ltr'><strong>AEgeo</strong></span> <span class='ocrx_word' id='word_1_229' title='bbox 962 2346 1133 2425; x_wconf 89' lang='lat' dir='ltr'><strong>imperante,</strong></span> <span class='ocrx_word' id='word_1_230' title='bbox 1147 2344 1256 2403; x_wconf 86' lang='lat' dir='ltr'><strong>Bacchi</strong></span> <span class='ocrx_word' id='word_1_231' title='bbox 1269 2342 1396 2421; x_wconf 85' lang='lat' dir='ltr'><strong>mysteria</strong></span> 
     </span>
     <span class='ocr_line' id='line_1_28' title="bbox 257 2423 1394 2503; baseline -0.004 -20"><span class='ocrx_word' id='word_1_232' title='bbox 257 2426 295 2485; x_wconf 85' lang='lat' dir='ltr'><strong>ab</strong></span> <span class='ocrx_word' id='word_1_233' title='bbox 316 2424 463 2503; x_wconf 84' lang='lat' dir='ltr'><strong>AEgyptiis</strong></span> <span class='ocrx_word' id='word_1_234' title='bbox 485 2424 589 2484; x_wconf 85' lang='lat' dir='ltr'><strong>tralata</strong></span> <span class='ocrx_word' id='word_1_235' title='bbox 610 2425 670 2483; x_wconf 89' lang='lat' dir='ltr'><strong>suis</strong></span> <span class='ocrx_word' id='word_1_236' title='bbox 693 2426 912 2485; x_wconf 89' lang='lat' dir='ltr'><strong>Thracensibus</strong></span> <span class='ocrx_word' id='word_1_237' title='bbox 934 2426 1084 2485; x_wconf 81' lang='lat' dir='ltr'><strong>indicarit.</strong></span> <span class='ocrx_word' id='word_1_238' title='bbox 1124 2423 1218 2501; x_wconf 85' lang='lat' dir='ltr'><strong>Atqui</strong></span> <span class='ocrx_word' id='word_1_239' title='bbox 1242 2424 1394 2491; x_wconf 79' lang='lat' dir='ltr'><strong>comoedia,</strong></span> 
     </span>
     <span class='ocr_line' id='line_1_29' title="bbox 256 2504 1396 2583; baseline -0.004 -18"><span class='ocrx_word' id='word_1_240' title='bbox 256 2505 501 2583; x_wconf 87' lang='lat' dir='ltr'><strong>quemadmodum</strong></span> <span class='ocrx_word' id='word_1_241' title='bbox 521 2505 596 2564; x_wconf 91' lang='lat' dir='ltr'><strong>idem</strong></span> <span class='ocrx_word' id='word_1_242' title='bbox 612 2506 715 2565; x_wconf 85' lang='lat' dir='ltr'><strong>asserit</strong></span> <span class='ocrx_word' id='word_1_243' title='bbox 735 2505 874 2574; x_wconf 89' lang='lat' dir='ltr'><strong>Thomas,</strong></span> <span class='ocrx_word' id='word_1_244' title='bbox 889 2506 967 2565; x_wconf 87' lang='lat' dir='ltr'><strong>veris</strong></span> <span class='ocrx_word' id='word_1_245' title='bbox 982 2519 1040 2565; x_wconf 88' lang='lat' dir='ltr'><strong>tem</strong></span> <span class='ocrx_word' id='word_1_246' title='bbox 1082 2526 1114 2565; x_wconf 89' lang='lat' dir='ltr'><strong>re</strong></span> <span class='ocrx_word' id='word_1_247' title='bbox 1128 2506 1158 2564; x_wconf 91' lang='lat' dir='ltr'><strong>in</strong></span> <span class='ocrx_word' id='word_1_248' title='bbox 1176 2504 1396 2566; x_wconf 86' lang='lat' dir='ltr'><strong>Bacchanalibus</strong></span> 
     </span>
     <span class='ocr_line' id='line_1_30' title="bbox 255 2584 1397 2665; baseline -0.005 -20"><span class='ocrx_word' id='word_1_249' title='bbox 255 2589 425 2665; x_wconf 88' lang='lat' dir='ltr'><strong>agebantur.</strong></span> <span class='ocrx_word' id='word_1_250' title='bbox 468 2584 555 2645; x_wconf 88' lang='lat' dir='ltr'><strong>Unde</strong></span> <span class='ocrx_word' id='word_1_251' title='bbox 578 2586 664 2645; x_wconf 89' lang='lat' dir='ltr'><strong>etiarn</strong></span> <span class='ocrx_word' id='word_1_252' title='bbox 690 2585 769 2664; x_wconf 91' lang='lat' dir='ltr'><strong>apud</strong></span> <span class='ocrx_word' id='word_1_253' title='bbox 794 2586 942 2646; x_wconf 86' lang='lat' dir='ltr'><strong>Romanos</strong></span> <span class='ocrx_word' id='word_1_254' title='bbox 966 2607 1017 2646; x_wconf 89' lang='lat' dir='ltr'><strong>ara</strong></span> <span class='ocrx_word' id='word_1_255' title='bbox 1066 2589 1148 2647; x_wconf 88' lang='lat' dir='ltr'><strong>ibero</strong></span> <span class='ocrx_word' id='word_1_256' title='bbox 1170 2588 1249 2665; x_wconf 88' lang='lat' dir='ltr'><strong>patri</strong></span> <span class='ocrx_word' id='word_1_257' title='bbox 1273 2606 1353 2645; x_wconf 86' lang='lat' dir='ltr'><strong>sacra</strong></span> <span class='ocrx_word' id='word_1_258' title='bbox 1372 2584 1397 2639; x_wconf 89' lang='lat' dir='ltr'><strong>in</strong></span> 
     </span>
     <span class='ocr_line' id='line_1_31' title="bbox 257 2666 1397 2745; baseline -0.004 -18"><span class='ocrx_word' id='word_1_259' title='bbox 257 2666 364 2727; x_wconf 89' lang='lat' dir='ltr'><strong>dextro</strong></span> <span class='ocrx_word' id='word_1_260' title='bbox 383 2666 474 2725; x_wconf 92' lang='lat' dir='ltr'><strong>latere</strong></span> <span class='ocrx_word' id='word_1_261' title='bbox 496 2687 599 2737; x_wconf 87' lang='lat' dir='ltr'><strong>scenae,</strong></span> <span class='ocrx_word' id='word_1_262' title='bbox 621 2667 867 2745; x_wconf 88' lang='lat' dir='ltr'><strong>quemadmodum</strong></span> <span class='ocrx_word' id='word_1_263' title='bbox 888 2669 930 2726; x_wconf 90' lang='lat' dir='ltr'><strong>ait</strong></span> <span class='ocrx_word' id='word_1_264' title='bbox 949 2667 1094 2735; x_wconf 87' lang='lat' dir='ltr'><strong>Donatus,</strong></span> <span class='ocrx_word' id='word_1_265' title='bbox 1117 2667 1166 2727; x_wconf 78' lang='lat' dir='ltr'><strong>rel</strong></span> <span class='ocrx_word' id='word_1_266' title='bbox 1188 2668 1353 2735; x_wconf 74' lang='lat' dir='ltr'><strong>orchestra,</strong></span> <span class='ocrx_word' id='word_1_267' title='bbox 1370 2674 1397 2721; x_wconf 87' lang='lat' dir='ltr'><strong>ut</strong></span> 
     </span>
     <span class='ocr_line' id='line_1_32' title="bbox 256 2743 1398 2827; baseline -0.004 -22"><span class='ocrx_word' id='word_1_268' title='bbox 256 2746 374 2817; x_wconf 86' lang='lat' dir='ltr'><strong>Pollux,</strong></span> <span class='ocrx_word' id='word_1_269' title='bbox 392 2767 506 2825; x_wconf 90' lang='lat' dir='ltr'><strong>semper</strong></span> <span class='ocrx_word' id='word_1_270' title='bbox 520 2749 694 2826; x_wconf 87' lang='lat' dir='ltr'><strong>erigebatur,</strong></span> <span class='ocrx_word' id='word_1_271' title='bbox 710 2748 790 2825; x_wconf 90' lang='lat' dir='ltr'><strong>quod</strong></span> <span class='ocrx_word' id='word_1_272' title='bbox 803 2749 963 2807; x_wconf 83' lang='lat' dir='ltr'><strong>maximum</strong></span> <span class='ocrx_word' id='word_1_273' title='bbox 978 2762 1024 2807; x_wconf 90' lang='lat' dir='ltr'><strong>est</strong></span> <span class='ocrx_word' id='word_1_274' title='bbox 1041 2761 1256 2827; x_wconf 87' lang='lat' dir='ltr'><strong>argumentum,</strong></span> <span class='ocrx_word' id='word_1_275' title='bbox 1271 2770 1289 2807; x_wconf 91' lang='lat' dir='ltr'><strong>a</strong></span> <span class='ocrx_word' id='word_1_276' title='bbox 1303 2743 1398 2805; x_wconf 88' lang='lat' dir='ltr'><strong>Bacchi</strong></span> 
     </span>
     <span class='ocr_line' id='line_1_33' title="bbox 256 2826 1397 2909; baseline -0.004 -20"><span class='ocrx_word' id='word_1_277' title='bbox 256 2829 403 2907; x_wconf 88' lang='lat' dir='ltr'><strong>mysteriis</strong></span> <span class='ocrx_word' id='word_1_278' title='bbox 415 2848 499 2886; x_wconf 90' lang='lat' dir='ltr'><strong>omne</strong></span> <span class='ocrx_word' id='word_1_279' title='bbox 510 2828 672 2909; x_wconf 80' lang='lat' dir='ltr'><strong>fabularum</strong></span> <span class='ocrx_word' id='word_1_280' title='bbox 685 2848 778 2906; x_wconf 87' lang='lat' dir='ltr'><strong>genus</strong></span> <span class='ocrx_word' id='word_1_281' title='bbox 788 2848 853 2888; x_wconf 90' lang='lat' dir='ltr'><strong>esse</strong></span> <span class='ocrx_word' id='word_1_282' title='bbox 866 2830 1061 2908; x_wconf 89' lang='lat' dir='ltr'><strong>depromtum.</strong></span> <span class='ocrx_word' id='word_1_283' title='bbox 1096 2831 1132 2890; x_wconf 86' lang='lat' dir='ltr'><strong>id</strong></span> <span class='ocrx_word' id='word_1_284' title='bbox 1146 2830 1292 2889; x_wconf 88' lang='lat' dir='ltr'><strong>Horatius</strong></span> <span class='ocrx_word' id='word_1_285' title='bbox 1305 2826 1397 2893; x_wconf 83' lang='lat' dir='ltr'><strong>innuit,</strong></span> 
     </span>
     <span class='ocr_line' id='line_1_34' title="bbox 258 2910 1399 2990; baseline -0.003 -23"><span class='ocrx_word' id='word_1_286' title='bbox 258 2928 350 2987; x_wconf 90' lang='lat' dir='ltr'><strong>quum</strong></span> <span class='ocrx_word' id='word_1_287' title='bbox 372 2922 566 2987; x_wconf 86' lang='lat' dir='ltr'><strong>spectatorem</strong></span> <span class='ocrx_word' id='word_1_288' title='bbox 590 2922 620 2967; x_wconf 92' lang='lat' dir='ltr'><strong>et</strong></span> <span class='ocrx_word' id='word_1_289' title='bbox 646 2910 735 2968; x_wconf 88' lang='lat' dir='ltr'><strong>sacris</strong></span> <span class='ocrx_word' id='word_1_290' title='bbox 757 2910 899 2980; x_wconf 84' lang='lat' dir='ltr'><strong>functum,</strong></span> <span class='ocrx_word' id='word_1_291' title='bbox 923 2923 953 2969; x_wconf 89' lang='lat' dir='ltr'><strong>et</strong></span> <span class='ocrx_word' id='word_1_292' title='bbox 975 2924 1079 2989; x_wconf 90' lang='lat' dir='ltr'><strong>potum</strong></span> <span class='ocrx_word' id='word_1_293' title='bbox 1102 2910 1241 2990; x_wconf 86' lang='lat' dir='ltr'><strong>appellat.</strong></span> <span class='ocrx_word' id='word_1_294' title='bbox 1284 2911 1339 2969; x_wconf 89' lang='lat' dir='ltr'><strong>Par</strong></span> <span class='ocrx_word' id='word_1_295' title='bbox 1360 2918 1399 2964; x_wconf 86' lang='lat' dir='ltr'><strong>est</strong></span> 
     </span>
     <span class='ocr_line' id='line_1_35' title="bbox 258 2987 1399 3069; baseline -0.004 -22"><span class='ocrx_word' id='word_1_296' title='bbox 258 2989 266 3047; x_wconf 94' lang='lat' dir='ltr'><strong>i</strong></span> <span class='ocrx_word' id='word_1_297' title='bbox 290 2988 348 3048; x_wconf 90' lang='lat' dir='ltr'><strong>itur</strong></span> <span class='ocrx_word' id='word_1_298' title='bbox 366 2989 509 3057; x_wconf 84' lang='lat' dir='ltr'><strong>arbitrari,</strong></span> <span class='ocrx_word' id='word_1_299' title='bbox 524 2990 618 3069; x_wconf 87' lang='lat' dir='ltr'><strong>prima</strong></span> <span class='ocrx_word' id='word_1_300' title='bbox 632 2989 787 3049; x_wconf 81' lang='lat' dir='ltr'><strong>comoediae</strong></span> <span class='ocrx_word' id='word_1_301' title='bbox 800 2990 913 3050; x_wconf 87' lang='lat' dir='ltr'><strong>semina</strong></span> <span class='ocrx_word' id='word_1_302' title='bbox 930 3011 983 3069; x_wconf 87' lang='lat' dir='ltr'><strong>per</strong></span> <span class='ocrx_word' id='word_1_303' title='bbox 996 2991 1149 3069; x_wconf 90' lang='lat' dir='ltr'><strong>Orpheum</strong></span> <span class='ocrx_word' id='word_1_304' title='bbox 1170 2994 1207 3050; x_wconf 92' lang='lat' dir='ltr'><strong>ab</strong></span> <span class='ocrx_word' id='word_1_305' title='bbox 1229 2990 1358 3069; x_wconf 80' lang='lat' dir='ltr'><strong>AEgypto</strong></span> <span class='ocrx_word' id='word_1_306' title='bbox 1375 2987 1399 3043; x_wconf 92' lang='lat' dir='ltr'><strong>in</strong></span> 
     </span>
     <span class='ocr_line' id='line_1_36' title="bbox 260 3009 1399 3151; baseline -0.003 -22"><span class='ocrx_word' id='word_1_307' title='bbox 260 3009 406 3129; x_wconf 67' lang='lat' dir='ltr'><strong>draciam</strong></span> <span class='ocrx_word' id='word_1_308' title='bbox 420 3070 510 3128; x_wconf 87' lang='lat' dir='ltr'><strong>fuisse</strong></span> <span class='ocrx_word' id='word_1_309' title='bbox 524 3069 639 3129; x_wconf 88' lang='lat' dir='ltr'><strong>delata:</strong></span> <span class='ocrx_word' id='word_1_310' title='bbox 661 3069 739 3129; x_wconf 87' lang='lat' dir='ltr'><strong>unde</strong></span> <span class='ocrx_word' id='word_1_311' title='bbox 751 3071 902 3149; x_wconf 87' lang='lat' dir='ltr'><strong>complura</strong></span> <span class='ocrx_word' id='word_1_312' title='bbox 920 3092 980 3130; x_wconf 92' lang='lat' dir='ltr'><strong>non</strong></span> <span class='ocrx_word' id='word_1_313' title='bbox 994 3071 1132 3151; x_wconf 87' lang='lat' dir='ltr'><strong>Orpheus</strong></span> <span class='ocrx_word' id='word_1_314' title='bbox 1149 3072 1250 3141; x_wconf 87' lang='lat' dir='ltr'><strong>modo,</strong></span> <span class='ocrx_word' id='word_1_315' title='bbox 1264 3090 1362 3131; x_wconf 81' lang='lat' dir='ltr'><strong>rerum</strong></span> <span class='ocrx_word' id='word_1_316' title='bbox 1373 3078 1399 3125; x_wconf 87' lang='lat' dir='ltr'><strong>et</strong></span> 
     </span>
     <span class='ocr_line' id='line_1_37' title="bbox 260 3148 1399 3213; baseline -0.004 -4"><span class='ocrx_word' id='word_1_317' title='bbox 260 3150 309 3209; x_wconf 91' lang='lat' dir='ltr'><strong>alii</strong></span> <span class='ocrx_word' id='word_1_318' title='bbox 326 3150 546 3209; x_wconf 87' lang='lat' dir='ltr'><strong>transtulerunt.</strong></span> <span class='ocrx_word' id='word_1_319' title='bbox 588 3148 728 3209; x_wconf 87' lang='lat' dir='ltr'><strong>Celebres</strong></span> <span class='ocrx_word' id='word_1_320' title='bbox 742 3153 820 3210; x_wconf 89' lang='lat' dir='ltr'><strong>enim</strong></span> <span class='ocrx_word' id='word_1_321' title='bbox 840 3166 922 3211; x_wconf 89' lang='lat' dir='ltr'><strong>erant</strong></span> <span class='ocrx_word' id='word_1_322' title='bbox 935 3166 965 3211; x_wconf 89' lang='lat' dir='ltr'><strong>et</strong></span> <span class='ocrx_word' id='word_1_323' title='bbox 986 3152 1146 3213; x_wconf 80' lang='lat' dir='ltr'><strong>Phoenicius</strong></span> <span class='ocrx_word' id='word_1_324' title='bbox 1167 3152 1262 3212; x_wconf 86' lang='lat' dir='ltr'><strong>literae</strong></span> <span class='ocrx_word' id='word_1_325' title='bbox 1282 3151 1399 3211; x_wconf 90' lang='lat' dir='ltr'><strong>nondum</strong></span> 
     </span>
     <span class='ocr_line' id='line_1_38' title="bbox 260 3227 1398 3313; baseline -0.002 -24"><span class='ocrx_word' id='word_1_326' title='bbox 260 3230 374 3289; x_wconf 74' lang='lat' dir='ltr'><strong>Graecis</strong></span> <span class='ocrx_word' id='word_1_327' title='bbox 395 3231 542 3290; x_wconf 89' lang='lat' dir='ltr'><strong>sexdecim</strong></span> <span class='ocrx_word' id='word_1_328' title='bbox 564 3252 581 3290; x_wconf 88' lang='lat' dir='ltr'><strong>a</strong></span> <span class='ocrx_word' id='word_1_329' title='bbox 601 3230 757 3291; x_wconf 79' lang='lat' dir='ltr'><strong>Palamede</strong></span> <span class='ocrx_word' id='word_1_330' title='bbox 779 3231 897 3311; x_wconf 88' lang='lat' dir='ltr'><strong>Nauplii</strong></span> <span class='ocrx_word' id='word_1_331' title='bbox 918 3232 980 3292; x_wconf 85' lang='lat' dir='ltr'><strong>filio</strong></span> <span class='ocrx_word' id='word_1_332' title='bbox 1000 3235 1206 3313; x_wconf 83' lang='lat' dir='ltr'><strong>configuratis:</strong></span> <span class='ocrx_word' id='word_1_333' title='bbox 1234 3254 1269 3293; x_wconf 91' lang='lat' dir='ltr'><strong>ac</strong></span> <span class='ocrx_word' id='word_1_334' title='bbox 1293 3227 1398 3312; x_wconf 88' lang='lat' dir='ltr'><strong>plurimi</strong></span> 
     </span>
     <span class='ocr_line' id='line_1_39' title="bbox 260 3310 1399 3392; baseline -0.005 -21"><span class='ocrx_word' id='word_1_335' title='bbox 260 3310 358 3371; x_wconf 88' lang='lat' dir='ltr'><strong>studia</strong></span> <span class='ocrx_word' id='word_1_336' title='bbox 376 3312 505 3389; x_wconf 89' lang='lat' dir='ltr'><strong>poetices</strong></span> <span class='ocrx_word' id='word_1_337' title='bbox 525 3312 726 3371; x_wconf 79' lang='lat' dir='ltr'><strong>habebantur:</strong></span> <span class='ocrx_word' id='word_1_338' title='bbox 748 3313 928 3390; x_wconf 90' lang='lat' dir='ltr'><strong>proindeque</strong></span> <span class='ocrx_word' id='word_1_339' title='bbox 946 3315 1092 3392; x_wconf 89' lang='lat' dir='ltr'><strong>sapientes</strong></span> <span class='ocrx_word' id='word_1_340' title='bbox 1110 3314 1153 3373; x_wconf 92' lang='lat' dir='ltr'><strong>illi</strong></span> <span class='ocrx_word' id='word_1_341' title='bbox 1170 3316 1299 3374; x_wconf 89' lang='lat' dir='ltr'><strong>numeris</strong></span> <span class='ocrx_word' id='word_1_342' title='bbox 1312 3310 1399 3371; x_wconf 87' lang='lat' dir='ltr'><strong>onmia</strong></span> 
     </span>
     <span class='ocr_line' id='line_1_40' title="bbox 261 3392 1399 3475; baseline -0.006 -22"><span class='ocrx_word' id='word_1_343' title='bbox 261 3395 495 3471; x_wconf 74' lang='lat' dir='ltr'><strong>componebant:</strong></span> <span class='ocrx_word' id='word_1_344' title='bbox 523 3414 588 3469; x_wconf 85' lang='lat' dir='ltr'><strong>quae</strong></span> <span class='ocrx_word' id='word_1_345' title='bbox 609 3412 755 3451; x_wconf 91' lang='lat' dir='ltr'><strong>unacum</strong></span> <span class='ocrx_word' id='word_1_346' title='bbox 776 3395 892 3453; x_wconf 82' lang='lat' dir='ltr'><strong>caeteris</strong></span> <span class='ocrx_word' id='word_1_347' title='bbox 916 3395 995 3473; x_wconf 87' lang='lat' dir='ltr'><strong>apud</strong></span> <span class='ocrx_word' id='word_1_348' title='bbox 1015 3408 1078 3454; x_wconf 87' lang='lat' dir='ltr'><strong>tum</strong></span> <span class='ocrx_word' id='word_1_349' title='bbox 1099 3395 1256 3475; x_wconf 84' lang='lat' dir='ltr'><strong>AEgyptios</strong></span> <span class='ocrx_word' id='word_1_350' title='bbox 1276 3392 1399 3453; x_wconf 81' lang='lat' dir='ltr'><strong>floruisse</strong></span> 
     </span>
     <span class='ocr_line' id='line_1_41' title="bbox 260 3472 1399 3553; baseline -0.003 -22"><span class='ocrx_word' id='word_1_351' title='bbox 260 3492 347 3531; x_wconf 86' lang='lat' dir='ltr'><strong>nemo</strong></span> <span class='ocrx_word' id='word_1_352' title='bbox 367 3476 440 3533; x_wconf 89' lang='lat' dir='ltr'><strong>bene</strong></span> <span class='ocrx_word' id='word_1_353' title='bbox 462 3472 565 3532; x_wconf 91' lang='lat' dir='ltr'><strong>doctus</strong></span> <span class='ocrx_word' id='word_1_354' title='bbox 586 3473 738 3532; x_wconf 89' lang='lat' dir='ltr'><strong>dubitarit.</strong></span> <span class='ocrx_word' id='word_1_355' title='bbox 781 3474 849 3533; x_wconf 92' lang='lat' dir='ltr'><strong>Non</strong></span> <span class='ocrx_word' id='word_1_356' title='bbox 872 3474 1028 3534; x_wconf 79' lang='lat' dir='ltr'><strong>defuerunt</strong></span> <span class='ocrx_word' id='word_1_357' title='bbox 1050 3476 1148 3545; x_wconf 88' lang='lat' dir='ltr'><strong>etiem,</strong></span> <span class='ocrx_word' id='word_1_358' title='bbox 1170 3476 1222 3553; x_wconf 91' lang='lat' dir='ltr'><strong>qni</strong></span> <span class='ocrx_word' id='word_1_359' title='bbox 1245 3475 1399 3535; x_wconf 78' lang='lat' dir='ltr'><strong>fabularum</strong></span> 
     </span>
     <span class='ocr_line' id='line_1_42' title="bbox 262 3552 1398 3632; baseline -0.004 -21"><span class='ocrx_word' id='word_1_360' title='bbox 262 3553 344 3615; x_wconf 87' lang='lat' dir='ltr'><strong>initia</strong></span> <span class='ocrx_word' id='word_1_361' title='bbox 358 3553 463 3613; x_wconf 86' lang='lat' dir='ltr'><strong>Siculis</strong></span> <span class='ocrx_word' id='word_1_362' title='bbox 481 3553 690 3632; x_wconf 76' lang='lat' dir='ltr'><strong>adjudicarent,</strong></span> <span class='ocrx_word' id='word_1_363' title='bbox 705 3555 952 3632; x_wconf 83' lang='lat' dir='ltr'><strong>quemadmodum</strong></span> <span class='ocrx_word' id='word_1_364' title='bbox 967 3556 1144 3616; x_wconf 90' lang='lat' dir='ltr'><strong>Aristoteles</strong></span> <span class='ocrx_word' id='word_1_365' title='bbox 1164 3558 1194 3615; x_wconf 93' lang='lat' dir='ltr'><strong>in</strong></span> <span class='ocrx_word' id='word_1_366' title='bbox 1212 3556 1339 3615; x_wconf 87' lang='lat' dir='ltr'><strong>Poetieis</strong></span> <span class='ocrx_word' id='word_1_367' title='bbox 1356 3552 1398 3616; x_wconf 88' lang='lat' dir='ltr'><strong>ait,</strong></span> 
     </span>
     <span class='ocr_line' id='line_1_43' title="bbox 262 3634 1401 3716; baseline -0.003 -23"><span class='ocrx_word' id='word_1_368' title='bbox 262 3635 399 3711; x_wconf 88' lang='lat' dir='ltr'><strong>quoniam</strong></span> <span class='ocrx_word' id='word_1_369' title='bbox 432 3634 626 3711; x_wconf 83' lang='lat' dir='ltr'><strong>Epicharmus</strong></span> <span class='ocrx_word' id='word_1_370' title='bbox 653 3637 830 3695; x_wconf 87' lang='lat' dir='ltr'><strong>comicorum</strong></span> <span class='ocrx_word' id='word_1_371' title='bbox 857 3637 1074 3713; x_wconf 85' lang='lat' dir='ltr'><strong>antiquissimus</strong></span> <span class='ocrx_word' id='word_1_372' title='bbox 1108 3650 1195 3716; x_wconf 91' lang='lat' dir='ltr'><strong>poeta</strong></span> <span class='ocrx_word' id='word_1_373' title='bbox 1226 3637 1308 3695; x_wconf 91' lang='lat' dir='ltr'><strong>illinc</strong></span> <span class='ocrx_word' id='word_1_374' title='bbox 1333 3642 1401 3693; x_wconf 88' lang='lat' dir='ltr'><strong>esset</strong></span> 
     </span>
     <span class='ocr_line' id='line_1_44' title="bbox 262 3714 1400 3797; baseline -0.004 -23"><span class='ocrx_word' id='word_1_375' title='bbox 262 3715 413 3775; x_wconf 87' lang='lat' dir='ltr'><strong>oriundus.</strong></span> <span class='ocrx_word' id='word_1_376' title='bbox 469 3714 667 3793; x_wconf 88' lang='lat' dir='ltr'><strong>Syracusanus</strong></span> <span class='ocrx_word' id='word_1_377' title='bbox 694 3718 771 3775; x_wconf 90' lang='lat' dir='ltr'><strong>enim</strong></span> <span class='ocrx_word' id='word_1_378' title='bbox 802 3736 905 3775; x_wconf 90' lang='lat' dir='ltr'><strong>revera</strong></span> <span class='ocrx_word' id='word_1_379' title='bbox 931 3718 996 3786; x_wconf 86' lang='lat' dir='ltr'><strong>fuit,</strong></span> <span class='ocrx_word' id='word_1_380' title='bbox 1022 3718 1212 3797; x_wconf 86' lang='lat' dir='ltr'><strong>duplicesque</strong></span> <span class='ocrx_word' id='word_1_381' title='bbox 1238 3717 1400 3776; x_wconf 71' lang='lat' dir='ltr'><strong>Graecorum</strong></span> 
     </span>
     <span class='ocr_line' id='line_1_45' title="bbox 260 3795 1399 3877; baseline -0.001 -22"><span class='ocrx_word' id='word_1_382' title='bbox 260 3795 373 3855; x_wconf 88' lang='lat' dir='ltr'><strong>litteras</strong></span> <span class='ocrx_word' id='word_1_383' title='bbox 388 3802 431 3871; x_wconf 67' lang='grc' dir='ltr'><strong>(ξ</strong></span> <span class='ocrx_word' id='word_1_384' title='bbox 444 3824 463 3871; x_wconf 84' lang='grc' dir='ltr'><strong><em>χ</em></strong></span> <span class='ocrx_word' id='word_1_385' title='bbox 476 3796 587 3873; x_wconf 90' lang='lat' dir='ltr'><strong>primus</strong></span> <span class='ocrx_word' id='word_1_386' title='bbox 602 3797 731 3856; x_wconf 91' lang='lat' dir='ltr'><strong>omnium</strong></span> <span class='ocrx_word' id='word_1_387' title='bbox 746 3798 936 3875; x_wconf 86' lang='lat' dir='ltr'><strong>excogitavit,</strong></span> <span class='ocrx_word' id='word_1_388' title='bbox 951 3799 1027 3857; x_wconf 87' lang='lat' dir='ltr'><strong>sicut</strong></span> <span class='ocrx_word' id='word_1_389' title='bbox 1039 3800 1070 3857; x_wconf 92' lang='lat' dir='ltr'><strong>in</strong></span> <span class='ocrx_word' id='word_1_390' title='bbox 1085 3798 1194 3858; x_wconf 85' lang='lat' dir='ltr'><strong>iliados</strong></span> <span class='ocrx_word' id='word_1_391' title='bbox 1215 3798 1301 3877; x_wconf 87' lang='lat' dir='ltr'><strong>alpha</strong></span> <span class='ocrx_word' id='word_1_392' title='bbox 1313 3812 1399 3874; x_wconf 73' lang='lat' dir='ltr'><strong>gram</strong></span> 
     </span>
     <span class='ocr_line' id='line_1_46' title="bbox 262 3875 1400 3955; baseline -0.004 -17"><span class='ocrx_word' id='word_1_393' title='bbox 262 3878 388 3939; x_wconf 78' lang='lat' dir='ltr'><strong>metiens</strong></span> <span class='ocrx_word' id='word_1_394' title='bbox 401 3876 418 3934; x_wconf 86' lang='lat' dir='ltr'>J</span> <span class='ocrx_word' id='word_1_395' title='bbox 422 3878 548 3935; x_wconf 91' lang='lat' dir='ltr'><strong>ohannes</strong></span> <span class='ocrx_word' id='word_1_396' title='bbox 561 3875 661 3937; x_wconf 90' lang='lat' dir='ltr'><strong>solerti</strong></span> <span class='ocrx_word' id='word_1_397' title='bbox 674 3878 720 3936; x_wconf 85' lang='lat' dir='ltr'><strong>vir</strong></span> <span class='ocrx_word' id='word_1_398' title='bbox 740 3878 858 3955; x_wconf 89' lang='lat' dir='ltr'><strong>ingenio</strong></span> <span class='ocrx_word' id='word_1_399' title='bbox 869 3898 984 3937; x_wconf 88' lang='lat' dir='ltr'><strong>mecum</strong></span> <span class='ocrx_word' id='word_1_400' title='bbox 1005 3880 1111 3938; x_wconf 85' lang='lat' dir='ltr'><strong>sentit:</strong></span> <span class='ocrx_word' id='word_1_401' title='bbox 1133 3881 1184 3939; x_wconf 91' lang='lat' dir='ltr'><strong>ubi</strong></span> <span class='ocrx_word' id='word_1_402' title='bbox 1203 3879 1305 3954; x_wconf 82' lang='lat' dir='ltr'><strong>longas</strong></span> <span class='ocrx_word' id='word_1_403' title='bbox 1317 3904 1332 3950; x_wconf 76' lang='grc' dir='ltr'><strong><em>η</em></strong></span> <span class='ocrx_word' id='word_1_404' title='bbox 1345 3889 1372 3933; x_wconf 90' lang='lat' dir='ltr'><strong>et</strong></span> <span class='ocrx_word' id='word_1_405' title='bbox 1383 3897 1400 3929; x_wconf 83' lang='lat' dir='ltr'><strong>o</strong></span> 
     </span>
     <span class='ocr_line' id='line_1_47' title="bbox 237 3956 1399 4035; baseline 0.003 -19"><span class='ocrx_word' id='word_1_406' title='bbox 237 3960 241 3965; x_wconf 85' lang='lat'>&#39;</span> <span class='ocrx_word' id='word_1_407' title='bbox 262 3976 316 4035; x_wconf 86' lang='lat' dir='ltr'><strong>per</strong></span> <span class='ocrx_word' id='word_1_408' title='bbox 336 3956 515 4016; x_wconf 88' lang='lat' dir='ltr'><strong>Simonidem</strong></span> <span class='ocrx_word' id='word_1_409' title='bbox 535 3969 651 4035; x_wconf 89' lang='lat' dir='ltr'><strong>poetam</strong></span> <span class='ocrx_word' id='word_1_410' title='bbox 674 3957 817 4017; x_wconf 85' lang='lat' dir='ltr'><strong>ininsula</strong></span> <span class='ocrx_word' id='word_1_411' title='bbox 837 3957 913 4018; x_wconf 88' lang='lat' dir='ltr'><strong>Chio</strong></span> <span class='ocrx_word' id='word_1_412' title='bbox 933 3972 1034 4019; x_wconf 87' lang='lat' dir='ltr'><strong>natum</strong></span> <span class='ocrx_word' id='word_1_413' title='bbox 1057 3960 1160 4019; x_wconf 91' lang='lat' dir='ltr'><strong>scribit</strong></span> <span class='ocrx_word' id='word_1_414' title='bbox 1180 3980 1245 4019; x_wconf 90' lang='lat' dir='ltr'><strong>esse</strong></span> <span class='ocrx_word' id='word_1_415' title='bbox 1263 3960 1399 4019; x_wconf 76' lang='lat' dir='ltr'><strong>formans.</strong></span> 
     </span>
     <span class='ocr_line' id='line_1_48' title="bbox 262 4038 1401 4199; baseline -0.002 -23"><span class='ocrx_word' id='word_1_416' title='bbox 262 4038 1401 4199; x_wconf 54' lang='lat' dir='ltr'><strong>ttit‘tihttt§liiitidltdtiltltll‘tlfftt‘ttsslttss</strong></span> 
     </span>
     <span class='ocr_line' id='line_1_49' title="bbox 263 4142 1400 4280; baseline -0.004 -23"><span class='ocrx_word' id='word_1_417' title='bbox 263 4198 379 4258; x_wconf 84' lang='lat' dir='ltr'><strong>tradat:</strong></span> <span class='ocrx_word' id='word_1_418' title='bbox 400 4200 455 4257; x_wconf 90' lang='lat' dir='ltr'><strong>nisi</strong></span> <span class='ocrx_word' id='word_1_419' title='bbox 470 4200 509 4257; x_wconf 88' lang='lat' dir='ltr'><strong>rit</strong></span> <span class='ocrx_word' id='word_1_420' title='bbox 521 4220 602 4259; x_wconf 84' lang='lat' dir='ltr'><strong>error</strong></span> <span class='ocrx_word' id='word_1_421' title='bbox 623 4201 652 4260; x_wconf 90' lang='lat' dir='ltr'><strong>in</strong></span> <span class='ocrx_word' id='word_1_422' title='bbox 668 4200 827 4270; x_wconf 89' lang='lat' dir='ltr'><strong>codicibus,</strong></span> <span class='ocrx_word' id='word_1_423' title='bbox 841 4214 892 4260; x_wconf 85' lang='lat' dir='ltr'><strong>eut</strong></span> <span class='ocrx_word' id='word_1_424' title='bbox 906 4200 1004 4261; x_wconf 83' lang='lat' dir='ltr'><strong>Graeci</strong></span> <span class='ocrx_word' id='word_1_425' title='bbox 1025 4204 1081 4280; x_wconf 91' lang='lat' dir='ltr'><strong>ipsi</strong></span> <span class='ocrx_word' id='word_1_426' title='bbox 1099 4142 1252 4262; x_wconf 74' lang='lat' dir='ltr'><strong>nonpsatis</strong></span> <span class='ocrx_word' id='word_1_427' title='bbox 1272 4201 1327 4260; x_wconf 88' lang='lat' dir='ltr'><strong>sihi</strong></span> <span class='ocrx_word' id='word_1_428' title='bbox 1340 4216 1400 4256; x_wconf 92' lang='lat' dir='ltr'><strong>cou-</strong></span> 
     </span>
     <span class='ocr_line' id='line_1_50' title="bbox 262 4279 1402 4358; baseline -0.004 -20"><span class='ocrx_word' id='word_1_429' title='bbox 262 4291 352 4349; x_wconf 86' lang='lat' dir='ltr'><strong>stant,</strong></span> <span class='ocrx_word' id='word_1_430' title='bbox 371 4299 444 4355; x_wconf 93' lang='lat' dir='ltr'><strong>quos</strong></span> <span class='ocrx_word' id='word_1_431' title='bbox 457 4279 505 4338; x_wconf 90' lang='lat' dir='ltr'><strong>ille</strong></span> <span class='ocrx_word' id='word_1_432' title='bbox 519 4280 702 4358; x_wconf 88' lang='lat' dir='ltr'><strong>potissimum</strong></span> <span class='ocrx_word' id='word_1_433' title='bbox 716 4281 807 4339; x_wconf 77' lang='lat' dir='ltr'><strong>fuerit</strong></span> <span class='ocrx_word' id='word_1_434' title='bbox 818 4296 947 4341; x_wconf 88' lang='lat' dir='ltr'><strong>secutus.</strong></span> <span class='ocrx_word' id='word_1_435' title='bbox 988 4283 1088 4343; x_wconf 85' lang='lat' dir='ltr'><strong>Setius</strong></span> <span class='ocrx_word' id='word_1_436' title='bbox 1101 4296 1200 4343; x_wconf 85' lang='lat' dir='ltr'><strong>temen</strong></span> <span class='ocrx_word' id='word_1_437' title='bbox 1211 4283 1337 4342; x_wconf 89' lang='lat' dir='ltr'><strong>arbitror</strong></span> <span class='ocrx_word' id='word_1_438' title='bbox 1347 4279 1402 4335; x_wconf 80' lang='lat' dir='ltr'><strong>haec</strong></span> 
     </span>
     <span class='ocr_line' id='line_1_51' title="bbox 264 4359 1402 4443; baseline 0.001 -25"><span class='ocrx_word' id='word_1_439' title='bbox 264 4359 409 4419; x_wconf 87' lang='lat' dir='ltr'><strong>elementa</strong></span> <span class='ocrx_word' id='word_1_440' title='bbox 421 4360 535 4439; x_wconf 84' lang='lat' dir='ltr'><strong>singula</strong></span> <span class='ocrx_word' id='word_1_441' title='bbox 551 4362 676 4440; x_wconf 89' lang='lat' dir='ltr'><strong>singulis</strong></span> <span class='ocrx_word' id='word_1_442' title='bbox 694 4362 894 4423; x_wconf 83' lang='lat' dir='ltr'><strong>inventoribus</strong></span> <span class='ocrx_word' id='word_1_443' title='bbox 907 4363 1067 4423; x_wconf 85' lang='lat' dir='ltr'><strong>addixisse.</strong></span> <span class='ocrx_word' id='word_1_444' title='bbox 1109 4365 1155 4423; x_wconf 90' lang='lat' dir='ltr'><strong>Ea</strong></span> <span class='ocrx_word' id='word_1_445' title='bbox 1167 4365 1255 4443; x_wconf 88' lang='lat' dir='ltr'><strong>igitur</strong></span> <span class='ocrx_word' id='word_1_446' title='bbox 1267 4372 1402 4440; x_wconf 71' lang='lat' dir='ltr'><strong>aegrotan-</strong></span> 
     </span>
     <span class='ocr_line' id='line_1_52' title="bbox 264 4441 1401 4525; baseline -0.005 -22"><span class='ocrx_word' id='word_1_447' title='bbox 264 4441 340 4523; x_wconf 82' lang='lat' dir='ltr'><strong>tium</strong></span> <span class='ocrx_word' id='word_1_448' title='bbox 353 4441 466 4502; x_wconf 90' lang='lat' dir='ltr'><strong>somnia</strong></span> <span class='ocrx_word' id='word_1_449' title='bbox 478 4444 695 4519; x_wconf 82' lang='lat' dir='ltr'><strong>praetermittas.</strong></span> <span class='ocrx_word' id='word_1_450' title='bbox 732 4442 832 4504; x_wconf 90' lang='lat' dir='ltr'><strong>Unum</strong></span> <span class='ocrx_word' id='word_1_451' title='bbox 846 4445 902 4505; x_wconf 91' lang='lat' dir='ltr'><strong>hoc</strong></span> <span class='ocrx_word' id='word_1_452' title='bbox 916 4445 1011 4505; x_wconf 88' lang='lat' dir='ltr'><strong>sciens</strong></span> <span class='ocrx_word' id='word_1_453' title='bbox 1025 4448 1063 4508; x_wconf 85' lang='lat' dir='ltr'><strong>ab</strong></span> <span class='ocrx_word' id='word_1_454' title='bbox 1076 4445 1227 4525; x_wconf 85' lang='lat' dir='ltr'><strong>AEschylo,</strong></span> <span class='ocrx_word' id='word_1_455' title='bbox 1238 4457 1269 4505; x_wconf 88' lang='lat' dir='ltr'><strong>et</strong></span> <span class='ocrx_word' id='word_1_456' title='bbox 1282 4442 1333 4521; x_wconf 72' lang='lat' dir='ltr'><strong>qui¹</strong></span> <span class='ocrx_word' id='word_1_457' title='bbox 1343 4454 1401 4498; x_wconf 82' lang='lat' dir='ltr'><strong>eun</strong></span> 
     </span>
    </p>
   </div>
   <div class='ocr_carea' id='block_1_3' title="bbox 0 0 1436 4759">
    <p class='ocr_par' dir='ltr' id='par_1_4' title="bbox 0 0 1436 4759">
     <span class='ocr_line' id='line_1_53' title="bbox 0 0 1436 4759; baseline 0 0"><span class='ocrx_word' id='word_1_458' title='bbox 0 0 1436 4759; x_wconf 95' lang='lat' dir='ltr'><strong> </strong></span> 
     </span>
    </p>
   </div>
  </div>
 </body>
</html>
