2834 4759
249 170 312 231 xlvi
551 168 737 231 VICTOR
763 170 826 230 DE
854 170 1105 233 COMOEDIA.

252 298 436 377 grammatici
458 300 585 359 comicos
605 311 787 379 exponentes
808 306 932 377 κορωνίδα
944 301 1040 361 solent
1058 300 1215 380 appellare.
1255 308 1385 377 Κομμάτιον

252 400 325 439 vero
344 381 462 460 proprie
483 380 598 451 dicitur,
613 394 758 459 quatenus
777 380 815 441 de
828 382 918 442 choro
932 395 1083 460 amputata
1096 384 1245 460 recisaque
1258 384 1386 461 particula

252 460 387 521 videtur:
406 462 435 520 id
450 483 466 521 a
480 462 654 537 quibusdam
668 465 784 523 οἴσδεσις
795 471 877 539 χοροῦ
891 463 1064 522 nominatur.
1086 463 1229 533 Secunda,
1241 470 1387 539 παράβασις,

251 562 312 601 non
327 562 411 601 secus
425 564 459 602 ac
473 556 535 602 tota
549 542 663 601 saltatio
678 542 804 601 dicitur:
826 544 963 621 quoniam
977 544 1066 615 illinc,
1081 546 1131 603 ubi
1145 544 1312 603 constiterat
1324 546 1384 603 cho·

252 643 313 692 rus,
328 622 470 702 populum
486 644 587 682 versus
607 624 735 683 incedit:
755 624 817 683 sive
837 628 1003 693 ἀνάπαιστος,
1016 646 1052 684 eo
1066 624 1146 702 quod
1163 625 1326 703 frequenter
1338 627 1384 684 hu·

248 704 415 781 juscemodi
429 718 531 763 cantus
545 718 709 781 anapaestos
724 719 886 783 usurparet.
922 704 1024 764 Tertia
1036 712 1136 783 πνῖγος,
1149 720 1201 764 aut
1212 712 1314 783 μακρὸν,
1325 726 1385 765 cau·

253 784 345 843 tilena
357 784 467 844 scilicet
480 784 527 861 (ut
540 784 646 843 Pollux
659 781 712 859 ait)
730 806 789 843 uua
801 787 922 864 spiritus
936 787 1120 845 contentione
1133 786 1255 864 prolata,
1263 808 1326 863 quae
1338 787 1385 845 tria

254 865 447 944 sejunguntur
468 866 639 934 abinvicem,
655 885 722 925 oum
743 866 867 925 alterum
889 866 974 925 alteri
994 866 1105 925 nullam
1123 868 1229 926 habeat
1246 869 1383 927 rationem.

254 945 332 1011 Quae
348 966 418 1005 vero
431 961 601 1023 sequuntur,
617 946 691 1005 inter
705 966 737 1005 se
747 946 873 1024 quadam
886 961 956 1006 sunt
969 948 1081 1007 ratione
1091 948 1253 1026 conjuncta,
1263 948 1385 1007 videlicet

253 1031 358 1103 στροφὴ
373 1026 419 1086 vel
440 1030 501 1105 ᾠδὴ,
524 1028 585 1085 sive
604 1031 695 1101 pellor,
716 1030 851 1104 ἐπίῤῥημα,
864 1032 1039 1104 ἀντίστροφος
1052 1028 1100 1087 vel
1119 1032 1217 1107 ἆιπορδρ)
1238 1042 1269 1088 et
1280 1032 1385 1103 ἇντεπιῤ·

252 1111 328 1185 ῥπρα,
352 1106 432 1185 quod
455 1107 519 1167 loco
543 1110 668 1185 septimo
690 1111 878 1167 cantabatur:
909 1114 1014 1186 στροφν)
1037 1109 1115 1167 enim
1142 1110 1205 1168 sive
1226 1113 1386 1186 ἀντίστροφος

252 1190 392 1249 membris
413 1201 443 1246 et
465 1188 623 1247 carminum
645 1208 752 1267 genere
766 1188 900 1266 quadrat.
934 1189 1049 1249 Rursus
1062 1192 1187 1266 τ’πίῤῥηρα
1207 1190 1385 1267 undecunque

253 1270 310 1329 sibi
323 1270 498 1329 conveniens
511 1272 682 1346 δντεπίῤῥηρα
695 1269 771 1329 ποίει
783 1271 901 1329 διαίνετο.
924 1269 1072 1336 Quoniam
1084 1270 1240 1348 utrobique
1252 1272 1312 1330 fere
1321 1290 1385 1329 seut·

252 1370 307 1429 per
325 1350 431 1409 chorus
453 1372 492 1409 ex
514 1351 615 1409 iambis
637 1364 807 1411 tetrametra
828 1350 976 1411 sexdecim
1000 1351 1208 1422 modularetur,
1228 1364 1321 1412 totum
1339 1353 1387 1410 hoc

254 1430 340 1489 simul
353 1437 458 1509 χορικὸν
470 1430 642 1509 appellatur.
657 1431 773 1509 quaudo
787 1432 941 1491 comoedia
954 1447 1069 1510 partem
1083 1432 1217 1492 volumno
1235 1434 1385 1510 assignare;

254 1526 380 1590 quatuor
400 1513 477 1571 enim
503 1526 580 1579 sunt,
595 1511 733 1571 videlicet
751 1520 890 1589 πρόλογος,
906 1512 957 1590 qui
977 1512 1016 1571 ad
1035 1532 1185 1591 egressum
1205 1533 1298 1592 usque
1317 1512 1387 1572 chori

253 1606 445 1671 prorogatur:
468 1592 571 1652 deinde
593 1599 716 1668 χορικόνι
737 1607 768 1651 et
786 1593 868 1670 quod
889 1593 1082 1670 interponitur
1105 1594 1212 1663 choris,
1235 1599 1386 1655 ἐπεισόδιοι

253 1688 402 1753 postremo
423 1679 520 1748 ἔξοδος,
535 1695 602 1751 quae
617 1674 728 1733 scilicet
741 1695 759 1733 a
772 1675 862 1733 choro
876 1673 907 1732 in
921 1672 999 1733 calce
1012 1674 1166 1734 comoediae
1183 1676 1386 1752 pronunciatur,

255 1770 289 1813 ut
303 1753 409 1812 Pollux
432 1756 461 1812 iu
484 1768 588 1832 quarto
610 1755 752 1832 scriptum
774 1753 901 1832 reliquit.
944 1754 989 1813 Ea
1008 1755 1098 1832 igitur
1110 1761 1269 1832 παράβασις,
1282 1769 1387 1815 auctore

253 1834 407 1893 Demetrio
420 1834 569 1902 Triclinio,
584 1855 651 1911 quoe
673 1834 767 1893 nullas
787 1836 890 1894 harum
911 1851 1009 1913 partes
1031 1836 1148 1904 omittit,
1173 1838 1305 1914 perfecta
1325 1834 1388 1895 solet

254 1914 414 1994 appellari:
436 1914 549 1992 qualem
564 1916 776 1993 Aristophanes
795 1917 825 1973 in
840 1915 997 1992 Equitibus
1013 1916 1113 1975 fabula
1125 1918 1316 1977 concinnavit.
1336 1916 1387 1973 Ve-

253 2018 320 2056 rum
335 1996 499 2074 complures
515 1996 683 2073 imperfecte
703 2017 758 2074 pro
771 1997 892 2055 arbitrio
906 2010 1058 2074 poetarum
1073 1998 1257 2057 inseruntur:
1279 1998 1309 2057 id
1320 1994 1388 2074 quod

254 2078 333 2137 idem
356 2079 384 2135 in
400 2076 524 2135 Nebulis
542 2076 642 2136 fabula
664 2078 752 2136 fecit:
773 2078 824 2136 ubi
847 2076 942 2135 solum
961 2080 1101 2153 ἐπήῤῥημα,
1121 2077 1200 2155 quod
1222 2093 1300 2139 esset
1322 2077 1387 2137 vitiis

255 2158 407 2236 carpendis
429 2158 689 2225 accommodatum,
712 2157 839 2228 induxit,
860 2178 895 2215 ac
914 2157 943 2215 in
961 2157 1054 2217 Ranis
1073 2174 1199 2235 quatuor
1215 2160 1269 2219 illa
1287 2172 1387 2219 tautum

255 2238 408 2319 conjuncte
422 2239 563 2316 reposuit.
604 2238 663 2297 Sed
683 2236 757 2297 illud
770 2252 815 2296 est
827 2238 1079 2297 animadversione
1091 2240 1224 2317 dignum,
1238 2240 1315 2318 quod
1326 2240 1387 2313 ἔπίῤ-

253 2323 321 2396 ῥπρο
334 2334 363 2379 et
378 2324 482 2395 στροφὴ
497 2320 558 2379 sive
572 2322 659 2393 μέλος,
675 2318 791 2396 quaudo
802 2318 911 2377 nullam
923 2322 1147 2396 ἀντεπιῤῥήροτος,
1161 2335 1212 2379 aut
1226 2326 1387 2398 ἀποστρόφου

253 2401 425 2460 raditionem
439 2414 619 2478 exspectant,
634 2401 663 2458 in
684 2399 743 2457 line
763 2420 878 2477 semper
889 2400 998 2459 habent
1009 2407 1190 2478 παράγραφον,
1204 2415 1239 2461 ut
1259 2424 1316 2461 non
1332 2418 1386 2459 csse

254 2486 418 2557 κατάσχισον,
433 2481 463 2540 id
483 2494 537 2551 est,
552 2481 679 2540 obnoxie
700 2480 795 2559 posita
809 2480 977 2539 videantur:
998 2482 1235 2558 quandoquidem
1248 2482 1312 2543 hac
1322 2482 1387 2540 linea

253 2576 419 2621 transverse
431 2568 602 2639 παράγροφος
615 2561 736 2630 scilicet,
751 2562 807 2619 tria
827 2560 885 2629 illa,
899 2582 966 2637 quae
980 2562 1117 2630 diximus,
1133 2563 1207 2621 inter
1229 2584 1262 2622 se
1276 2564 1388 2622 discreta

255 2645 391 2703 continuo
412 2642 530 2702 claudit.
574 2643 685 2701 Verum
707 2642 733 2700 si
754 2641 882 2701 futuram
902 2656 1074 2720 exspectant
1093 2643 1278 2715 raditionem,
1295 2646 1386 2719 στροφὴ

254 2737 316 2783 turn
339 2725 403 2783 haec
423 2723 509 2792 linea,
523 2744 589 2783 cum
610 2744 668 2781 non
689 2744 774 2781 secus
794 2744 828 2783 ac
848 2725 983 2798 ἕπίῤῥηρο,
997 2724 1111 2783 duabus
1132 2723 1196 2783 aliis
1218 2727 1386 2789 terminatur,

254 2826 377 2881 quarum
392 2805 556 2863 coeuntium
571 2804 695 2881 angulus
710 2819 814 2882 vergat
834 2804 1007 2863 introrsum:
1029 2819 1132 2864 contra
1145 2826 1215 2863 vero
1229 2811 1388 2881 ἀντίστροφος

253 2886 338 2944 lineis
353 2885 498 2945 clauditur
518 2886 603 2954 binis,
618 2905 742 2961 quarum
755 2900 921 2943 extrorsum
938 2886 1053 2962 utrique
1072 2886 1171 2965 anguli
1186 2903 1318 2966 vergant,
1330 2886 1388 2943 hinc

255 2967 323 3026 inde
339 2966 423 3025 finale
438 2968 610 3035 membrum,
626 2984 742 3023 carmen
756 2963 867 3024 scilicet
881 2963 1016 3025 ultimum
1036 2967 1255 3045 amplectentes.
1290 2967 1387 3025 Verum

253 3068 292 3106 ex
307 3048 342 3105 iis
356 3046 500 3106 duntaxat
515 3066 572 3104 uno
586 3045 662 3105 solet
675 3049 847 3122 ἇνπτπίῤῥπρα
860 3046 1004 3105 concludi.
1026 3047 1104 3113 Quae
1119 3048 1204 3127 plane
1218 3050 1302 3128 signa
1314 3058 1388 3125 prout

254 3128 354 3206 anguli
368 3148 432 3186 sese
445 3128 562 3195 hahent,
577 3126 625 3185 vel
639 3127 777 3195 futuram,
791 3125 839 3184 vel
852 3127 1030 3204 praeteritam
1045 3128 1217 3187 reditiouem
1232 3128 1387 3189 ostendunt.

254 3206 323 3267 Hoc
342 3207 509 3266 Demetrius
529 3206 577 3265 ille
592 3206 749 3265 Triclinius
770 3207 901 3265 scribens
922 3208 951 3265 in
967 3209 1190 3287 Aristophanem
1212 3207 1387 3287 excogitavit.

254 3288 455 3348 Veruntamen
470 3288 545 3348 inter
559 3302 669 3355 cautus,
681 3301 778 3365 poetae
792 3308 998 3364 nonnunquam
1011 3310 1150 3367 personas
1160 3290 1284 3351 educere
1297 3289 1387 3353 solent,

253 3390 377 3448 quarum
392 3369 557 3428 dissertatio
572 3372 694 3443 σύστημα
707 3374 770 3427 κατὰ
788 3373 927 3444 περικοπὴν
940 3369 1122 3447 appellatur:
1144 3372 1289 3430 interdum
1307 3368 1388 3429 versi·

253 3453 308 3510 bus
331 3450 448 3509 alternis
473 3450 680 3508 contendentes
708 3448 819 3526 aliquot
843 3450 996 3527 proferunt
1018 3451 1183 3521 histriones,
1207 3452 1254 3511 vel
1281 3454 1388 3511 chorum

253 3533 341 3591 etiam
361 3529 605 3609 respondentem:
628 3530 708 3608 quod
722 3530 917 3606 Hephaestion
932 3532 1048 3589 videtur
1068 3535 1281 3609 mardomedos
1299 3528 1388 3610 appel·

253 3612 324 3672 lare.
351 3611 460 3671 Verum
476 3612 528 3670 has
542 3626 572 3669 et
585 3610 656 3670 alias
670 3610 806 3670 consulto
819 3612 1085 3688 praetermittendas
1099 3632 1163 3671 esse
1177 3616 1304 3673 arbitror
1316 3632 1389 3690 que-

253 3695 372 3763 stiones,
384 3714 451 3771 qure
465 3692 538 3751 mira
554 3706 707 3770 poctarum
722 3689 839 3750 licentia
852 3691 1026 3770 gignuntur:
1041 3706 1156 3753 constat
1168 3694 1247 3754 enim
1260 3695 1315 3753 illis
1327 3688 1388 3749 nihil

253 3796 381 3853 unquam
394 3796 452 3833 non
465 3773 640 3832 audendum.
674 3772 822 3837 Quocirca
832 3773 917 3831 nobis
928 3772 965 3831 de
976 3774 1066 3832 choro
1079 3776 1204 3834 certiora
1218 3773 1387 3835 consectaris.

252 3877 307 3936 pro
328 3856 450 3914 materia
470 3855 540 3913 satis
561 3852 737 3930 abundeque
757 3853 868 3911 dictum
882 3873 946 3912 esse
962 3854 1105 3925 videatur,
1119 3856 1267 3932 quomodo
1277 3872 1389 3933 praescr·

251 3939 303 3996 tim
325 3938 354 3995 in
376 3956 452 3995 nova
472 3934 614 3995 comoedia
629 3934 737 3993 chorus
757 3932 871 3991 nullutn
888 3934 1004 4004 habeat,
1020 3935 1067 3994 vel
1087 3937 1195 3995 habere
1208 3937 1333 4014 potuerit
1350 3932 1387 3990 lo·

252 4039 330 4077 cum.
368 4016 519 4095 Siquidem
534 4015 670 4086 Athenis,
685 4034 776 4091 quum
790 4015 889 4073 omnia
901 4016 1083 4092 potentiores
1097 4015 1134 4075 ad
1149 4018 1300 4076 arbitrium
1313 4030 1395 4090 suum¹

251 4119 389 4157 revocare
404 4098 571 4175 coepissent,
587 4095 659 4153 nulli
673 4094 798 4171 amplius
812 4097 985 4154 creabantur
999 4097 1115 4155 aediles:
1132 4098 1308 4175 perindeque
1319 4113 1386 4153 sum·

252 4180 330 4237 tibus
350 4177 388 4237 ad
409 4178 527 4237 alendos
544 4176 686 4254 juvenum
698 4176 803 4234 choros
824 4176 965 4234 institutis
984 4178 1110 4254 populus
1123 4179 1205 4237 abuti
1224 4178 1387 4257 prohibeba-

253 4273 319 4319 tur:
342 4258 421 4335 quod
444 4257 641 4335 particulatim
665 4276 682 4315 a
706 4255 841 4315 Platonio
865 4256 991 4335 legimus
1013 4258 1204 4337 disputatum.
1246 4258 1282 4317 ld
1302 4258 1394 4338 itaqueq

251 4340 516 4401 animadvertentes
530 4350 636 4417 poetae,
652 4336 898 4413 quemadmodum
912 4336 971 4397 lota
985 4336 1050 4415 lege
1062 4338 1100 4397 de
1114 4360 1171 4399 non
1185 4339 1328 4418 carpendo
1341 4354 1394 4410 uoq

251 4422 392 4491 minutim,
405 4420 527 4479 materia
540 4421 718 4493 mutabatur,
733 4418 774 4477 ita
786 4416 873 4479 etiarn
887 4419 1038 4479 cantilenis
1052 4420 1198 4482 abstinere
1213 4420 1324 4500 penitus
1342 4414 1389 4475 de·
