2834 4759
385 224 441 289 IN
468 224 778 287 TERENTIUM.
1115 232 1165 290 ia·

43 346 191 426 Epigraphe.
213 340 363 439 Smaaia]
388 342 524 403 Sarranae
545 341 683 401 dieuntnr
704 342 743 400 ab
764 352 884 403 auctore
904 340 957 420 qui
976 339 1051 403 illud
1070 343 1165 421 genua

87 446 214 485 nucum
226 445 266 485 ex
363 424 416 483 vit.

41 506 134 587 Prolog.
154 513 180 567 6.
201 438 362 585 mpppffita
351 502 491 583 Diphilus
511 502 637 564 Graeena
657 502 820 562 Comoedna
840 503 906 573 fnit,
926 504 979 582 qui
998 506 1165 584 compoauit

84 588 198 647 fabulam
218 607 305 666 quern
322 584 485 665 appellavit
505 584 823 663 Synapothnescontes,
842 584 923 664 qnod
945 584 1051 645 latina
1072 584 1164 645 Com·

83 670 226 728 moriente·
246 667 494 747 signifieat-40.
506 665 542 723 la
560 662 688 804 repotia]
702 663 863 743 Negotium
883 665 991 725 dicimr
1004 668 1089 745 qnaai
1108 686 1164 727 nee

83 750 174 809 otium.
195 748 231 809 ln
237 748 448 827 competitione
458 748 537 805 enim
549 744 599 805 nul
611 766 661 805 nm
673 757 719 804 eat
729 748 924 805 otium-22.
938 745 988 805 Ne
996 746 1166 827 expectatis]

83 832 113 889 ln
132 830 279 890 mmoediia
301 850 362 889 non
389 842 545 888 narrantur
571 845 620 886 rea
646 838 750 905 gotta,
774 826 829 886 aed
851 846 987 907 perrona
1010 828 1167 907 loquenten

83 913 148 970 inter
160 930 190 970 ae
204 912 298 990 ipaam
311 909 442 969 fabulam
455 920 557 987 agunt.

43 994 59 1051 1.
72 998 92 1049 1.
107 991 146 1071 1.]
165 992 277 1051 Demea
296 991 400 1050 habuit
414 990 490 1048 duoa
503 988 587 1058 lilios,
602 1008 729 1067 quorum
748 1008 840 1049 onom
853 988 1070 1049 commendavit
1083 990 1167 1049 fratri

83 1092 129 1132 ruo
149 1072 265 1133 hlitioni
287 1071 327 1131 ad
352 1070 551 1141 nutriendum,
573 1070 625 1147 qni
644 1070 806 1129 vocabatur
824 1069 1168 1150 Aeschinum-som]

83 1154 225 1233 Proprium
232 1172 361 1223 nomem
383 1150 602 1211 indubiaetiam
615 1150 761 1229 aeriptura
771 1168 879 1211 noman
887 1152 1002 1212 arboria
1011 1152 1168 1221 invenitur.

85 1234 156 1312 cnjna
168 1234 263 1294 retina
276 1246 389 1301 atorax,
403 1232 492 1311 hujua
506 1232 629 1296 atoracia
642 1244 776 1291 vocatur.

42 1314 71 1373 ll.
85 1320 106 1373 1.
119 1314 158 1394 1.]
171 1314 279 1375 Sannio
300 1315 356 1373 iate
375 1312 445 1373 leno
459 1312 531 1372 dum
550 1313 718 1391 privaretur
736 1312 891 1373 meretrice
908 1332 962 1372 aua
974 1314 1013 1372 ab
1027 1312 1169 1372 AEarbino

84 1396 298 1457 damnat-2.
317 1393 361 1474 1.]
374 1394 467 1473 Syrna
488 1412 591 1453 aervua
606 1392 709 1452 videna
723 1392 873 1455 sollicitari
887 1392 1060 1454 AEathinum
1072 1393 1168 1453 domi·

83 1496 143 1535 num
155 1498 239 1537 annm
251 1476 291 1535 dc
305 1477 362 1535 hoc
376 1475 457 1553 quod
470 1473 568 1533 lenoni
583 1474 703 1543 lecerat,
717 1474 759 1533 ait
772 1473 824 1533 illi.

42 1556 83 1614 lll.
94 1557 170 1637 t.1.]
184 1558 300 1617 Demea
313 1556 437 1615 audiena
450 1555 544 1615 filium
556 1572 641 1615 auum
655 1556 830 1633 participem
842 1554 943 1625 initae,
956 1554 988 1615 in
1001 1555 1067 1615 hiae
1078 1557 1170 1616 verba

83 1652 289 1779 bittit
289 1637 536 1797 ii‘rffi‘ii
544 1634 896 1776 ''thetim'‘
892 1635 1117 1776 iiiiii-‘⁰25'
1117 1649 1170 1796 31¹3

83 1798 150 1859 Geta
168 1800 292 1861 veniena
311 1819 379 1860 omn
399 1796 548 1877 Hegione,
562 1817 651 1876 quarn
671 1796 847 1869 adduoebat,
866 1798 1117 1859 aermocinabatur
1131 1798 1168 1857 de

83 1880 130 1940 hoc
142 1882 229 1942 facto.
893 1906 897 1914 ⁴

42 1958 81 2019 ll.
99 1967 123 2020 3.
144 1962 186 2041 1.]
205 1962 290 2022 Dum
311 1960 412 2039 Hegio
433 1958 566 2019 laudaret
587 1957 745 2019 Mitionem
763 1960 863 2019 omnia
883 1960 1005 2021 honeate
1022 1959 1168 2038 judicare,

82 2042 176 2102 niam
189 2064 207 2103 a
219 2044 358 2103 Sostrata
377 2042 442 2101 haec
456 2041 483 2099 ei
497 2040 731 2119 respondit-4.
749 2040 794 2120 1.]
816 2040 973 2101 AEachinua
987 2060 1169 2121 eognoacena

84 2124 179 2183 tristari
192 2126 359 2184 Soatratam
374 2120 523 2199 filiamque
542 2120 723 2200 illiusquam
744 2121 807 2201 ipae
821 2122 985 2193 vitiaverat,
999 2122 1084 2201 quaai
1105 2122 1168 2201 ipae

84 2203 161 2263 vellet
172 2225 236 2265 eam
249 2204 381 2275 abicere,
395 2204 426 2262 in
439 2203 505 2261 haec
519 2204 611 2261 verba
627 2203 868 2281 prorumpit-h.
883 2202 927 2280 1.]
941 2202 1033 2263 Mitio
1052 2202 1169 2261 Soatra·

85 2296 134 2343 tanr
147 2285 208 2363 jam
222 2298 338 2345 certam
350 2283 520 2343 reddiderat
534 2282 614 2361 quod
629 2283 795 2343 AEachinua.
807 2282 989 2363 Pamphilam
1011 2303 1064 2363 per
1080 2281 1168 2342 ailen-

84 2366 146 2424 tium
158 2366 288 2437 duceret,
304 2364 451 2443 simulque
465 2364 637 2423 hortabatur
652 2362 732 2423 illam
752 2384 857 2443 parare
870 2384 906 2423 ea
919 2384 988 2442 quie
1001 2365 1039 2424 ad
1051 2362 1169 2442 nuptiae

84 2447 303 2522 pertinent-6.
329 2444 374 2524 1.]
398 2444 520 2515 Demea,
545 2456 695 2505 revertam
718 2446 757 2504 ab
779 2444 969 2524 inquisitione
992 2446 1091 2505 fratria
1111 2446 1169 2515 aui,

85 2526 188 2587 deluam
201 2550 220 2588 a
233 2530 316 2607 Syro
329 2546 428 2586 mcum
442 2525 628 2603 loquebatur.

44 2603 70 2662 ll.
84 2611 105 2665 1.
121 2606 158 2687 1.]
171 2609 265 2689 Syrus
279 2620 365 2667 aatnr
378 2606 501 2665 effectur
515 2606 721 2685 egrediebatur
734 2606 815 2666 loraa
835 2606 923 2667 latua
941 2598 1043 2667 dicena
1063 2608 1101 2668 ad
1122 2631 1170 2669 ae·

86 2692 247 2767 metipsum:
268 2708 327 2768 per
340 2688 500 2747 Dominum
514 2688 664 2747 Pollucem
677 2708 760 2747 more
774 2687 841 2767 Syri
856 2702 885 2747 te
902 2689 1011 2748 eurdati
1031 2690 1169 2751 molliter.

86 2768 186 2847 Syriuoe
196 2783 299 2831 antem
314 2780 360 2828 cat
373 2768 544 2827 adverbium
559 2766 792 2846 qualitatia.-2.
807 2774 837 2828 6.
851 2768 1014 2862 Mortigio]
1027 2768 1171 2851 Martigia

87 2850 126 2908 vel
136 2854 240 2911 maatix
259 2850 372 2910 dicitur
390 2848 525 2927 corrigia,
540 2870 599 2927 qua
611 2849 705 2927 Syrna
721 2848 839 2909 volebat
850 2850 994 2929 impedire
1014 2849 1168 2912 Demeam.

87 2930 184 2991 Demea
201 2954 275 3011 ergo
297 2932 389 2990 intrat
408 2931 438 2989 in
458 2930 577 2989 domum
598 2930 778 3000 interiorem,
799 2942 834 2989 ut
851 2930 965 2991 videret
985 2932 1010 2990 ai
1029 2946 1108 2992 earet
1128 2936 1169 2994 ihi

88 3008 212 3092 Cteaipho
226 3014 393 3105 filiuaauua
407 3010 596 3105 absconditur
609 3030 676 3070 turn
690 3011 822 3089 paaltria.
856 3010 984 3071 Volebat
995 3033 1063 3073 aum
1076 3014 1170 3093 Syrna

90 3090 616 3245 lhtffimhtssltfifihll
627 3090 1000 3252 ettamen?
1003 3114 1171 3236 1111111

88 3254 149 3313 bene
170 3257 253 3326 vivit,
282 3267 318 3314 ut
344 3274 403 3314 non
426 3254 555 3331 indigeat
577 3252 1000 3314 alteriua.admonitione.-d.
1024 3254 1068 3334 1.]
1092 3256 1171 3316 Geta

89 3352 177 3394 aerina
194 3337 345 3396 dominam
365 3355 448 3395 auam
466 3334 625 3412 alloquitur
644 3334 912 3395 Sarmatam-Ad
923 3334 987 3415 bor]
1002 3336 1052 3395 Ad
1065 3336 1170 3395 Mitio-

89 3433 144 3473 nen
155 3431 183 3476 et
196 3416 418 3482 aliea-Quam
430 3413 508 3493 moa]
523 3416 622 3482 Quam
638 3416 697 3475 cito
708 3416 809 3475 dicena
825 3437 857 3475 ae
871 3417 981 3475 iturum
995 3429 1029 3475 ut
1042 3418 1170 3496 puellam

89 3504 258 3558 evocet—9.
277 3503 327 3557 la.
341 3495 437 3575 Serio]
451 3495 511 3556 Pro
524 3510 606 3557 certo
619 3496 761 3577 accipitur
774 3496 991 3557 adverbialiter.
1030 3498 1171 3559 Similiter

91 3576 191 3649 quando
216 3579 327 3639 aerium
354 3589 399 3637 eat
425 3597 543 3645 nomen,
566 3596 670 3637 verum
697 3591 728 3636 et
751 3590 864 3637 certum
887 3577 1033 3656 significat
1057 3578 1170 3639 dictum

90 3657 159 3729 quui
172 3659 233 3719 aine
252 3661 417 3719 riam-19.
431 3656 549 3736 anates]
570 3657 743 3717 Manumitti
756 3672 788 3718 et
806 3678 860 3739 per
879 3660 937 3719 hoc
956 3659 1079 3720 liberam
1094 3662 1168 3722 deri.

91 3732 123 3795 lit
134 3738 161 3797 id
173 3753 218 3799 eat
230 3760 337 3801 nomen
351 3740 424 3799 viria
437 3739 557 3817 quando
571 3738 670 3799 servili
684 3739 852 3800 conditione
864 3739 952 3800 liberi
966 3739 1050 3800 finnt.

290 3871 294 3880 .
419 3839 593 3881 canutoerua
613 3838 772 3879 1111111111.

480 4014 702 4079 tractat.
728 4106 734 4121 ,

53 4128 68 4187 l·
82 4138 154 4219 1.1.]
168 4142 289 4205 Philotia
309 4166 360 4205 seu
380 4144 543 4205 Philotium
564 4144 693 4223 loquitur
714 4166 780 4204 cum
800 4144 875 4225 Syra
893 4144 1017 4222 alliaque
1036 4148 1169 4206 meretri·

93 4220 164 4281 tibua
175 4224 211 4283 de
225 4226 388 4306 Pamphilo,
403 4226 453 4304 qui
468 4226 588 4284 dimissa
603 4225 749 4285 Bacchide
762 4225 952 4304 deaponaavit
966 4223 1170 4287 Philumenam

95 4297 169 4360 filiam
183 4304 400 4386 philippe-a.
421 4302 462 4385 1.]
476 4306 646 4385 Pamphilus
661 4319 742 4365 certa
761 4328 850 4365 cuuaa
866 4306 940 4364 ierat
955 4306 1032 4365 ultra
1045 4327 1126 4367 mare
1140 4322 1171 4368 et

97 4386 249 4473 sperabatur
272 4388 334 4467 jam
360 4388 479 4459 reverti,
503 4388 580 4449 unde
605 4386 750 4447 Parmeno
774 4388 797 4446 it
818 4386 1035 4447 consideratum
1059 4387 1084 4445 ai
1107 4387 1170 4466 jam

100 4477 173 4522 limi.
