2834 4759
404 161 823 229 ARGUMENTUM.
1128 166 1194 231 553

27 315 121 350 nnsns
135 314 192 349 enm
207 298 309 349 senibus
324 298 420 357 eslllds,
436 308 463 347 et
477 312 536 347 mox
551 314 609 348 oum
625 296 769 363 Antiphone
785 298 816 347 de
833 296 918 347 erdem
933 312 1007 349 csuss
1021 298 1127 365 simplex
1143 300 1195 353 ‹lis-

27 381 145 447 pomtio:
163 396 250 430 senum
261 379 327 429 inter
343 394 370 429 ss
388 379 537 443 colloquium
547 380 578 429 ds
595 378 739 445 expulsione
750 377 873 429 mulieris:
893 386 917 427 st
927 380 959 428 sd
970 390 1108 431 extremum
1118 384 1194 433 verbs

28 461 174 512 Chremetis
195 460 350 525 agnoscentis
372 460 501 519 nutricem,
523 474 551 509 se
567 475 614 526 per
631 476 685 509 enm
704 460 781 509 liliam
802 474 871 509 susm
891 476 948 509 eum
968 460 1112 527 Antiphone
1132 480 1192 513 eon·

21 547 149 608 junctam.
185 544 217 591 ln
234 546 314 607 quinto
324 545 389 591 Actu
404 557 450 607 per
467 541 631 605 Demiphonis
642 553 750 590 errorem
762 540 878 590 Phormio
889 542 979 606 occipit
989 555 1117 607 ungentum
1129 545 1194 595 dotis

25 625 147 674 nomine:
165 634 192 673 et
201 623 347 673 convenitur
363 623 525 682 Nausistrata,
541 633 570 672 ut
581 623 649 672 exire
665 622 738 672 domo
749 621 880 687 compellat
892 622 1020 673 Phanium.
1055 625 1194 676 Nuneistur

24 707 172 772 Antiphoni
192 714 218 755 et
235 704 379 755 Phormioni
396 720 441 770 per
452 706 548 763 Getam,
562 704 684 754 Phanium
701 720 717 753 e
733 714 804 769 petre
822 703 937 768 agnitum,
956 706 1148 771 permissumque
1165 716 1195 757 ut

24 804 95 838 uxor
114 788 246 837 hsbestnr:
269 801 323 850 qun
342 801 418 849 quum
432 785 468 835 its
485 794 563 850 nuptu
579 786 619 844 sit,
638 785 779 851 exposcitur
798 794 927 849 argentum
946 802 961 835 s
982 786 1130 837 Phormione
1147 804 1193 854 per

22 870 113 919 rixsm
129 883 230 917 senum
247 865 361 930 equibus
378 866 420 915 ills
437 881 578 931 oppressus,
597 881 651 915 rem
670 881 768 915 omnem
786 864 865 930 sperit
882 864 1060 917 Nausistrstn:
1077 869 1109 919 sd
1128 870 1193 934 quotl

23 950 141 1015 primum
150 948 221 1006 irsts,
232 946 298 997 utin
315 946 358 996 teli
375 962 403 996 re
416 962 486 1007 uxor,
498 962 556 997 mox
571 946 664 997 lenitur
679 946 707 996 in
718 947 768 997 llne
779 945 874 1007 loide,
886 958 912 996 et
922 948 1071 999 tutissimum
1082 966 1097 1001 s
1114 952 1192 1017 petris

23 1030 271 1095 inconditorum
283 1026 427 1078 Phntlrism.
