2834 4759
221 226 282 290 172
658 222 938 289 TERENTII
1217 222 1341 305 [senus
1358 241 1395 282 u.

261 359 327 425 Cn.
342 358 421 424 Non
437 368 488 423 est
500 356 671 443 profecto:
696 359 776 422 sine.
815 354 901 421 Pru.
919 354 966 421 At
976 356 1062 421 enim
1076 356 1168 421 istoec
1182 355 1217 419 in
1228 377 1282 419 me
1294 355 1396 419 cude-

328 468 383 520 tur
398 456 483 521 faba.
526 456 590 520 Cu.
607 454 683 520 Ah!

134 566 138 573 '
221 552 351 618 soPrn.
369 550 542 637 Flagitium
557 553 702 617 facimus.
742 551 807 616 Cu.
824 550 879 617 An
894 554 930 617 id
944 552 1156 638 flagitium’st,
1168 552 1244 615 siin
1258 551 1397 615 domum

329 652 542 715 meretriciam

267 750 435 825 Deducor,
452 760 485 813 et
500 748 562 811 illis
575 749 738 825 crucibus,
749 769 823 832 quae
837 769 897 812 nos
912 760 1122 832 nostrumque
1137 746 1398 812 adolescentiam

264 846 400 911 Habent
428 846 639 930 despicutam,
662 857 696 909 et
718 868 792 930 quae
820 868 880 909 nos
916 868 1044 931 semper
1073 847 1221 910 omnibus
1243 846 1399 909 cruciant

331 946 447 1021 modis,

267 1043 367 1108 Nunc
390 1043 528 1107 reseram
550 1046 705 1129 grstism3
730 1054 829 1129 utque
852 1065 907 1106 cus
934 1042 1046 1105 itidem
1067 1039 1186 1117 fallam,
1204 1050 1243 1103 ut
1262 1042 1309 1104 ub
1332 1040 1399 1103 illis

331 1140 492 1206 fallimur?

265 1237 322 1302 An
336 1240 445 1323 potius
459 1238 531 1304 haec
547 1240 632 1324 patri
647 1262 776 1323 aequum
792 1246 843 1302 est
857 1236 940 1312 fieri,
956 1247 994 1300 ut
1009 1258 1029 1300 a
1043 1258 1093 1300 me
1109 1234 1242 1299 ludatur
1256 1236 1372 1300 dolis?

224 1350 255 1397 95
268 1338 380 1415 Quod,
388 1338 443 1421 qui
450 1336 786 1421 rescierint,culpent:
802 1334 882 1399 illud
889 1335 1004 1399 merito
1013 1334 1251 1399 sactumomnes
1259 1344 1399 1418 putent.

223 1501 321 1549 babent.
355 1500 404 1548 Sed
415 1502 514 1547 calidum
532 1508 556 1546 et
568 1514 653 1547 versus
665 1508 690 1545 et
701 1513 789 1547 sensus
855 1498 894 1545 91.
912 1500 946 1545 Et
956 1499 1005 1544 iliis
1015 1495 1133 1558 crucibus]
1150 1496 1207 1544 Hoc
1218 1497 1272 1557 jum
1288 1496 1402 1545 udillud

224 1564 356 1627 postulant.
382 1564 410 1611 B.
821 1560 1131 1624 pertinetutostendutur
1145 1559 1247 1616 decem
1269 1570 1298 1608 et
1312 1561 1402 1625 primo

258 1630 296 1677 89.
315 1632 348 1677 Ar
364 1632 423 1675 enim
439 1632 503 1675 istaec
519 1632 543 1675 in
559 1644 593 1675 me
610 1630 705 1675 cudetur
714 1622 789 1688 salta]
822 1641 837 1674 s
921 1628 1016 1687 nuejus
1027 1626 1055 1674 fit
1067 1624 1190 1687 (Uterque
1201 1624 1272 1680 liber,
1284 1626 1346 1687 ejus,
1360 1630 1403 1673 cui

225 1692 257 1741 Id
268 1700 313 1749 est,
331 1693 357 1739 in
373 1708 413 1740 me
429 1693 475 1740 hoo
488 1693 577 1741 mulum
590 1691 688 1748 recidet,
706 1690 734 1737 in
750 1706 790 1738 mc
816 1693 867 1751 fit.
901 1690 1026 1739 D.-Nos
1041 1698 1184 1751 momenque
1201 1689 1401 1753 accurentium]

223 1757 276 1805 brec
285 1755 449 1806 vindicabitur
457 1756 541 1821 culpa:
559 1766 587 1804 ut
597 1756 692 1803 loborat
702 1754 790 1812 solum,
822 1752 899 1809 Quasi
921 1754 1048 1811 incertum,
1066 1764 1092 1802 et
1111 1752 1142 1801 ud
1161 1768 1188 1801 se
1203 1752 1311 1815 quedam
1328 1754 1401 1802 diui·

226 1820 307 1883 inquo
316 1820 420 1879 cuditur,
429 1820 507 1877 idest,
515 1820 697 1875 butuiturlabn;
714 1834 791 1882 quum
822 1819 892 1867 sione
902 1820 1065 1882 pendentem
1084 1818 1156 1880 qusle
1171 1827 1208 1867 est
1219 1818 1290 1876 illud,
1303 1818 1401 1881 virgil.

226 1884 320 1948 siliquis
341 1884 439 1932 exuitur
459 1893 531 1933 tunsa
553 1884 625 1946 (inter
644 1893 718 1939 tunso,
741 1884 790 1931 Mu.
823 1884 912 1946 Geor-q.
939 1883 955 1930 i.
981 1880 1175 1945 292-Jerroquc
1196 1881 1265 1944 socer
1291 1886 1402 1945 &spicat

228 1949 334 2009 Boend.)
345 1949 463 1997 tristibus:
482 1948 546 1997 utin
558 1948 622 1996 creis
637 1964 704 1995 more
716 1948 790 1995 rusti·
822 1956 897 1996 ocuto.
921 1946 951 1995 E.

226 2028 310 2063 corum
327 2014 362 2061 fit.
397 2012 442 2061 Vel
455 2012 629 2075 quodquidam
646 2012 790 2060 mclecouo·
866 2013 905 2059 92.
929 2014 1025 2059 Habent
1051 2010 1204 2073 ὰερᾶωίω]
1232 2013 1401 2061 Contentum

227 2088 276 2126 turn
289 2078 375 2134 lubum,
385 2086 410 2125 et
420 2093 475 2140 quse
483 2092 532 2126 non
542 2077 668 2135 maduerit,
679 2076 722 2125 sed
731 2077 792 2123 dura
824 2076 1055 2139 utqucdespeotsm.
1084 2076 1119 2124 Et
1134 2075 1217 2125 ituest
1232 2074 1403 2127 &uacet

226 2142 396 2255 Kermanserst,
408 2158 482 2206 supra
490 2152 564 2217 caput
574 2142 654 2204 coqui,
665 2141 734 2188 velut
744 2139 792 2205 ipsi
824 2138 1004 2200 murmuris.
1022 2139 1069 2189 Vel
1080 2148 1147 2188 certe
1155 2140 1256 2188 alterius
1268 2141 1340 2189 verbi
1354 2142 1402 2189 de·

251 2208 288 2255 bue
299 2206 355 2255 ituti
368 2222 427 2255 saxo
438 2216 614 2263 comminuunt,
628 2216 679 2254 tum
691 2205 791 2253 unirer·
824 2204 932 2262 clinstlo,
948 2206 979 2252 ub
994 2219 1025 2252 eo
1036 2204 1102 2266 quod
1116 2216 1155 2253 est
1169 2208 1280 2265 ἀερίων.
1297 2216 1326 2253 ut
1342 2223 1402 2253 cou-

227 2288 281 2320 sum
299 2271 397 2328 mulum,
416 2280 440 2319 et
456 2270 536 2319 omnis
554 2270 623 2319 dolor
639 2270 670 2317 ud
686 2284 791 2331 coquum
823 2273 904 2330 spicer.
926 2268 1063 2325 Sallustios,
1077 2269 1106 2316 B.
1117 2270 1175 2331 lug.
1187 2270 1247 2317 xlix.
1266 2270 1347 2322 Quum
1360 2276 1402 2319 iu·

226 2335 346 2401 pervenit
375 2334 461 2384 Simile
470 2344 495 2383 et
504 2334 724 2398 alibiapulmento
733 2348 790 2397 pro·
824 2336 1002 2381 terramtenus
1011 2336 1403 2395 montedigndierrrcuncxereiru

228 2400 337 2449 verbium
350 2409 394 2458 cst,
414 2402 472 2447 Tute
483 2403 523 2447 boc
539 2402 634 2456 intristi,
646 2402 691 2446 tibi
707 2402 748 2446 boc
758 2406 793 2445 cst
823 2401 974 2459 murpicctur,
983 2401 1059 2458 prino
1071 2401 1162 2455 dubius,
1174 2401 1284 2461 quidm
1299 2403 1403 2447 insolitu

227 2467 382 2519 eredendum,-
399 2466 525 2526 accingere.
550 2463 792 2511 D.-Inrnccudctur
817 2460 896 2524 socier
917 2465 1052 2510 ostenduet.
1087 2462 1291 2524 Deliacum
1320 2464 1404 2513 babet

221 2527 296 2591 sobo]
315 2528 355 2576 Ex
371 2528 506 2591 proverbio.
541 2527 605 2575 Nam
619 2527 792 2588 dicuntquen·
826 2526 967 2575 Bembinuu
985 2526 1404 2589 Sedegolegendumcssecenseo

228 2592 395 2641 dumururutn
407 2592 532 2649 rusticum,
548 2606 603 2640 cum
620 2590 792 2639 lubumcoxis·
825 2593 951 2651 despicatu,
974 2600 1077 2648 vetuste,
1102 2606 1148 2655 pro
1174 2594 1312 2653 duptcarut
1357 2594 1403 2642 Sic

227 2666 272 2714 uct,
289 2667 315 2705 et
331 2672 387 2705 curn
404 2656 470 2705 socio
485 2655 619 2713 invaderet,
636 2664 731 2719 partem
745 2655 793 2703 sibi
826 2655 917 2704 Hesut.
925 2654 952 2703 ii.
962 2656 1048 2703 3.]16.
1058 2658 1163 2717 neglectu
1171 2666 1208 2703 est
1217 2670 1262 2718 pro
1268 2660 1402 2720 ecgberti.

228 2722 258 2770 de
277 2722 406 2785 oposcisse,
423 2730 452 2769 ut
467 2736 523 2768 cum
540 2720 607 2768 socio
622 2719 751 2767 invaderet
766 2720 793 2767 in
826 2720 909 2781 Atque
924 2722 1007 2767 babere
1022 2723 1151 2780 despuatui
1171 2720 1297 2783 reperitur
1314 2722 1402 2770 Pluut.

275 2800 314 2834 em
325 2785 436 2833 rusculor
456 2793 480 2832 et
491 2799 578 2848 uquam
595 2784 712 2845 udjccissc
728 2783 793 2847 purti
826 2783 947 2832 Menaecb.
961 2784 1029 2831 ius.
1043 2785 1081 2832 19.
1105 2784 1133 2831 B.

227 2864 285 2908 susc,
297 2865 352 2913 quse
363 2858 477 2913 corrupte
487 2859 512 2896 et
522 2850 622 2897 alterurn
631 2862 727 2911 quoque
738 2864 792 2897 cot·-
858 2850 897 2896 93.
915 2850 984 2896 Nunc
1006 2846 1104 2910 reseram
1122 2846 1238 2911 gratian]
1262 2848 1324 2896 Non
1347 2864 1401 2905 ess,

227 2914 305 2978 rupit:
319 2914 384 2963 unde
394 2914 529 2962 communis
539 2914 592 2962 isba
603 2913 792 2976 corruptuetin
825 2910 912 2975 inquit,
929 2913 1060 2960 lacessam:
1081 2913 1133 2969 sed,
1150 2913 1215 2975 quod
1228 2915 1326 2974 jusmm
1351 2928 1402 2971 est,

228 2979 722 3043 eumquihocsecersttotuconrersucst.
742 2976 792 3039 lgi-
824 2976 904 3025 ricem
920 2977 1037 3024 reddant
1061 2977 1130 3039 quusi
1147 2978 1201 3040 ipse
1214 2977 1241 3025 in
1252 2976 1403 3027 arrisimus

229 3044 483 3157 mrffiverggulnlm
496 3042 539 3155 qui
553 3040 681 3099 malefacit,
693 3041 720 3089 in
736 3057 793 3089 eunt
819 3039 1176 3167 qqqlmiltublq'ilissoiliruuri]
1192 3041 1250 3089 Non
1264 3042 1341 3099 dixit,
1353 3048 1403 3092 otii

229 3124 311 3157 recta
349 3124 365 3156 u
418 3118 471 3156 ecit.
519 3142 525 3153 .
911 3122 945 3154 ur.
995 3140 1001 3153 .

262 3172 300 3219 90.
319 3125 446 3235 lllhgitium
456 3170 571 3233 facimus]
586 3172 715 3233 Flagitium
725 3184 793 3218 more
858 3170 897 3217 94.
915 3172 954 3217 An
960 3174 1037 3231 potius
1046 3173 1095 3218 isac
1103 3174 1162 3231 poti,
1172 3174 1366 3233 aequunestfierr'
1373 3174 1402 3237 r]

229 3236 329 3283 militari
341 3236 437 3293 dicitur,
452 3252 492 3284 res
508 3236 665 3298 flagitatione,
682 3233 729 3282 hoc
746 3242 792 3292 est,
828 3233 882 3282 lllic
894 3234 1036 3283 vicissitudo
1047 3243 1116 3283 extat
1125 3235 1152 3282 in
1164 3238 1218 3296 poti
1231 3238 1303 3283 dolos.
1338 3240 1404 3287 L'to

229 3300 396 3375 increpatione
425 3300 507 3363 dignu.
547 3301 611 3348 Num
638 3302 758 3361 flagitatio
781 3312 797 3345 u
828 3314 863 3345 ore
885 3300 980 3346 ludatur
995 3298 1067 3361 dolis]
1084 3297 1223 3360 Σύλληψιςε
1246 3301 1404 3351 subauditur

228 3372 339 3476 iiiiii
355 3362 794 3489 iitturuutrtiuu
825 3362 1403 3489 ggqnfflqrfflqqnqo

496 3462 500 3473 ·
629 3464 635 3475 ·
671 3461 698 3484 ¹2
784 3454 794 3465 ¹
1062 3462 1068 3485 r
1180 3462 1187 3475 ·
1202 3463 1209 3475 ·
1256 3454 1300 3475 ·“·

250 3496 313 3549 'tore,
326 3491 351 3539 id
363 3500 406 3549 est,
419 3506 550 3555 personare
566 3492 727 3555 intelligimus
738 3490 794 3539 dici.
828 3495 876 3539 tius
885 3495 935 3539 lucc
943 3496 1008 3553 putri
1016 3491 1042 3554 Ι]
1056 3491 1148 3540 Melius
1156 3502 1201 3550 est,
1210 3492 1299 3554 inquit,
1311 3493 1340 3541 in
1354 3450 1405 3543 ‹le-

228 3510 295 3605 llsm
312 3556 363 3604 baec
381 3556 462 3604 omniu
478 3556 532 3605 sine
552 3556 634 3605 sonitu
650 3554 794 3619 crepituque
826 3570 894 3603 mum
906 3555 1282 3618 meretriciam(ei,z.)deducur
1294 3558 1343 3619 (ui,
1356 3560 1404 3622 Z.)

230 3636 280 3670 non
295 3634 359 3670 sunt.
393 3624 432 3669 An
449 3624 601 3685 idflagitium
617 3619 686 3682 em]
705 3622 746 3667 An
763 3619 794 3667 li·
826 3620 930 3668 reserum
941 3620 1052 3682 gratiam,
1062 3636 1134 3683 quam
1144 3631 1238 3684 patrem
1250 3620 1344 3671 lullum.
1370 3627 1404 3673 E.

230 3688 301 3735 cesti
328 3702 360 3734 un
378 3686 481 3734 deccat?
516 3687 549 3734 Et
566 3684 641 3749 prius,
655 3684 714 3746 quis
729 3684 793 3732 licet.
826 3684 946 3732 -Nostri
957 3700 1050 3744 omnes,
1062 3690 1101 3733 Ars
1109 3689 1186 3747 potius
1197 3688 1329 3747 iaecpoti?
1349 3690 1406 3739 Sed

230 3755 269 3800 An
281 3754 308 3798 id
311 3754 430 3814 flagitium
441 3759 475 3799 ert
482 3750 508 3811 ?]
522 3750 652 3799 Terentius
660 3748 744 3796 laudat
755 3763 794 3797 ur·
826 3764 892 3797 onus
901 3758 951 3797 ret.
961 3764 976 3797 s
985 3765 1058 3798 manu
1068 3750 1149 3813 primu
1159 3750 1312 3811 bobetpotri
1332 3752 1404 3817 Ego,

230 3826 373 3880 gumentum
391 3815 463 3877 hujus
479 3815 581 3868 inbuite:
602 3814 628 3862 in
645 3828 693 3875 quo
710 3828 793 3860 exem·
827 3828 881 3861 cum
894 3814 995 3862 verbum
1005 3817 1053 3862 iaec
1063 3813 1169 3877 intelligi
1180 3829 1229 3861 non
1240 3815 1404 3880 posuit,qui2

229 3882 298 3945 plum
310 3880 430 3944 promitur
442 3880 605 3941 (promittitur,
620 3878 666 3925 Mn
679 3878 793 3937 Bocnd),
826 3880 851 3925 r‘rt
862 3880 950 3925 dorum
961 3887 1050 3927 mcrstr.
1063 3882 1152 3936 deduci,
1161 3882 1268 3926 crucibus
1278 3882 1329 3928 iilis
1337 3900 1404 3944 gru-

230 3946 295 4008 quod
313 3944 391 4009 prosit
410 3943 559 4007 parentibus,
578 3940 641 3991 obsit
658 3942 794 3989 meretrici·
827 3946 884 3989 tiam
899 3941 992 4005 referre,
1005 3958 1054 3990 non
1070 3946 1239 4006 possuntfien'
1251 3948 1336 4005 μιγῇ-
1363 3948 1403 3995 le·

230 4010 291 4059 bus:
318 4018 343 4057 et
360 4007 433 4057 simul
452 4006 667 4056 deliberationibus
687 4014 795 4054 metans
826 4006 933 4068 gendum
945 4017 1012 4071 puto,
1023 4010 1205 4070 Arpotiuspor
1218 4016 1288 4070 atque
1305 4026 1404 4073 equu-

230 4073 404 4122 idisoiendum
417 4072 476 4133 (Ed.
491 4072 531 4120 Du
544 4072 572 4119 B.
596 4079 699 4118 tractem
715 4073 742 4117 id
749 4068 793 4131 so·
826 4078 1061 4131 erimantum.
1085 4072 1114 4119 B.

230 4140 341 4193 ciendum,
353 4147 380 4185 ut
391 4140 422 4185 od
432 4138 521 4185 domum
531 4138 682 4183 meretricium
693 4136 793 4182 deduco·
858 4136 897 4183 95.
917 4136 985 4187 Quod
992 4140 1033 4198 qur·
1042 4136 1174 4199 rescierint]
1187 4136 1228 4185 Ex
1238 4152 1401 4201 consequen.

231 4208 276 4248 tur.
311 4200 370 4259 Alii,
388 4204 420 4249 od
429 4198 583 4261 faciendum).
618 4202 643 4246 Si
662 4202 686 4246 in
705 4200 794 4246 deorum
826 4198 892 4248 tibus
902 4211 1086 4262 argumentum:
1109 4215 1166 4249 nam
1177 4200 1239 4249 illud
1251 4202 1345 4251 factmn
1360 4208 1400 4253 ri-

230 4268 381 4313 neretrr'cicm
394 4268 494 4313 deducar
526 4265 582 4312 Hoc
599 4262 708 4317 taleestr
726 4262 794 4311 nullu
826 4264 948 4327 tupemtio
958 4265 1076 4327 sequitur,
1088 4265 1134 4313 hoc
1149 4280 1180 4329 up
1197 4265 1301 4314 robutio.
1330 4270 1403 4318 Illud

232 4330 273 4377 lex
289 4328 424 4391 prohibeat,
443 4339 469 4377 et
505 4328 631 4377 ciendutur
653 4336 681 4375 ut
699 4326 795 4375 licitum
826 4280 1197 4393 neritosocturroumputestl
1204 4330 1280 4387 Bene,
1292 4335 1400 4395 nonju.

232 4392 291 4457 (Ed.
314 4392 356 4440 Du
377 4392 404 4440 B.
426 4402 452 4441 ut
471 4393 608 4455 defendatur
627 4394 687 4455 quod
706 4394 795 4440 licitum
827 4393 921 4440 duent.-
940 4394 997 4455 quis
1008 4403 1035 4441 et
1044 4393 1092 4441 hoo
1102 4394 1184 4457 ipsum
1195 4410 1245 4442 non
1259 4394 1322 4443 sutis
1334 4410 1399 4461 pro.

231 4458 285 4520 ed).
310 4456 342 4505 D.
827 4456 885 4503 bum
896 4467 942 4515 est,
953 4457 992 4506 vel
1004 4457 1158 4508 meretricem
1169 4457 1260 4508 fallere.
1284 4458 1318 4509 D.
