2834 4759
210 162 277 227 646
648 156 930 225 TERENTII
1204 160 1335 241 [actus
1349 180 1381 223 r.

214 295 321 361 locis.
338 294 444 381 Egon’
460 295 579 361 timeo?
615 294 680 360 Pu.
696 294 803 361 Recte
817 318 913 361 sane:
936 295 1069 377 quando
1083 293 1163 359 nihil
1177 295 1288 373 times,

255 394 304 459 Et
317 394 380 459 hoc
394 393 473 459 nihil
485 404 546 471 est,
562 394 650 479 quod
665 416 729 478 ego
743 394 829 470 dico,
845 407 882 458 tu
895 417 1003 459 narra.
1039 393 1107 459 Du.
1125 392 1263 459 Scelus!

256 490 337 558 Tibi
348 495 482 557 narret?
521 491 586 555 ΡΗ.
604 490 680 555 Eho
695 495 749 556 tu!
773 491 935 557 factum’st
950 494 1009 557 abs
1024 503 1057 557 te
1073 491 1188 557 sedulo

256 591 322 656 Pro
332 591 442 655 fratre.
466 590 534 654 NA.
544 590 594 654 Mi
605 590 663 667 vir,
673 612 739 653 uon
750 588 827 653 mihi
836 594 968 655 narres?
984 589 1115 655 omns.
1130 589 1200 654 NA.
1211 589 1313 663 Quid
1323 595 1381 655 ati

255 688 318 753 Cu.
330 688 409 753 Non
419 710 502 773 opus
512 698 564 752 est
573 688 670 753 dicto.
697 686 759 751 Pu.
770 687 848 753 Tibi
858 690 1008 773 quidem:
1028 689 1381 774 ntscitohuicopu'st.

216 798 246 845 1⁵
259 786 299 851 ln
312 786 448 852 Lemno.
479 786 542 851 Cu.
555 785 642 851 Hem
655 789 662 849 1
686 786 765 870 quid
780 787 851 853 ais?
870 787 949 852 Da.
962 788 1043 853 Non
1054 790 1168 853 taces?
1187 788 1269 853 .ΡΗ.
1282 789 1382 853 Clam

324 896 367 949 te.
404 884 468 949 ΟΗ.
486 883 554 949 Hei
568 884 663 949 mihil

257 984 321 1049 ΡΗ.
339 981 485 1049 Uxorem
500 984 604 1048 duxit.
642 984 711 1049 Ns.
731 984 781 1049 Mi
792 984 901 1062 homo,
919 985 965 1050 Di
979 985 1094 1050 melius
1110 986 1225 1050 duint!

257 1082 323 1147 ΡΗ.
341 1082 395 1146 Sic
412 1081 583 1147 factum’st.
621 1081 690 1147 NA.
708 1082 797 1147 Perii
810 1083 945 1149 misera!
983 1083 1048 1148 ΡΗ.
1066 1083 1113 1147 Et
1126 1085 1203 1149 inde
1217 1084 1328 1149 filiam

256 1182 409 1265 Suscepit
420 1181 488 1266 jorn
502 1200 608 1259 unam,
625 1180 702 1245 dum
718 1192 755 1244 tu
769 1182 900 1245 dormis.
940 1182 1006 1245 ΟΗ.
1025 1181 1118 1254 Quid
1132 1182 1288 1266 agimus?

257 1278 326 1344 NA.
345 1279 412 1343 Pro
430 1279 475 1343 Di
488 1278 700 1345 immortales!
724 1279 848 1346 facinus
863 1282 1032 1366 iudignum
1046 1292 1081 1346 et
1094 1280 1232 1347 malum!

213 1391 245 1438 2⁰
257 1379 322 1443 ΡΗ.
339 1372 416 1443 Hoc
431 1378 589 1443 ectum'st.
626 1376 695 1441 NA.
713 1380 768 1442 An
791 1380 963 1463 quicquam
984 1374 1084 1443 hodie
1107 1391 1157 1445 est
1180 1380 1310 1447 factrrm
1332 1383 1379 1446 in·

257 1475 325 1550 Qui
335 1476 425 1554 mihi,
437 1476 493 1540 ubi
504 1476 548 1540 ad
559 1497 678 1539 uxores
690 1478 873 1554 ventum’st,
886 1488 955 1541 tum
965 1476 1049 1542 flunt
1062 1500 1167 1542 senes.
1201 1478 1378 1564 [digniusi

257 1574 434 1660 Demipho,
452 1586 484 1639 te
499 1573 646 1659 appello:
670 1596 745 1637 nam
757 1597 809 1641 me
825 1598 898 1640 cnm
910 1574 973 1640 hoc
988 1576 1060 1660 ipso
1074 1575 1228 1642 distaedet
1243 1577 1360 1664 loqui:

256 1675 392 1741 Haecine
408 1684 501 1739 erant
515 1675 630 1737 itiones
646 1674 781 1749 crebrae,
796 1684 830 1737 et
843 1674 1025 1738 mansiones
1040 1674 1177 1738 diutinae

257 1774 394 1839 Lemnii
417 1772 540 1837 haecine
550 1781 620 1836 erat
630 1794 679 1849 en,
690 1793 764 1855 quae
776 1782 904 1836 nostros
913 1771 1039 1836 fructus
1052 1773 1229 1846 minuebat,
1240 1774 1377 1839 vilitas?

213 1884 244 1932 2⁵
258 1868 325 1936 ΒΗ.
338 1871 424 1955 Ego,
436 1869 656 1945 Nausistrata,
668 1892 740 1933 esse
749 1871 782 1934 in
791 1869 853 1935 hoc
863 1892 898 1935 re
907 1869 1035 1955 culpam
1043 1872 1264 1937 meritemnon
1270 1898 1377 1961 nego:

256 1970 324 2035 Sed
338 1992 419 2047 eam,
436 1969 513 2053 quin
530 1969 572 2033 sit
586 1968 795 2053 ignoscenda.
833 1967 898 2032 ΡΗ.
910 1966 1024 2033 Verba
1037 1967 1121 2033 flunt
1133 1982 1280 2036 mortuo.

246 2159 283 2205 ll.
304 2156 370 2219 Lege
388 2162 490 2203 accentu
511 2151 658 2211 venustiore,
678 2156 713 2201 Et
734 2155 775 2202 hoe
803 2155 858 2215 plna
871 2156 949 2215 mulo,
965 2171 1009 2203 sno
1023 2171 1075 2216 qna
1090 2164 1172 2204 amnt
1179 2155 1320 2219 jacim!
1340 2162 1380 2208 Ar

212 2222 272 2271 nihil
282 2228 323 2277 est,
335 2224 376 2283 ego
387 2222 447 2283 qnod
457 2221 513 2276 dico,
526 2226 551 2266 tn
563 2234 641 2267 norro.
664 2218 692 2266 B.
807 2235 887 2267 acres
895 2227 985 2267 centnm
993 2228 1035 2277 sat,
1047 2224 1162 2280 tnssflnnt
1172 2220 1252 2285 anea]
1267 2224 1378 2288 Elegan-

247 2289 284 2335 12.
303 2286 386 2334 Bemb.
411 2287 457 2333 Ode
475 2292 516 2339 ειη
541 2283 585 2331 sed
601 2282 677 2331 nostri
689 2297 775 2331 omnes
807 2283 986 2343 terfiertdixit.
1015 2284 1050 2332 Et
1058 2286 1206 2348 generaliter
1216 2286 1377 2345 invidiosius,

164 2354 171 2362 “
212 2354 263 2401 Eho
279 2360 321 2405 tu,-
338 2349 402 2412 qnod
417 2349 505 2413 placet.
534 2347 574 2396 Sic
594 2348 660 2396 enim
675 2347 774 2411 passim,
807 2363 879 2410 quam
891 2348 912 2397 sl
924 2364 1001 2397 unum
1012 2360 1138 2398 accusaret
1148 2365 1240 2399 senem.
1268 2354 1303 2403 D.

211 2420 258 2473 cho,
269 2418 369 2464 ehodum.
391 2415 420 2461 B.
840 2416 878 2460 22
891 2412 1019 2477 Distaedet]
1032 2414 1110 2463 Valde
1118 2426 1196 2478 putet.
1226 2417 1378 2483 Objurgatio

247 2483 283 2529 1³.
302 2480 356 2527 Prae
371 2478 466 2541 vulgari
474 2494 557 2526 narrar
567 2477 648 2541 placet
660 2475 774 2525 Bembini
807 2476 975 2540 indignatione
991 2488 1017 2529 et
1031 2480 1181 2543 munimentis
1197 2481 1286 2544 plena,
1303 2500 1377 2547 quam

211 2548 277 2603 diets,
290 2542 541 2608 quiasequiturds'cto.
566 2543 594 2590 13.
807 2542 931 2605 Demipho
944 2543 1115 2607 deprecatione
1129 2545 1233 2609 mitiget.
1257 2548 1378 2598 m-rm

247 2612 283 2660 15.
302 2610 350 2659 Pro
366 2614 402 2657 atr
417 2618 467 2656 tres
478 2622 510 2655 ex
521 2606 610 2655 nostris
619 2608 690 2656 bonas
701 2614 772 2664 note,
805 2606 901 2670 vulgari
916 2625 967 2657 cuer
981 2612 1022 2657 luc
1037 2612 1087 2671 ipso
1097 2610 1175 2658 codex
1186 2610 1322 2663 Petrensis
1333 2615 1377 2662 lra-

211 2679 264 2738 φ’.
271 2696 281 2731 ,·
303 2673 368 2737 quod
382 2674 436 2723 sine
449 2672 523 2721 dubio
534 2672 582 2721 huc
599 2681 637 2720 est
651 2671 773 2736 recipien-
806 2672 848 2721 bet
862 2689 913 2721 eum
928 2676 969 2721 loe
984 2677 1036 2721 teto.
1069 2674 1119 2722 Sed
1128 2685 1235 2723 metrrrm
1246 2688 1276 2726 et
1287 2695 1377 2728 senuas

212 2742 278 2789 dum,
303 2740 331 2787 Β.
806 2738 965 2801 comprobant
974 2738 1104 2787 lectionem
1115 2740 1168 2788 cod.
1181 2740 1243 2804 Reg.
1257 2760 1315 2791 m
1325 2748 1378 2793 iata.

247 2806 283 2853 16.
301 2807 338 2853 Mi
357 2807 428 2861 homo,
445 2805 480 2851 Di
495 2803 575 2850 melius
586 2804 653 2850 duint
662 2800 686 2865 !]
698 2802 774 2857 Quae·
806 2802 879 2859 Nam,
896 2812 995 2851 auctore
1012 2803 1117 2862 Donato,
1132 2808 1176 2854 iste
1191 2805 1287 2856 dicitur
1299 2808 1328 2857 in
1339 2825 1376 2866 eo,

211 2870 246 2919 rit
263 2870 362 2924 Probus,
380 2884 411 2916 sn
428 2877 538 2916 matrona
556 2876 605 2914 tem
623 2866 774 2915 familiariter
806 2866 1030 2929 quicoutemnitur.
1054 2870 1083 2917 B.

211 2940 243 2984 mi
258 2939 327 2991 hono,
346 2943 412 2983 recte
428 2931 493 2981 dicat
509 2931 603 2980 alieno:
621 2932 664 2980 sed
676 2931 772 2980 frustra
838 2934 877 2980 23.
887 2933 949 2981 Cum
960 2933 1059 2981 Donato
1067 2934 1099 2982 ad
1110 2934 1175 2983 Eun.
1187 2934 1223 2983 iii.
1235 2938 1259 2983 5.
1274 2940 1318 2987 84
1336 2940 1376 2987 hie

212 3001 276 3049 Nam
293 2999 438 3048 seminarum
454 2998 539 3054 oratio,
552 2997 598 3045 etsi
613 3012 662 3045 non
678 2996 772 3045 blandi·
805 2995 852 3059 legi
870 2998 950 3053 debet,
966 3000 1025 3046 Haec
1040 3001 1088 3047 illa
1103 3008 1171 3047 nnat
1181 3004 1265 3051 itiones
1277 3008 1375 3053 mssa.

213 3075 260 3121 tur,
273 3065 361 3113 blanda
372 3074 416 3112 eat.
440 3063 471 3111 1).
806 3061 854 3118 Sic,
863 3062 955 3110 Aodi
971 3065 991 3111 1.
1004 3065 1057 3111 100.
1073 3066 1375 3128 Haecillaelncmaedraea

245 3132 282 3179 18.
297 3129 360 3182 Quid
370 3133 459 3191 agimus
468 3126 493 3191 t]
507 3128 596 3176 Facete
607 3125 706 3175 dictum.
732 3126 763 3173 1).
804 3129 1065 3177 illaestmisarr'cordtn.
1089 3128 1117 3177 B.

244 3196 281 3243 19.
300 3194 391 3243 Victor.
410 3192 488 3241 Vntic.
509 3203 534 3241 et
561 3192 658 3240 Basilic.
681 3192 773 3239 habent
838 3194 876 3239 24.
893 3194 993 3241 Fructus
1012 3192 1140 3256 umectat]
1161 3195 1208 3242 ΜΗ.
1228 3196 1261 3244 R.
1280 3203 1373 3247 „isaia

210 3262 378 3314 miserandum
395 3258 438 3306 sed
450 3258 532 3306 caeteri
547 3257 637 3305 Faerni
653 3266 679 3305 et
694 3256 773 3305 nostri
804 3257 952 3306 L-Lectio
970 3258 1085 3306 Bembini
1096 3269 1122 3307 et
1131 3259 1270 3319 collocatio,
1282 3282 1314 3312 en
1324 3282 1374 3326 qu

210 3324 267 3373 libri
278 3334 352 3380 recte,
363 3326 488 3385 indignam.
511 3322 539 3370 Β.
804 3328 890 3370 nostros
899 3325 982 3370 minuit
986 3320 1081 3382 fractus
1089 3327 1176 3382 vilitas,
1185 3327 1289 3377 suavior
1300 3339 1376 3379 estet

242 3390 280 3437 20.
293 3391 344 3436 Hoc
354 3385 487 3449 detumeat]
499 3387 529 3435 ln
541 3387 589 3434 M.
598 3388 639 3433 hoc
647 3387 724 3435 deest
741 3386 771 3434 1..
804 3387 882 3449 magis
892 3386 923 3435 de
935 3403 1002 3435 more
1013 3388 1169 3438 Terentiano.
1192 3391 1223 3438 B.

209 3455 336 3502 -Omnes
348 3451 424 3501 nostri
436 3451 493 3499 libri
506 3460 572 3500 recte
583 3452 657 3499 verba
668 3454 720 3499 Hoc
730 3469 770 3499 nc·
836 3453 876 3499 25.
892 3454 951 3514 Ego,
962 3452 1256 3515 Notariorum-Qualitas
1267 3457 1374 3507 venialis

209 3522 288 3569 tam'rt
305 3518 415 3567 tribuunt
436 3514 593 3580 Demiphoni,
610 3524 635 3563 et
651 3520 690 3563 An
706 3521 770 3578 qnie-
803 3532 819 3563 a
843 3517 1007 3566 consessione.
1046 3518 1170 3581 D.-Ego,
1201 3522 1372 3585 Nausistrata]

209 3586 373 3649 qaum-flunt
392 3600 462 3639 senes,
480 3580 639 3636 Phormioni;
667 3579 728 3628 adeo
744 3591 772 3629 ut
806 3580 873 3629 Hinc
889 3581 999 3631 defensio
1015 3593 1059 3641 est,
1075 3586 1146 3645 cujus
1161 3584 1198 3632 rei
1214 3586 1262 3634 hoc
1277 3588 1373 3651 princi·

210 3650 308 3699 demum
325 3664 340 3697 a
357 3647 437 3696 verbis
454 3650 564 3709 Demipho
577 3654 598 3694 tc
609 3648 698 3706 appello
708 3645 771 3694 inci·
804 3646 872 3711 pium
885 3657 929 3695 est
953 3647 1073 3697 u-Pm
1083 3648 1178 3712 vulgari
1192 3655 1304 3699 nerito·
1320 3653 1372 3717 pls-

208 3715 262 3779 piat
277 3714 359 3763 ¹orsuio
381 3712 548 3761 Nausistrntae.
583 3710 647 3757 Nam
667 3720 695 3758 ut
714 3721 771 3759 ante
803 3721 843 3759 cet
863 3711 977 3760 Bembini
999 3716 1112 3771 nentem,
1132 3730 1165 3762 so
1194 3715 1372 3772 Chremetem

210 3781 327 3829 Chremes
343 3778 440 3827 dixerat
458 3779 519 3829 Quid
532 3780 640 3840 mmor?
657 3776 722 3837 quod
734 3786 773 3824 est
804 3787 833 3824 ut
848 3792 929 3889 supra,
939 3780 1094 3826 amabitur
1103 3784 1261 3829 dommim
1272 3786 1370 3844 ethna

209 3844 369 3910 desperantis,
382 3843 417 3891 ita
428 3857 493 3890 nunc
505 3842 578 3890 simili
595 3841 678 3904 phrasi
695 3840 773 3889 utitur
805 3841 846 3889 Sic
859 3842 938 3890 Pnut.
951 3842 1007 3891 Aul
1020 3842 1052 3890 iv.
1067 3845 1103 3892 10.
1117 3846 1139 3891 8.
1149 3843 1231 3906 fateor
1239 3852 1371 3907 mes

209 3910 338 3975 Demipho,
356 3910 408 3957 Hoc
423 3910 536 3956 actum’at.
571 3905 667 3954 Deinde
684 3916 773 3954 coetera
804 3910 1256 3968 me,etmecnlpasacosrmeritsnssoio.
1279 3912 1311 3959 B.

207 3976 334 4024 honestius
345 3990 359 4022 a
370 3972 524 4029 Phormione,
538 3971 604 4020 senis
618 3970 712 4018 crimen
726 3986 770 4019 au·
836 3972 875 4019 26.
892 3974 1034 4033 Vertnfinnt
1049 3972 1149 4036 mortno]
1162 3974 1220 4022 Nou
1232 3986 1272 4024 est
1283 3992 1370 4041 passm

208 4050 281 4103 gente
290 4048 315 4088 et
323 4039 407 4087 uxoris
416 4039 476 4085 irem
485 4037 638 4093 incendente,
647 4036 770 4094 dicuntur,
803 4036 970 4100 parasitarum
982 4047 1057 4085 totam
1068 4038 1215 4087 sententiam
1229 4056 1310 4090 senex
1326 4058 1368 4091 ex·

208 4120 281 4167 quam
293 4120 307 4153 u
319 4118 430 4152 metrone
443 4102 619 4150 honestissima
655 4101 713 4148 Huc
729 4116 769 4148 nc·
802 4101 911 4164 plicaret.
941 4102 1056 4150 D.-Pro
1073 4102 1175 4166 vulgari,
1190 4107 1307 4163 Sedena,
1320 4123 1369 4171 qn

208 4170 280 4227 cedit,
293 4166 770 4231 quodqurepauloantedixitindiganas,
802 4170 834 4214 sit
854 4170 997 4229 igmoeeadm
1021 4168 1156 4217 Bembinus
1177 4180 1245 4218 recte
1268 4173 1368 4220 exhibet

209 4250 238 4283 eu
259 4249 323 4347 nupc
344 4248 393 4281 non
413 4242 479 4281 recte
497 4232 574 4296 possit
593 4232 675 4280 dicere
692 4234 771 4294 indig-
803 4234 850 4311 Sed
859 4248 895 4291 eo,
906 4235 962 4295 quin
972 4236 1019 4281 ai.
1035 4233 1139 4347 wi
1155 4251 1241 4347 ἵζω
1252 4253 1302 4349 de*
1316 4246 1367 4350 ἵ

207 4304 266 4349 ntus.
312 4332 318 4344 ·
803 4312 995 4353 museum
1107 4302 1112 4312 “
1179 4310 1261 4349 tues

241 4367 280 4413 21.
298 4364 344 4417 Qui
355 4360 423 4425 mus]
442 4361 575 4425 Eleganter
591 4361 711 4410 insertum
726 4364 770 4409 ssi-
803 4330 868 4424 giade
880 4360 977 4410 videtur
989 4314 1108 4422 Bagam
1117 4364 1184 4426 qnod
1190 4315 1263 4425 dicit,
1273 4318 1366 4429 pdnmsi·

208 4434 250 4480 ln':
273 4428 343 4479 utin
362 4428 495 4477 Heautont.
518 4430 544 4477 Is
555 4429 611 4477 nihi
624 4428 664 4476 nbi
680 4429 772 4475 ndhittt
804 4435 858 4476 tam
872 4426 1037 4491 impedirisse,
1049 4444 1099 4492 qno
1108 4429 1192 4481 mous
1201 4446 1280 4481 senen
1291 4442 1365 4481 totam
