2834 4759
246 160 314 227 606
685 156 962 227 TERENTII
1220 162 1385 245 [scrusn.

291 294 408 361 Dicam
423 296 483 361 tibi
495 294 670 381 impingam
684 295 859 380 grsndem:
881 292 962 371 dlxi,
976 292 1153 379 Demipho.

291 394 420 479 Siquid
435 414 518 480 opus
534 394 642 471 luerit,
657 392 751 471 heus,
767 393 864 458 domo
877 413 938 457 me.
976 392 1044 457 Gr.
1060 389 1224 478 intelligo.

353 673 566 749 ACTUS
620 671 917 748 SECUNDI
969 672 1183 747 SCENA
1225 673 1295 747 lv.

415 862 591 914 DEMIPHO.
617 862 723 911 GETA.
749 860 871 910 HEGIO·
898 861 1085 913 cuduinus·
1111 864 1231 913 CRITO-

290 990 439 1064 Quium
455 1010 506 1053 me
520 1008 598 1051 cura
613 998 647 1050 et
662 985 877 1050 sollicitudine
890 985 989 1050 afficit

292 1086 434 1163 Gnatus,
450 1087 506 1172 qui
519 1108 569 1149 me
585 1093 619 1149 et
633 1106 668 1149 se
683 1084 773 1149 hisce
787 1085 954 1169 impedivit
968 1086 1106 1171 nuptiis!

288 1184 410 1269 Neque
425 1184 502 1247 mihi
515 1184 548 1247 in
563 1194 770 1267 conspectum
786 1184 915 1267 prodit;
938 1194 975 1247 ut
990 1184 1102 1250 saltem
1116 1186 1227 1264 sciam,

290 1283 380 1357 Quid
396 1283 438 1347 de
453 1282 514 1346 hac
526 1304 561 1345 re
577 1282 674 1356 dicat,
691 1281 809 1366 quidve
824 1282 866 1345 sit
881 1285 1058 1348 sententia».

263 1394 278 1441 t
291 1380 358 1445 Abi
373 1392 419 1457 tu,
435 1382 502 1444 vise
518 1380 691 1444 redieritne
702 1379 781 1464 jam,
795 1402 837 1443 an
850 1381 1005 1459 nondum,
1020 1382 1162 1447 domum.

290 1478 357 1543 Ga.
374 1478 437 1543 Eo.
476 1477 543 1543 Dat.
556 1476 684 1543 Videtis
700 1478 811 1560 quoin
825 1477 897 1543 loco
912 1502 965 1543 res
979 1479 1051 1545 htec
1065 1481 1144 1545 siet:

290 1576 381 1651 Quid
395 1578 478 1660 agol
501 1576 565 1653 dic,
582 1574 701 1659 Hegio.
744 1574 812 1639 Ha.
829 1576 927 1661 Ego?
950 1578 1127 1656 Cratinum,
1144 1600 1279 1658 censeo,
1379 1622 1382 1625 -

289 1675 325 1739 Si
339 1674 398 1738 tibi
413 1673 551 1738 videtur.
590 1672 657 1737 Da.
675 1672 751 1750 Dic,
767 1672 909 1739 Cratine.
947 1674 1033 1741 Cas.
1050 1676 1150 1741 Mene
1165 1679 1242 1743 vis?

281 1772 356 1855 Dc.
370 1771 433 1835 Te.
466 1770 550 1834 Cui.
565 1770 640 1855 Ego
650 1771 843 1855 quoeiurem
854 1778 1026 1851 tuamsiut,
1037 1798 1077 1839 ea
1087 1774 1310 1841 velimfacias:
1321 1773 1381 1841 mihi

247 1870 344 1935 losio
360 1868 421 1935 hoc
436 1867 582 1933 videtur:
605 1868 694 1952 quod
709 1878 741 1933 te
756 1870 890 1937 absente
906 1872 959 1937 hio
973 1871 1059 1937 filius

288 1972 380 2057 Egit,
396 1970 523 2035 restitui
537 1970 571 2034 iu
584 1970 756 2055 integrum,
771 1992 898 2055 equom
912 1979 1011 2035 estet
1025 1972 1163 2036 bonurn:

273 2144 311 2192 92.
319 2144 382 2198 Diti,
389 2136 512 2201 Demipho]
521 2136 586 2186 Mire
591 2135 804 2186 comminationem
837 2153 900 2195 cere,
912 2137 1021 2187 defendit
1031 2140 1158 2189 conuarioe
1168 2140 1250 2204 partis
1260 2150 1380 2205 pauonum

245 2218 271 2257 et
281 2206 429 2255 ferocitatem
437 2206 488 2266 ejus
500 2202 608 2251 imitatus
617 2214 654 2251 est
665 2202 739 2251 simili
750 2218 803 2252 rer·
837 2214 864 2250 ut
874 2203 939 2252 dicat
956 2202 1024 2252 illum
1039 2204 1180 2262 redimitos
1192 2217 1238 2265 est,
1249 2206 1304 2255 sine
1314 2203 1381 2253 mode

244 2273 283 2321 bo.
305 2272 338 2319 D.
836 2277 862 2315 et
873 2267 928 2316 dolo
938 2268 1037 2326 dixisse,
1049 2269 1114 2331 quod
1124 2269 1222 2318 dixerit.
1258 2272 1329 2328 Quod
1337 2269 1380 2317 dix·

277 2338 315 2386 93.
328 2338 354 2385 u·
365 2336 421 2399 qaid
431 2350 485 2396 opas
495 2330 584 2395 faerit]
598 2332 659 2379 litet
674 2331 805 2396 repentina
836 2330 883 2380 erit
894 2333 924 2380 de
941 2348 968 2382 se
983 2332 1089 2395 aliquam
1105 2333 1258 2398 prolaturum
1271 2352 1322 2385 esse
1336 2348 1380 2381 sen·

244 2400 359 2451 discessio
367 2400 439 2447 habet
448 2396 551 2461 aliquam
562 2400 676 2459 majorem
685 2395 804 2460 litigaturi
836 2396 944 2456 tentiam,
966 2410 1096 2462 propterea
1118 2397 1205 2460 (Quen
1225 2402 1347 2449 deam
1363 2412 1381 2445 ss

243 2464 463 2515 denunciationem.
498 2462 532 2510 Et
552 2462 613 2510 bene
632 2462 753 2510 breviter:
772 2477 803 2511 ne
836 2465 938 2523 olismp.
950 2480 969 2511 e.
982 2468 1131 2526 t.praens‘tts't
1149 2464 1198 2521 Z.l‚
1216 2466 1281 2519 Qut
1290 2468 1380 2516 imissa,

243 2529 396 2593 multiloquio
416 2526 589 2592 infringeretur
608 2526 720 2591 superior
736 2542 803 2577 oom-
835 2534 869 2575 tot
884 2530 1019 2576 κοκοείαε
1043 2545 1098 2576 taes
1113 2532 1194 2591 caiqss
1209 2546 1266 2579 scos.
1300 2526 1380 2578 Deinde

243 2595 352 2645 minatio.
378 2594 408 2641 D.
835 2592 980 2641 senteutiam
997 2607 1080 2641 suam:
1097 2596 1153 2641 stilti
1167 2612 1212 2642 nost
1223 2598 1323 2652 sidetes,
1334 2592 1381 2656 qd

277 2662 298 2708 1.
313 2659 406 2714 Quanta
421 2674 455 2705 sss
466 2673 522 2705 cara
536 2664 559 2705 st
569 2658 722 2704 sollicitudine
732 2658 803 2716 officit
834 2660 866 2705 sit
875 2655 967 2719 factast
979 2660 1073 2721 legibus,
1087 2660 1187 2707 rescindi
1194 2676 1278 2721 poem
1295 2669 1316 2709 et
1326 2668 1379 2718 tsrps

240 2723 338 2789 mus]
352 2727 414 2772 Cara
425 2720 498 2771 estin
510 2736 554 2785 spe
565 2721 698 2769 bonorum:
716 2723 802 2769 sodid-
834 2724 974 2783 inceptant.
999 2722 1055 2771 Hoc
1067 2723 1150 2785 utique
1161 2724 1191 2772 ab
1203 2723 1379 2774 inhonestodie

243 2793 298 2839 tado
313 2789 339 2837 in
356 2798 423 2837 metu
440 2786 565 2835 malorum.
597 2788 803 2838 Quantossecars
835 2795 886 2833 tum
907 2801 955 2835 nou
979 2787 1030 2848 (sos
1050 2788 1092 2848 Z.)
1109 2787 1278 2851 intelligimus.
1311 2785 1380 2836 Tertia

242 2864 265 2905 tt
280 2850 444 2915 sollicitudine]
463 2850 524 2899 Haeo
540 2848 697 2899 deliberativa
714 2859 758 2908 est,
776 2850 803 2900 in
834 2849 876 2897 illa
890 2850 1013 2900 sententia
1026 2863 1077 2901 est:
1093 2870 1135 2915 ego
1149 2856 1250 2915 mplius
1265 2857 1378 2903 dalilam

242 2936 290 2983 qua
313 2931 361 2967 tres
384 2916 493 2966 advocati
516 2924 586 2964 sunt:
611 2930 714 2977 quorum
738 2930 800 2965 unus
833 2917 992 2965 damcsnseo:
1008 2925 1189 2980 rumestat.
1215 2918 1248 2967 E.

242 2985 335 3042 suadet,
347 2983 409 3032 alter
424 2980 555 3039 dissuadet,
565 2978 652 3028 tertius
663 2978 705 3042 qui
722 2995 748 3029 se
765 2978 800 3028 sl·
867 2982 888 3027 ὃ.
909 2980 976 3045 Lege
998 2997 1030 3029 ex
1049 2982 1101 3030 eod.
1125 2982 1247 3041 Petrensi,
1270 2986 1317 3033 Abi
1335 2983 1377 3030 titt·

242 3048 329 3099 terutri
348 3047 436 3096 addere
456 3046 585 3103 debuisset,
606 3044 724 3107 ejusmodi
744 3060 801 3093 sen·
834 3044 934 3093 Namta
946 3046 1193 3110 versumstrangulat.
1216 3048 1248 3097 B.

241 3114 343 3163 tentiam
365 3112 431 3169 dicit,
454 3120 481 3160 ut
503 3125 599 3158 rursum
626 3108 801 3159 deliberatione
866 3106 888 3160 l.
913 3112 964 3173 ligo
987 3114 1106 3160 Crott'trsst
1128 3111 1220 3176 oemso]
1247 3114 1329 3163 coest
1345 3124 1377 3171 et·

241 3194 257 3227 o
275 3194 303 3226 us
314 3176 495 3241 essevideatur.
516 3174 676 3227 u.—Quansa
686 3190 721 3222 me
732 3171 800 3237 cars]
833 3173 1010 3237 subdistingui:
1029 3187 1056 3223 ut
1071 3176 1236 3235 subaudiatur,
1247 3196 1289 3242 ogs
1299 3175 1377 3225 ditos!

270 3259 304 3291 tec
316 3256 388 3289 scena
399 3238 556 3289 deliberativa
566 3248 639 3287 tenet.
676 3238 802 3288 Deliberat
835 3238 1003 3305 D.-ilcpone
1022 3244 1138 3300 Cratinus,
1154 3259 1240 3301 censeo,
1257 3244 1282 3291 b.
1293 3258 1312 3291 e.
1327 3241 1375 3288 cra·

241 3307 307 3356 euim
318 3321 401 3363 senex,
411 3321 442 3353 an
450 3304 577 3369 judicium,
589 3304 802 3367 quodseabsente
834 3303 900 3352 tinus
911 3304 983 3353 dicat.
1007 3304 1036 3353 B.

241 3372 307 3421 filius
323 3370 381 3434 egit,
402 3369 524 3419 rescindat
543 3367 630 3417 denuo.
665 3368 726 3416 Ideo
743 3384 800 3417 sen·
866 3371 889 3416 8.
908 3372 934 3417 St
953 3372 997 3418 ts‘bt
1015 3367 1117 3433 uidetur]
1137 3370 1176 3419 Ex
1195 3372 1274 3422 reteri
1288 3366 1376 3419 somna

241 3435 324 3485 tentiae
333 3437 363 3484 ab
372 3434 509 3484 advocatis.
522 3466 528 3481 .
541 3467 547 3481 .
560 3467 566 3480 .
578 3432 618 3495 (ab
629 3436 746 3482 advocatis
756 3437 801 3481 ιη’-
833 3434 1062 3483 senatusconsultor.
1080 3451 1128 3499 qus
1143 3436 1275 3486 utebantur
1285 3452 1335 3486 curn
1344 3448 1374 3481 ss·

242 3504 283 3551 but
292 3499 403 3564 seruntur
419 3498 476 3561 Z.):
494 3514 544 3547 una
560 3497 730 3555 dissuadetur,
743 3514 801 3562 per·
833 3509 905 3547 natus
921 3498 1013 3561 aliquid
1032 3499 1171 3549 consulibus
1187 3500 1243 3550 lieri
1259 3498 1374 3551 demente

240 3566 364 3617 suadentis
380 3565 469 3614 alters:
488 3562 566 3619 tertia,
579 3578 632 3625 quae
643 3562 759 3611 accedere
770 3562 802 3611 sd
832 3575 887 3612 ret:
908 3562 1020 3613 Justinus
1036 3564 1111 3627 Trogi
1123 3564 1194 3613 initio
1204 3567 1247 3616 lib
1259 3566 1323 3615 xxxi
1341 3566 1373 3611 St·

239 3630 385 3682 sententiam
394 3628 539 3693 (sententiam
548 3630 683 3675 alterutram
694 3628 735 3689 Z.)
743 3643 800 3691 pos-
832 3636 901 3677 natat
911 3632 1005 3690 scripsit
1015 3631 1151 3687 Flaminino,
1164 3643 1188 3677 st
1202 3644 1231 3680 tr
1243 3640 1372 3679 rsnsaron

240 3696 279 3755 sit,
292 3696 347 3744 talis
359 3705 402 3751 est,
416 3704 443 3741 ut
453 3708 537 3741 rursus
552 3690 726 3740 deliberatione
737 3708 800 3756 opus
831 3696 901 3741 sicuti
912 3695 1070 3742 Macedonicas
1081 3711 1097 3742 ο
1107 3696 1265 3758 Putemus
1278 3696 1372 3744 Grecis·

240 3777 293 3813 esse
315 3760 432 3809 videatur.
468 3758 513 3805 Est
536 3757 610 3820 igitur
632 3756 713 3821 prima
734 3773 799 3821 pars,
831 3759 951 3806 oNablde
961 3762 1048 3807 liberet.
1072 3759 1099 3806 L.

239 3830 309 3890 cujus
325 3822 473 3889 principium
491 3822 538 3870 tale
555 3832 606 3870 est:
632 3825 692 3885 quod
707 3839 758 3884 qaae
775 3825 800 3870 is
864 3822 886 3870 9.
901 3825 956 3875 Qaae
967 3826 1049 3872 iorem
1064 3832 1125 3871 taam
1136 3822 1197 3888 siat]
1215 3826 1282 3874 Bene
1296 3817 1370 3888 princi·

239 3910 287 3941 rssn
304 3900 366 3939 tuom
382 3894 435 3943 sint,
452 3904 480 3936 eo
496 3890 561 3935 celim
571 3885 666 3998 (ocios.-
684 3901 729 3949 ego
745 3902 800 3949 quie
831 3886 880 3949 pio,
892 3886 938 3934 deb
954 3888 998 3945 τῆς
1013 3888 1146 3937 tuosius
1158 3891 1173 3921 ⁸
1185 3896 1239 3939 ΚΑΙ
1253 3889 1369 3942 ΤοΥονμ·

239 3957 283 4007 tibi
298 3956 401 4021 prosint,
414 3954 492 4001 lacere
505 3963 529 4000 te
542 3967 602 4001 roo.
638 3951 733 3999 Deinde
745 3951 799 4016 ipsa
830 3950 988 4007 βουλεύοντοο
1005 3951 1064 4015 (ἀπὸ
1083 3954 1127 4011 τῆς
1147 3954 1263 4005 dttsetlto
1283 3955 1322 4010 τῆς
1336 3948 1371 3997 ssi

239 4020 374 4070 sententia:
398 4022 454 4066 milri
473 4021 507 4066 sic
526 4020 566 4065 ltoc
584 4018 681 4073 videtur,
699 4018 759 4078 qaod
777 4024 799 4065 te
830 4015 1035 4075 συμβουλεύοντος
1055 4015 1102 4076 2.),
1115 4018 1369 4068 benevolentianoaa

239 4090 331 4135 absente
341 4088 378 4133 lu'c
388 4086 454 4147 fluas
464 4086 519 4145 egit,
531 4084 623 4129 restitut
636 4084 660 4129 s'n
677 4084 798 4143 integrans.
830 4080 1022 4129 commendavit:
1040 4093 1065 4130 ct
1076 4082 1111 4130 sic
1122 4083 1249 4132 consilium
1260 4083 1327 4133 dedit.
1344 4077 1368 4125 D·

240 4150 337 4199 Deinde
348 4148 454 4197 breviter
470 4162 485 4195 a
496 4150 570 4210 justo,
582 4162 669 4207 equam
680 4154 715 4193 est
725 4148 798 4194 stlo-
830 4144 1020 4210 —Respoosum
1043 4146 1206 4213 Demiphonis
1226 4158 1255 4207 te,
1275 4156 1367 4208 unquam

239 4232 298 4264 sant
317 4212 419 4263 Aulieri
429 4211 521 4287 possit:
539 4212 715 4273 ldlmpetrobs's.
733 4210 799 4259 Con·
830 4210 913 4259 versui
935 4227 948 4259 r
980 4226 1082 4275 signans,
1102 4226 1128 4261 et
1148 4214 1231 4262 sensui
1251 4214 1275 4263 iu
1290 4226 1314 4261 re
1330 4204 1366 4255 leti

240 4278 314 4330 traria
330 4287 466 4332 sentcntts;
487 4278 557 4339 cujus
573 4275 619 4323 hoc
635 4274 798 4339 principium:
830 4273 926 4334 inutile,
938 4274 969 4324 de
978 4276 1239 4327 endumessecenseo.
1261 4278 1288 4327 u

238 4345 367 4408 egotedtslo
382 4346 440 4390 istnc
456 4344 542 4391 dicius
558 4342 675 4396 arbitror,-
692 4354 724 4389 ne
740 4354 798 4387 con·
865 4341 902 4388 ll.
915 4343 1012 4405 AEqaosr
1020 4338 1067 4403 stt]
1076 4342 1117 4389 ab
1125 4341 1233 4393 honesto.
1252 4330 1365 4394 mm]

239 4408 313 4459 tratis
323 4406 432 4457 dicturus
449 4405 560 4455 rideatur
576 4403 718 4455 inimicitius
728 4419 797 4455 estet-
833 4403 945 4455 Abutili
973 4404 1313 4471 u-AEqamstettosss]
1328 4400 1364 4450 M‘
