2834 4759
234 186 299 251 484Ι
670 182 947 251 TERENTll
1197 182 1317 268 [serus
1331 202 1372 246 n.

277 318 515 386 Monstratione
528 343 664 407 magnus
680 321 797 406 perdat
810 320 981 406 Juppiter!

278 417 469 505 Perreptavi
483 442 586 504 usque
601 441 695 484 omne
709 418 882 505 oppidum:
906 417 949 481 ad
964 426 1103 502 portam,
1117 416 1159 481 ad
1174 414 1300 493 lacum;

279 516 356 591 Quo
371 520 457 583 noni
478 539 584 602 neque
599 517 662 583 illic
676 518 799 583 fabrica
813 514 878 581 ulla
892 528 980 594 erat;
1002 536 1108 601 neque
1122 514 1258 580 fratrem
1272 514 1362 580 homo

252 628 267 673 o
280 613 413 681 Vidisse
428 638 463 681 ae
477 617 585 681 aiebat
599 616 786 701 quisquam:
810 638 895 681 nunc
908 637 985 679 vero
1000 614 1087 679 domi

278 712 412 779 Certum
426 714 577 779 obsidere
592 725 644 781 est
657 736 773 799 usque,
789 714 893 779 donec
907 712 1050 779 redierit.

408 1029 599 1103 ACTUS
636 1026 861 1112 QUARTI
900 1027 1089 1101 SCENA
1124 1026 1210 1100 Vll.

669 1217 782 1267 tsscto.
820 1217 957 1267 DEMEA.

284 1344 355 1422 Iao,
368 1342 431 1407 illis
446 1343 549 1408 dicam
562 1341 683 1407 nullam
697 1364 770 1405 esse
785 1342 817 1405 in
832 1342 925 1405 nobis
940 1362 1070 1405 moram.

284 1442 351 1507 Da.
369 1442 437 1506 Sed
450 1464 561 1507 eccum
573 1442 697 1527 ipsum:
722 1441 833 1525 tejam
848 1441 970 1505 dudum
986 1461 1107 1524 quaero,
1125 1438 1238 1504 Micio.

284 1539 350 1606 Μι.
366 1538 553 1613 Quidnam?
590 1537 658 1603 Dr..
673 1538 758 1603 Fero
772 1537 833 1603 alia
847 1536 969 1623 flagitia
983 1538 1026 1602 ad
1040 1550 1072 1603 te
1086 1538 1232 1621 ingentia

284 1638 370 1704 Boni
382 1636 466 1702 illius
482 1635 705 1702 adolescentis.
744 1636 807 1702 Mt.
824 1636 912 1703 Ecce
928 1648 1045 1702 autem.
1082 1635 1150 1700 Dc.
1166 1634 1279 1713 Nova,

259 1736 454 1901 ⁵Capsitalia.
492 1735 556 1802 M1.
578 1736 664 1815 Ohe‚
679 1737 757 1824 jam.
796 1735 948 1813 Dnnh,
971 1735 1149 1821 nescioqui
1168 1735 1218 1799 vir
1237 1736 1291 1800 sit.
1327 1732 1380 1799 Mt.

373 1858 433 1901 cro.

242 1986 633 2051 D.-Desessuseassassba1asdo]
651 1988 713 2037 Hac
725 2004 798 2037 scena
829 1987 920 2051 aliquid
937 2003 968 2036 ex
984 1988 1066 2036 animo
1082 1998 1189 2050 agentes.
1230 1990 1286 2037 mis
1305 1982 1380 2048 don]

241 2053 418 2104 accusationem
435 2063 510 2111 tenet,
522 2053 586 2116 quod
602 2052 743 2103 adolescens
759 2053 796 2102 vi·
830 2052 1056 2101 Sostrataeetiiliae.
1081 2053 1112 2100 D.

240 2118 339 2169 tiavcrit
361 2117 487 2181 virginem,
510 2129 536 2166 et
556 2134 621 2166 nunc
643 2118 796 2168 meretricem
862 2120 884 2165 2.
904 2118 970 2181 Lege
988 2134 1020 2167 ex
1039 2117 1128 2166 nostris
1147 2116 1282 2183 plerisque,
1305 2127 1326 2167 te
1338 2116 1382 2179 jc·

240 2183 355 2250 rapuerit.
398 2180 544 2231 Defendimr
566 2198 582 2231 a
602 2194 679 2248 patre.
715 2184 797 2246 liujus
830 2184 1120 2246 dudumquaeraollieia.
1145 2184 1174 2231 B.

245 2249 372 2299 exordium
384 2248 495 2299 sumitur.
517 2247 547 2295 E.
865 2250 886 2295 3.
900 2251 958 2296 Fero
975 2251 1023 2296 alic
1035 2250 1130 2311 flagitia
1140 2250 1173 2297 cd
1187 2256 1210 2297 te
1225 2252 1330 2313 ingentia
1341 2248 1381 2294 issi

272 2316 297 2363 8.
309 2315 445 2375 Perreptavi
455 2330 526 2375 asqse
535 2330 598 2361 omae
607 2311 726 2375 midam]
739 2313 799 2361 Tar·
832 2316 895 2361 illisa
911 2311 1072 2375 adolescentis]
1091 2312 1182 2376 Magno
1198 2314 1293 2369 tonitu,
1309 2329 1336 2361 ac
1350 2311 1381 2358 ic·

241 2380 287 2428 dus
297 2378 413 2435 incessus,
430 2393 480 2426 nou
490 2378 675 2442 perambulatio,
686 2378 729 2426 sed
745 2394 799 2441 per-
831 2378 898 2441 genti
909 2378 1071 2427 ostentatione
1079 2377 1166 2426 futurae
1176 2378 1340 2427 accusationis
1347 2390 1382 2424 ct·

240 2448 340 2507 reptatio
359 2442 455 2491 dicitur.
487 2446 529 2490 Ad
542 2452 640 2505 portast
660 2445 693 2491 ad
709 2446 799 2498 locum
832 2458 903 2492 orsus
921 2455 971 2491 est:
997 2458 1086 2506 magns
1104 2453 1162 2492 sunt
1178 2444 1246 2492 enirn
1264 2444 1349 2499 munis,
1363 2450 1382 2487 et

241 2526 284 2573 quc
299 2506 356 2570 son]
381 2507 446 2555 Mire
461 2506 636 2571 propinquiora
651 2508 740 2567 omisit,
758 2518 797 2556 ut-
831 2510 897 2565 Ferc,
909 2518 934 2555 et
948 2511 997 2556 alic
1007 2511 1109 2571 flagitia,
1122 2517 1148 2555 et
1163 2511 1278 2571 ingentia,
1291 2519 1316 2556 et
1330 2503 1383 2569 quctl

240 2583 298 2638 pote
322 2575 443 2634 porticani,
467 2574 591 2629 macellum,
616 2575 706 2621 Cratini
730 2576 797 2630 cadet,
832 2572 959 2636 εἰρωνικῶς,
968 2575 1028 2621 Boni
1039 2576 1103 2621 illins
1111 2576 1270 2630 msa,
1282 2572 1345 2621 dicit
1357 2570 1382 2618 1).

243 2642 349 2699 emptam
371 2640 471 2686 Diana.-
499 2646 525 2685 et
548 2637 634 2686 ultima
659 2637 749 2701 posuit,
772 2648 800 2685 ut
831 2638 1382 2701 -Ferccdtaflcgitlnbona'cdolesmtismfr

241 2713 358 2766 quantum
369 2702 542 2767 peragraverit,
553 2703 737 2751 demonstraret.
759 2706 801 2751 Ad
833 2700 904 2765 talia]
927 2705 1044 2765 Gaptmtia
1061 2702 1164 2751 crimina
1183 2714 1251 2761 sunt,
1274 2718 1327 2766 quae
1346 2714 1380 2749 ex·

242 2766 329 2831 mssa]
347 2766 436 2815 Facete
455 2776 527 2831 poeta
549 2782 682 2815 memorem
703 2768 799 2816 inducit
832 2782 915 2832 presse
931 2782 1028 2831 paenam
1050 2778 1181 2817 merentur.
1216 2768 1317 2817 Deinde
1334 2780 1381 2829 spe

241 2848 333 2908 sanem,
343 2846 449 2945 guarum
465 2831 566 2881 minime
576 2848 638 2897 opus
648 2831 696 2881 fuit
712 2832 795 2882 memi·
832 2832 882 2913 cies
891 2831 1003 2911 criminis
1011 2832 1046 2945 εἷς
1054 2833 1199 2947 pmponiltur
1205 2836 1267 2946 adlice
1276 2840 1383 2945 ρὲῗσιιιι

244 2913 319 2949 name.
368 2930 375 2945 .
833 2914 858 2945 sn
873 2914 908 2945 mr
925 2914 983 2947 anem
997 2914 1021 2946 sa
1049 2914 1133 2954 noenu
1168 2912 1207 2946 ern
1227 2914 1242 2947 e
1276 2913 1292 2945 u

274 2966 297 3013 4.
312 2960 427 3025 Quom]
441 2961 630 3021 Duobusdictis,
643 2962 799 3013 Qscnanad·
832 2914 951 3011 naiasin.
986 2961 1095 3011 Primum
1109 2963 1136 3011 in
1152 2914 1275 3012 omnibusq
1283 2910 1384 3027 ριορζῗ

243 3028 319 3077 didit:
341 3026 410 3091 quasi
425 3026 497 3074 etad
512 3026 641 3075 dicendum
660 3026 739 3076 lassus
758 3042 771 3074 a
789 3053 800 3064 -
834 3026 908 3079 donis
929 3042 1043 3077 assensus
1065 3027 1175 3076 traditur.
1218 3027 1318 3077 Exinde
1338 3026 1383 3073 lert

289 3102 335 3141 est.
354 3092 456 3141 D.-Ut
467 3090 600 3141 Lindenbr.
611 3092 646 3139 ita
654 3091 714 3140 olim
725 3042 802 3140 edidit
833 3092 934 3141 docetur
949 3108 1010 3151 esse,
1022 3092 1087 3156 quod
1099 3092 1141 3141 ille
1155 3102 1283 3157 computat
1293 3092 1381 3141 crium·

265 3172 360 3207 seruus.
402 3156 450 3206 Sed
474 3172 504 3204 eo
522 3168 595 3221 pacto
610 3154 714 3218 setrico,
737 3156 802 3219 quod
835 3156 865 3205 E.

243 3220 370 3287 emphasin
380 3221 461 3279 habet,
470 3221 605 3269 occultatur
615 3222 641 3269 in
650 3221 733 3270 Theai
750 3222 801 3270 Re·
866 3225 889 3269 4.
911 3224 971 3271 Boni
998 3225 1061 3271 illitu
1085 3222 1249 3286 adolescentis]
1277 3216 1381 3281 siponi«.

243 3302 308 3352 pone
317 3286 399 3349 igitur,
414 3288 536 3337 Qunam
551 3302 592 3334 nec
599 3285 695 3348 sats-ica
705 3289 743 3335 tut
751 3288 800 3335 ailla
833 3302 887 3351 quae
903 3301 1000 3351 semper
1016 3288 1122 3336 amarius
1138 3287 1247 3351 ponitur,
1264 3282 1382 3351 quarneri-

243 3360 311 3401 erat:
335 3368 376 3399 sec
390 3349 492 3412 fratrem
513 3353 582 3399 loma
624 3351 687 3399 Nam
702 3354 740 3400 illl
755 3366 801 3416 pro
833 3352 935 3400 minatio
951 3352 1086 3401 manifesta.
1124 3354 1184 3401 Ecca
1199 3351 1310 3415 cam]
1332 3352 1382 3397 lim

243 3420 293 3465 illic
302 3414 393 3491 passim
404 3415 470 3479 apud
485 3414 585 3463 Terent
597 3426 623 3463 et
634 3415 748 3465 Plautum
759 3432 800 3464 oc·
833 3416 929 3474 dicitur,
940 3432 1014 3493 quum
1026 3428 1127 3481 repente
1139 3416 1208 3467 triste
1218 3417 1311 3481 aliquid
1321 3414 1381 3464 rabit

243 3492 326 3530 cumt
356 3478 800 3544 Deindenecprosequnostriquam
833 3481 966 3530 intervenit
986 3481 1056 3539 laetis,
1077 3492 1120 3531 aut
1141 3492 1207 3531 certe
1231 3498 1306 3546 quum
1325 3472 1379 3527 diod

243 3544 343 3611 plurimi
354 3543 451 3593 habent.
476 3545 504 3593 lt
833 3546 921 3609 agitur,
939 3546 1005 3596 aliud
1022 3547 1125 3611 emergit
1144 3562 1250 3596 novum:
1277 3556 1305 3595 ut
1322 3542 1379 3603 Virg-

277 3613 300 3659 ὅ.
319 3610 412 3659 Versus
430 3625 503 3659 causa
520 3624 612 3673 repone
629 3613 701 3659 citat
736 3611 801 3659 Nam
834 3610 892 3659 AEn.
904 3611 929 3659 ii.
942 3614 997 3660 208.
1025 3614 1085 3661 Eece
1096 3616 1294 3675 catemgms'nie
1306 3608 1380 3659 raet·

244 3676 289 3725 hcc
304 3688 401 3739 semper
416 3674 482 3739 apud
496 3685 606 3723 nostmm
622 3688 651 3723 ut
665 3674 801 3739 disyllabon
834 3679 959 3741 tranquilla
971 3694 1015 3739 per
1030 3680 1086 3735 alta,
1102 3678 1215 3726 Horresco
1230 3674 1334 3740 nj'ems.
1345 3675 1379 3719 ιἰι·

244 3740 356 3792 occurrit.
378 3740 407 3788 B.
833 3744 915 3790 matis
931 3744 1023 3790 orbibus
1038 3758 1130 3806 mig-aes.
1159 3742 1200 3797 Et.
1218 3742 1277 3792 AEn.
1294 3740 1318 3788 ii.
1334 3736 1378 3785 llll·

276 3808 299 3855 6.
313 3808 405 3855 θινὴιιιι
414 3806 649 3867 οὸείἆινιωι,ωφιιι
660 3807 802 3855 ὼιιεσνιάἰ-
834 3808 895 3855 Ecce
922 3809 1056 3856 trahebatur
1079 3810 1157 3869 passis
1183 3810 1302 3857 Priameia
1327 3806 1377 3863 neg·

244 3871 302 3936 esis]
325 3868 428 3934 Proprie
455 3872 556 3919 obsidere
580 3870 659 3919 dixit:
687 3871 803 3920 convenit
836 3874 950 3920 Omnibus.
980 3871 1013 3920 Et
1030 3871 1124 3931 Cicero,
1137 3872 1207 3921 Verr.
1223 3888 1248 3921 v.
1266 3874 1303 3921 di.
1329 3869 1377 3916 Em

244 3939 311 3987 euim
328 3946 354 3984 et
364 3934 435 3992 irato,
445 3945 471 3983 et
483 3945 585 3998 repente
601 3950 758 3998 aggressura:
776 3945 803 3985 et
834 3944 909 3985 uun
924 3945 1016 3999 repente
1026 3940 1089 3985 ebrio
1101 3940 1224 3995 comm,
1241 3933 1378 3987 meeum

243 4004 275 4053 ab
285 4018 315 4051 co
326 3999 391 4063 quod
402 4010 441 4048 est
450 4002 547 4058 obsides,
558 4002 659 4048 obsidere
667 4000 732 4057 iacit,
744 4014 801 4064 pro-
834 4006 930 4059 caum,
941 4011 984 4051 ste.
1001 4000 1080 4065 Nm]
1098 4002 1231 4051 Recentis:
1250 4017 1281 4051 ιιι
1294 3999 1377 4049 mittet

243 4068 316 4117 ducta
332 4064 414 4115 media
428 4063 535 4128 syllabas
552 4065 624 4114 abeo
638 4064 703 4127 quod
715 4068 801 4114 estoi-
834 4068 937 4129 magnai
962 4076 996 4124 ut,
1016 4066 1067 4115 net
1087 4066 1122 4115 iii.
1141 4068 1179 4115 86.
1207 4069 1283 4117 Pollio
1299 4068 1321 4113 et
1337 4064 1375 4121 ipit

243 4136 300 4190 side,
320 4132 422 4180 offlam
443 4128 508 4187 lacit,
525 4130 612 4179 eadem
633 4129 726 4193 syllaba
748 4146 801 4179 cor-
827 4129 958 4193 sscitsosu
969 4135 1077 4181 carmina.
1101 4131 1133 4180 Β.

345 4195 370 4243 D
867 4197 890 4244 ⁵.
902 4199 985 4245 Nescit
1001 4199 1041 4259 qui
1057 4200 1095 4245 cir
1111 4195 1156 4261 tit]
1177 4196 1292 4260 Elptsnle.
1322 4190 1373 4239 Ntffl

279 4263 301 4310 l.
318 4262 367 4317 Iba,
387 4262 435 4307 s'lla's
453 4257 540 4321 dicans]
564 4258 597 4308 In
612 4260 658 4307 lrac
674 4274 748 4307 scena
765 4268 803 4308 est
834 4264 877 4316 vir,
886 4261 918 4310 ad
928 4260 1024 4311 laudem
1033 4262 1098 4311 sumi
1105 4262 1181 4311 solet:
1199 4272 1227 4311 ut
1235 4260 1299 4318 alibi,
1313 4260 1373 4305 eim

244 4322 801 4388 exemplumiutempestivoeobjurgationisac
835 4326 950 4389 tejuds'eo.
974 4324 1038 4389 Seio]
1053 4326 1246 4385 Satisridieules
1262 4312 1372 4389 ιιιιιμιῦῆ(ι

242 4406 288 4458 per
298 4390 345 4438 hoc
355 4387 470 4436 ridiculae.
503 4390 552 4448 llo,
563 4392 611 4438 illis
621 4388 709 4454 dicam]
724 4389 802 4439 Moris
833 4389 875 4439 ille
894 4390 970 4455 cupit,
990 4392 1096 4455 abnegat
1116 4392 1205 4441 Micio:
1224 4402 1252 4441 ut
1267 4392 1370 4455 cocttufl·

243 4467 282 4507 est
299 4468 383 4505 secum
401 4452 468 4515 loqui
486 4453 523 4502 vel
540 4469 618 4514 senes,
637 4454 676 4504 vel
695 4454 801 4505 maxime
833 4455 904 4514 endo,
912 4456 1063 4506 iracundiam
1072 4456 1173 4507 Demere
1184 4456 1297 4507 acriormt
1306 4446 1370 4501 Μ’
