2834 4759
212 156 279 221 600
648 152 928 221 TERENTll
1193 150 1322 237 [aeuus
1338 172 1375 217 ιι.

257 289 402 373 Pauper,
416 270 585 373 eui'opera
600 288 667 353 vita
680 298 763 365 erat,
779 288 846 353 ruri
857 286 929 355 ¹'lere

259 388 304 456 Se
318 387 522 451 continebat:
545 386 591 451 ibi
605 406 719 470 agrurn
734 386 777 450 de
790 396 904 453 nostw
918 395 1012 471 patre

256 483 439 563 Colendum
452 483 614 548 babebat:
638 506 726 567 aaepe
738 484 862 551 interea
875 484 954 549 mihi
968 504 1070 551 senex

258 583 437 660 Narrabat,
454 604 489 646 se
505 583 592 648 hune
607 582 772 667 negligere
788 594 960 667 cognatum
976 605 1086 649 suum:

216 696 248 744 20
260 683 309 749 At
323 706 419 768 quem
433 684 553 749 virum!
576 704 673 767 quem
686 706 750 767 ego
764 682 898 747 viderim
912 682 946 745 in
960 682 1025 747 vita
1040 694 1217 765 optumum.

261 781 328 847 Ga.
346 782 482 859 Videor,
492 793 525 847 te
539 793 638 867 atque
648 780 737 847 illum
753 790 790 847 ut
806 801 928 846 narras.
961 779 1026 845 Pu.
1040 780 1081 845 ln
1094 779 1208 845 malam
1219 801 1371 847 erucem:

218 982 378 1045 Etgroodr'or.
388 995 437 1029 non
446 982 562 1044 grando.-
577 979 778 1043 quaaidiootqui
810 988 929 1043 rogam
940 996 963 1029 re
973 982 1097 1043 negligere.
1129 984 1195 1043 Sapo
1211 985 1305 1031 intereo
1319 986 1375 1031 niba*

216 1046 333 1110 grandior
348 1045 401 1102 luit,
419 1061 491 1108 quom
507 1054 536 1093 ut
552 1043 621 1093 illum
637 1046 779 1094 adolescens
810 1060 877 1093 renea
883 1044 1008 1107 amabat]
1023 1044 1105 1095 Habet
1115 1046 1312 1095 misericordiam
1321 1048 1374 1095 odi-

217 1112 310 1176 optime
320 1126 391 1160 norae
402 1120 492 1173 poaaet.
517 1112 571 1159 Jon
579 1110 703 1173 grandior]
717 1110 777 1159 l’ro·
811 1109 980 1157 osanarratio.
1004 1110 1035 1158 D.

218 1176 273 1241 prie
287 1179 385 1240 grandir
402 1174 433 1223 ad
448 1173 555 1238 speciem
571 1175 675 1223 refertur
692 1174 779 1231 aetatis,
847 1175 883 1224 19.
902 1177 931 1223 Se
947 1177 1006 1224 bono
1025 1177 1140 1237 negligere
1156 1184 1278 1237 cognatm
1294 1176 1374 1239 auu]

220 1251 248 1291 ut
255 1244 354 1303 grandir
363 1257 428 1302 puer,
439 1250 466 1287 et
477 1243 576 1302 grandir
586 1243 666 1303 uirgo:
681 1242 779 1303 grandia
810 1238 974 1299 Ἀμφιβολῐιιι
1003 1239 1046 1287 aed
1070 1240 1096 1287 in
1120 1255 1193 1288 sensu
1221 1240 1374 1290 dissolvitur.

218 1315 276 1355 eota
287 1319 364 1355 senex
374 1304 470 1353 dicitur.
496 1304 528 1352 D.
813 1306 939 1366 &mura
950 1303 1028 1366 mon]
1043 1304 1098 1351 lloc
1107 1305 1199 1353 crimen
1207 1317 1233 1353 et
1241 1321 1319 1355 eausa
1330 1318 1374 1363 eat,

253 1372 290 1419 16.
310 1374 353 1418 Gai
369 1386 438 1431 opero
453 1372 501 1416 vito
517 1368 581 1431 orat]
607 1367 656 1419 llio
672 1368 780 1417 ostendit
811 1368 876 1431 quod
901 1377 1021 1431 eogaotuar
1047 1368 1147 1417 addidit.
1180 1370 1376 1434 n-rregugm

219 1451 292 1499 quarn
314 1449 407 1498 pauper
430 1434 517 1482 luerit:
544 1443 569 1481 et
590 1451 658 1495 opero
679 1433 780 1498 septimi
811 1430 944 1496 οοριιιιιιιι]
966 1433 1101 1497 Cognatum
1122 1434 1244 1493 narrabat,
1263 1437 1332 1498 quod
1351 1452 1376 1485 ao

220 1498 447 1561 (alii,rerti)oaaua
461 1509 506 1556 eat,
518 1509 544 1547 et
559 1501 609 1547 uita
624 1498 777 1547 nominativi.
810 1498 946 1560 negligeret
957 1498 997 1547 hie
1008 1508 1125 1562 cogamus
1136 1514 1202 1549 auus.
1228 1500 1259 1549 Ε.

221 1568 265 1615 Cui
276 1582 344 1626 opera
357 1568 405 1612 rita
417 1562 482 1625 not]
497 1566 573 1625 Opera
588 1578 633 1627 pro
650 1563 716 1611 uictu
733 1579 777 1627 po-
843 1565 881 1610 20.
893 1566 928 1611 Ar
938 1580 1001 1625 quen
1013 1563 1116 1626 alrami]
1128 1564 1239 1619 Qualitas
1251 1565 1377 1627 injuriata

219 1629 283 1679 ruit:
305 1641 331 1677 et
349 1646 419 1689 opera
439 1629 480 1676 bic
502 1628 622 1677 ablativus
643 1644 714 1677 oaaua
733 1639 778 1677 eet.
811 1628 929 1691 dignitate
940 1643 1065 1702 personia:
1083 1629 1153 1677 multi
1165 1628 1377 1687 enimtolessunt,

218 1696 281 1742 Rari
296 1692 363 1755 sere]
389 1693 420 1741 ld
440 1702 484 1750 eat,
505 1692 557 1741 ruri
577 1707 651 1756 opere
668 1692 779 1741 iaciendo
812 1703 840 1743 ut
855 1692 994 1755 cognitione
1011 1692 1139 1743 abdicandi
1156 1693 1213 1743 aiut.
1244 1699 1320 1748 Quen
1338 1714 1378 1759 ego

219 1760 343 1820 querebat
358 1757 446 1805 eibum.
481 1758 516 1805 Et
531 1759 593 1806 beoe
609 1756 704 1806 addidit
713 1755 781 1819 seror
814 1758 1136 1821 ridedminoitaoptinam]
1153 1758 1270 1807 Modoiu
1286 1760 1378 1809 vitare

220 1822 348 1871 nonenim
363 1822 522 1885 oempenaed
537 1822 687 1885 pleniorque.
718 1822 784 1871 Ι).-
814 1822 929 1871 moribua
964 1822 998 1871 Et
1017 1826 1042 1871 r'n
1064 1827 1133 1871 otta.-
1161 1824 1206 1872 boe
1228 1834 1276 1882 eat,
1300 1842 1379 1887 quun

222 1892 267 1937 ciat
279 1904 348 1949 opero
360 1890 410 1935 aito
424 1885 488 1949 erat]
507 1885 637 1951 Expreaait
651 1896 782 1951 pauperta-
814 1886 915 1943 viveret,
932 1897 958 1937 et
972 1886 999 1937 in
1014 1903 1043 1935 eo
1059 1889 1123 1950 quod
1139 1904 1154 1937 a
1170 1888 1226 1937 viro
1238 1889 1275 1937 fit.
1307 1890 1380 1944 Qun

220 1963 279 2011 tem,
289 1952 331 2001 eui
342 1951 421 1999 victua
437 1950 593 2013 quotidianus
603 1967 678 2015 opera
689 1967 781 2015 quare·
814 1968 855 2013 ego
865 1954 960 2001 uiderim
972 1956 996 2001 t'n
1007 1956 1055 2001 aito
1064 1952 1184 2017 opdmm]
1198 1954 1277 2003 blodo
1285 1958 1313 2003 ia
1323 1960 1380 2013 aito,

221 2020 299 2067 batur.
328 2017 515 2078 E.-Caiopera
532 2014 593 2079 aito]
613 2017 652 2065 lta
668 2016 781 2065 meliore·
812 2016 1079 2073 inuetuiumoribua
1105 2017 1137 2066 D.

221 2082 278 2131 libb.
291 2096 337 2131 uec
353 2080 425 2130 aliter
442 2081 559 2129 Priscian.
571 2081 613 2130 lib.
629 2097 669 2129 xv.
687 2082 781 2143 Estque
846 2083 884 2129 21.
900 2083 984 2131 Videor
998 2092 1027 2139 te,
1044 2090 1112 2145 αιᾳιισ
1123 2082 1200 2145 illam]
1219 2084 1316 2133 Melius
1335 2085 1380 2133 lior

221 2149 332 2197 Atticum
343 2145 459 2210 loquendi
475 2162 560 2209 genua.
573 2157 600 2193 ut
613 2146 675 2195 illud
690 2146 782 2195 veterio
812 2145 877 2195 clare
886 2146 978 2195 dietum
988 2163 1003 2195 a
1013 2162 1084 2195 servo
1095 2148 1235 2211 accipimus,
1248 2160 1278 2197 ut
1292 2150 1381 2199 deien-

221 2224 301 2277 poeta
320 2212 385 2275 apud
406 2211 561 2269 Atheureurn,
581 2211 685 2274 Dipuoa.
702 2211 780 2259 libi.
813 2211 878 2259 disee
896 2210 1021 2261 dominum
1039 2212 1169 2261 videretur.
1194 2215 1281 2263 Videor
1297 2224 1380 2271 inot-

221 2293 275 2359 oap.
288 2278 310 2329 7.
336 2274 559 2338 ottlvtpaynpoe
568 2277 613 2324 roi
620 2277 720 2333 ποιητοῦ
731 2278 780 2323 δια·
812 2292 855 2338 que
875 2278 940 2323 illrum
956 2285 983 2325 ut
999 2276 1094 2340 mnae]
1117 2278 1173 2327 lloe
1190 2288 1235 2335 eat,
1312 2291 1381 2329 uteru

222 2350 296 2404 popei,
313 2340 341 2389 '0
358 2342 413 2389 νοΰι
429 2337 477 2401 pdp
493 2342 561 2389 loru
576 2339 679 2403 ἑκατέρῳ
689 2337 781 2389 τούτων
813 2339 916 2403 (mem)
928 2352 952 2389 te
963 2340 999 2389 illi
1016 2342 1136 2401 existimo,
1149 2353 1221 2405 atqua
1238 2343 1312 2399 'lum
1328 2345 1381 2395 tibi.

221 2406 307 2468 τέχνη.
339 2404 419 2453 Simili
430 2404 496 2453 enini
509 2403 780 2463 mododietumdaois,
813 2407 854 2454 Au
871 2406 952 2469 potior
967 2422 1052 2455 aervue
1069 2407 1149 2457 ueiens
1165 2408 1227 2457 hant
1245 2424 1381 2473 perronam

221 2469 306 2531 rim,
322 2480 351 2519 ut
366 2486 382 2519 a
397 2469 514 2545 Tereptio
528 2474 584 2545 olto,
601 2486 676 2532 opero.
704 2469 782 2518 Aliud
813 2470 880 2545 llogi,
892 2470 931 2519 vel
946 2482 1012 2520 certe
1023 2471 1096 2521 etiam
1111 2486 1234 2522 mortuum
1252 2474 1381 2524 homiuem

222 2534 781 2664 ttrlssttttftfftsltttttttt
812 2536 1381 2668 ttttttltttt‘tttttttz¹¹:⁰53ss

224 2664 338 2713 Bentleio
353 2676 377 2713 et
391 2665 488 2727 Cupero
502 2665 589 2713 otei.
604 2666 641 2715 17.
659 2674 724 2713 reete
741 2680 780 2713 re·
813 2677 859 2721 eat,
873 2674 900 2713 ut
911 2668 1036 2715 mortuual
1055 2668 1096 2714 An
1112 2666 1147 2715 sie
1159 2666 1342 2731 recipiendum,
1355 2679 1382 2719 ut

222 2729 345 2794 pudiatur.
378 2729 428 2777 Sed
444 2730 523 2777 Bentl
535 2731 674 2778 obversum
686 2739 712 2777 et
722 2745 780 2777 eon·
813 2730 1301 2807 aervuaoubnrisaavoeehocperjooum
1310 2735 1381 2783 dixe-

223 2810 323 2843 reaturo
341 2794 450 2843 omnium
469 2794 538 2843 codd.
559 2793 608 2857 legi
629 2794 682 2842 vult
698 2797 737 2843 eui
759 2798 783 2843 ia
814 2793 855 2851 rit,
872 2794 1024 2847 Tantumin
1043 2795 1094 2845 vita
1111 2807 1135 2845 te
1152 2798 1235 2846 videar
1250 2799 1381 2873 optimum,

222 2859 328 2921 operula
341 2874 362 2907 e.
374 2858 415 2919 qui
426 2874 501 2923 opere
509 2858 601 2907 ruatieo
611 2858 721 2907 iaciendo
733 2857 783 2907 vie·
816 2874 887 2921 quam
898 2860 944 2909 suit
956 2860 996 2909 ille
1003 2876 1076 2924 quern
1088 2864 1189 2911 narrari
1209 2866 1249 2911 Διι
1259 2879 1296 2911 ere
1308 2864 1381 2913 iutel-

224 2924 476 2986 tumribiqurerebat.
503 2923 784 2987 Sieopasobaolutepro
816 2924 948 2987 ligenduur,
965 2936 993 2973 ut
1009 2941 1094 2975 aer-rua
1112 2926 1157 2975 hoo
1175 2927 1248 2984 dieat,
1269 2928 1299 2978 Si
1317 2930 1381 2993 opti-

224 3005 299 3052 opere
309 2988 400 3037 ruatieo
411 2989 511 3051 ponitur
521 2988 585 3037 Eun.
596 2987 621 3035 ii
637 2990 657 3036 1.
671 2991 708 3036 14.
732 2990 783 3038 Cu·
816 3004 884 3037 utum
903 2990 1056 3047 estunam
1076 3006 1151 3056 opera
1170 3008 1290 3054 quarere,
1311 3006 1339 3043 et
1357 2994 1381 3043 iu

223 3068 298 3119 perus
318 3069 377 3103 vero
399 3064 481 3102 tuetur
502 3053 626 3116 vulgarem
653 3054 784 3103 lectionem
815 3053 896 3103 alieno
912 3068 970 3117 agro
987 3070 1055 3105 eoae:
1072 3056 1107 3105 ita
1124 3056 1244 3107 tevidear
1259 3068 1337 3121 atqoe
1353 3058 1380 3107 il·

223 3136 292 3181 opero
301 3117 326 3165 iu
338 3133 396 3166 eaau
411 3130 485 3174 reeta,
497 3128 523 3167 et
532 3118 645 3181 explieat,
657 3117 698 3167 eui
709 3132 784 3181 opera
816 3118 867 3167 lum
878 3119 969 3177 vidieti,
980 3122 1092 3182 quemad
1104 3122 1170 3172 hune
1184 3123 1286 3171 modum
1299 3138 1383 3173 narra

224 3183 304 3232 vietus
314 3192 374 3240 erat,
385 3183 427 3245 qui
439 3198 471 3231 ex
479 3199 554 3258 opera
563 3198 590 3231 ae
601 3182 688 3231 alebat
706 3183 784 3233 Beut-
816 3182 917 3231 viveret
935 3194 961 3231 et
971 3184 1053 3233 allusit
1063 3186 1094 3234 ad
1105 3178 1171 3235 illud
1177 3188 1242 3249 quod
1253 3188 1298 3246 ait,
1314 3192 1382 3241 Quen

223 3247 266 3297 leii
274 3248 402 3304 rationem,
408 3256 436 3295 ut
445 3248 604 3306 Latinioreur,
609 3248 785 3311 praeferendam
816 3266 858 3311 ogo
867 3251 963 3297 viderim
974 3254 999 3299 ia
1010 3254 1058 3299 uita
1069 3254 1182 3312 optimum.
1204 3252 1292 3302 Vade'ua
1304 3262 1335 3311 re,
1346 3263 1381 3301 ot-

225 3327 386 3361 eoaeeenaeo.
410 3312 439 3359 Z.
817 3312 947 3376 perillam]
965 3315 1049 3373 Deest,
1061 3318 1155 3365 viduli:
1173 3315 1220 3365 tait
1233 3317 1304 3367 enirn
1315 3319 1382 3367 illuto

260 3377 296 3427 17.
313 3379 375 3425 Ruri
388 3375 442 3439 sere
457 3394 482 3425 ae
496 3376 639 3439 continebat]
661 3378 785 3441 Expreeae
817 3392 933 3427 nonvera
946 3378 1034 3428 dicere.
1058 3382 1319 3445 [audomarum]
1333 3384 1382 3433 Ad·

225 3441 333 3494 ootendn
351 3440 475 3490 miaeriam
493 3441 606 3499 hominio,
623 3442 665 3504 qui
681 3442 707 3491 in
725 3443 785 3491 urbe
817 3442 964 3501 verbialiter,
978 3454 1005 3491 ut
1015 3448 1059 3493 bae
1071 3448 1170 3494 ainaim
1192 3446 1353 3498 D.-Vidm
1363 3458 1382 3497 ta

224 3518 298 3557 notua
318 3505 480 3555 interdixerat
494 3506 542 3555 eibi
562 3522 660 3555 aoeenu
677 3509 737 3569 ejus,
754 3507 785 3555 ob
817 3516 885 3571 atqua
907 3506 984 3571 illam]
1010 3510 1099 3561 Servus
1116 3521 1199 3561 narrat
1217 3513 1327 3573 (einins
1345 3513 1382 3575 Z.)

224 3572 344 3637 pudorem
367 3570 463 3635 iuopira
509 3572 574 3619 Natu
597 3571 643 3619 hoc
665 3571 788 3635 siguificat
819 3587 865 3635 pro
873 3572 972 3621 domino
984 3589 1037 3622 aeae
1048 3590 1134 3637 ogere:
1152 3591 1283 3639 cognooee,
1298 3579 1383 3643 inqiut,

225 3639 370 3687 mittebat.-
386 3636 786 3693 uademmadcuntuainma·
819 3647 927 3699 teatque
939 3638 1008 3687 illum
1018 3654 1074 3688 curn
1086 3654 1134 3701 quo
1150 3640 1266 3705 loqueris.
1293 3644 1383 3693 a-n

225 3702 256 3752 lia
272 3701 395 3751 durontea.
431 3701 486 3750 lloo
502 3711 584 3749 autern
600 3712 695 3750 vetere·
712 3701 786 3751 iacie-
818 3704 901 3754 raah
912 3702 1013 3766 mem]
1026 3704 1092 3753 Vett.
1103 3704 1157 3754 libr.
1170 3714 1195 3755 et
1212 3706 1264 3756 Ma
1279 3708 1312 3757 R.
1324 3712 1384 3759 Hier

226 3769 286 3817 bant
301 3765 402 3823 nubilar,
418 3781 494 3828 quum
510 3766 542 3815 ad
557 3776 727 3830 paupertatem
745 3782 785 3815 re·
818 3769 843 3815 ia
859 3770 943 3815 molam
957 3784 1051 3817 moen.
1075 3769 1269 3821 L.—Beutleiuo
1286 3773 1384 3837 oorrigit

225 3831 290 3881 daeti
313 3840 402 3881 errem.
440 3832 502 3879 Rari
520 3830 574 3893 fere
597 3848 622 3881 aa
642 3830 785 3895 cannatae]
821 3832 908 3880 Vidisti
918 3835 1012 3891 nudam,
1024 3841 1150 3883 alm.
1177 3836 1227 3885 Ρη.
1241 3839 1383 3891 Ir‘mtu

226 3900 347 3947 Gratim
357 3895 787 3959 redicitunquieoutravoluntatem
818 3912 922 3945 eruam·
939 3898 983 3947 aed
999 3908 1091 3947 temere
1107 3910 1133 3949 et
1148 3910 1235 3949 eontra
1245 3902 1323 3953 fldem
1334 3918 1381 3953 ota-

225 3960 379 4011 aeooutinet.
404 3960 436 4008 l).
819 3962 967 4015 niuruoodd.
994 3963 1169 4029 Nrmreeepta
1186 3964 1261 4015 lectio
1278 3982 1382 4019 commo·

260 4028 297 4074 18.
312 4028 434 4075 abadon
452 4024 564 4088 tantu]
583 4025 654 4088 Virg‘
668 4025 712 4075 xii.
730 4028 786 4077 520.
819 4026 877 4075 dum
889 4027 964 4075 efficit
974 4042 1080 4086 reorum,
1092 4028 1225 4079 dummodo
1235 4048 1338 4085 norem
1347 4034 1381 4081 in·

225 4094 379 4153 auratoque
398 4097 467 4153 pater
489 4093 571 4138 tellure
590 4093 688 4139 terebat.
723 4094 786 4153 Soepe
819 4092 960 4154 terpreteria
971 4096 1070 4151 mentiri,
1078 4096 1173 4156 fingere,
1183 4094 1383 4157 folradimu

225 4159 315 4206 intereo
326 4158 382 4205 inibi
392 4172 459 4204 aroer
470 4152 595 4216 mrobot]
612 4154 788 4205 Miaerabiliter
818 4159 847 4205 do
856 4158 938 4218 oligua
948 4174 973 4206 re
985 4160 1068 4215 diacre,
1079 4158 1337 4223 qaaesoellesolrr'totie
1346 4180 1381 4211 or-

226 4229 253 4269 et
271 4219 392 4268 iuvidiooe
413 4220 521 4283 potitum
540 4237 626 4269 ma.-
648 4230 674 4268 et
695 4222 787 4283 majore
817 4224 860 4283 goi
872 4230 974 4282 maaet.
995 4222 1037 4271 Sic
1054 4222 1223 4273 latumano
1235 4226 1304 4277 Ειιιι.
1316 4228 1381 4277 titt

225 4285 274 4335 lide
289 4286 403 4333 narrabat
418 4284 489 4341 dixit,
506 4300 557 4335 uon
574 4288 719 4348 querebam.
753 4286 787 4335 Et
820 4287 858 4335 29.
868 4288 975 4337 occurrit
982 4297 1168 4351 pugnoamot
1177 4290 1328 4355 baliugir.
1335 4296 1381 4355 jat-

225 4350 283 4399 vide
304 4348 486 4412 congestionem
507 4359 714 4413 argumentorum.
752 4350 787 4400 Et
819 4359 855 4401 tat
873 4366 1015 4417 perperam:
1032 4352 1059 4401 it.
1078 4353 1149 4403 ndat
1166 4354 1200 4403 iv.
1220 4358 1243 4405 2
1257 4359 1298 4406 l&
1318 4359 1380 4413 odd

226 4414 787 4476 udaeataaeprmtotmetmraan
818 4417 1379 4485 malaussmoirflidiamarriemla
