2834 4759
110 678 148 751 C.
179 678 439 753 SULPlTll
470 680 742 755 APOLLIN.
775 675 1077 753 PERIOCHA

45 866 91 937 lN
119 869 362 945 TERENT.
397 866 1160 946 HEAUTONTIMORUMENON.

146 1098 193 1181 Iu
208 1118 350 1187 militiam
364 1116 526 1203 proficisci
540 1128 673 1202 gnatum
688 1116 824 1181 Cliniam

144 1213 315 1281 Amantem
328 1214 529 1301 Antiphilam
543 1214 697 1301 compulit
712 1216 813 1280 durus
827 1225 938 1299 pater:

144 1314 315 1399 Animique
332 1336 402 1378 sese
417 1314 567 1399 angebat,
583 1312 659 1379 facti
673 1314 845 1399 poenitens.

143 1414 225 1480 Mox
241 1426 278 1480 ut
292 1438 442 1480 reversus
456 1426 518 1495 est,
534 1412 615 1479 clam
628 1424 755 1499 patrem
769 1411 940 1476 divertitur

142 1514 197 1580 Ad
212 1514 448 1600 Clitiphonem:
472 1514 499 1577 is
514 1514 642 1577 amabat
658 1522 800 1575 scortum
814 1507 1021 1575 Bacchidem.

143 1614 254 1687 Quum
268 1622 449 1678 arcesseret
462 1613 603 1695 cupitam
617 1609 819 1695 Antiphilam
832 1608 947 1685 Clinia,

141 1710 188 1776 Ut
201 1714 275 1797 ejus
290 1710 430 1777 Bacchis
446 1711 534 1775 venit
546 1710 657 1786 amica,
670 1730 708 1773 ac
724 1706 858 1773 servolae

140 1806 298 1873 Habitum
314 1828 431 1891 gerens
446 1802 627 1890 Antiphila,
642 1806 763 1871 factum
777 1808 822 1884 id,
837 1828 904 1892 quo
917 1816 1042 1891 patrem

140 1906 242 1970 Suum
256 1904 376 1970 celaret
391 1903 552 1989 Clitipho:
576 1904 628 1970 hic
644 1904 769 1970 technis
785 1905 869 1989 Syri,

139 2004 265 2070 Decem
279 2005 381 2068 minas
394 2002 606 2069 meretriculae
620 2002 726 2068 aufert
741 2026 761 2066 a
776 2022 874 2067 sene.¹

135 2100 308 2188 Antiphila
323 2100 516 2186 Clitiphonis
531 2102 692 2187 reperitur
709 2124 810 2166 soror.

138 2200 236 2265 Hanc
250 2200 366 2277 Clinia,
381 2198 475 2264 aliam
491 2198 634 2287 Clitipho
648 2222 783 2265 uxorem
798 2199 925 2283 accipit.

55 2600 97 2657 lO.
115 2602 324 2660 CALPURNll
343 2602 557 2657 BllllllENSlS
576 2602 656 2658 Vllll
675 2602 892 2660 CLARISSlMl
913 2600 954 2655 lN
973 2602 1003 2655 P.
1023 2599 1130 2655 sexu}

93 2706 270 2762 TERENTll
290 2704 771 2761 HEAUTONTIMORUMENON
789 2703 1084 2759 PROLEGOMENA.
1157 2704 1162 2712 ’

69 2874 126 2923 llnc
138 2878 226 2935 tabula,
241 2876 372 2928 Menandri
380 2876 477 2925 Graeca:
490 2892 544 2940 qua*
554 2876 616 2925 lacte
626 2892 641 2924 a
651 2876 768 2925 Terentio
775 2875 870 2933 Latine,
877 2890 965 2924 nomen
974 2876 1039 2924 idem
1049 2874 1161 2924 oheerra-

32 2950 63 3011 rit,
73 2970 99 3004 ne
109 2958 185 3007 Graeci
197 2958 306 3008 nominis
318 2956 464 3022 euphoniam
475 2957 602 3023 perderet:
620 2958 684 3021 quod
696 2956 826 3006 Terentiae
837 2957 918 3005 minue
926 2956 1005 3006 laudis
1016 2956 1166 3005 existimavit

31 3037 110 3097 propria
119 3040 233 3099 scribere,
245 3054 317 3103 quam
329 3040 414 3087 Graeea
425 3038 563 3087 manalerre.
593 3038 690 3087 Nomen
702 3039 802 3087 habeta
812 3054 871 3087 eene
882 3054 908 3087 ee
918 3038 999 3102 ipsum
1010 3038 1167 3086 excruciante

32 3114 54 3161 ob
66 3116 104 3165 filii
118 3120 269 3170 abeentiam:
287 3135 360 3184 quem
376 3129 506 3177 amentem,
523 3119 613 3168 duritia
629 3135 673 3168 eun
689 3118 716 3167 in
732 3119 845 3168 militiam
862 3118 982 3183 proficisci
997 3117 1164 3182 compulerat:

31 3192 97 3247 lwrlr
110 3200 288 3265 τιμωρούμενος,
306 3201 402 3260 Latine,
414 3216 440 3248 ee
457 3200 537 3264 ipsum
556 3200 698 3249 excrucians
715 3200 895 3264 interpretatur.
931 3199 996 3247 Illud
1011 3198 1165 3247 animadver-

32 3278 119 3337 tendum,
134 3298 219 3333 omnes
236 3281 397 3331 Terentianae
408 3280 501 3330 fabulae
513 3296 544 3329 ex
560 3290 662 3343 utroque
678 3296 768 3344 genere
783 3280 873 3339 mistus,
891 3290 980 3345 preter
994 3281 1065 3329 hanc.
1099 3280 1165 3329 hlam

30 3360 133 3410 concedite
148 3375 191 3413 aut
201 3367 302 3413 motoria
316 3371 380 3421 eunt,
391 3373 434 3411 aut
444 3366 556 3419 statariae,
568 3370 611 3409 aut
621 3366 701 3410 mista.
737 3361 857 3419 Motorioe,
874 3361 1033 3410 turbulentae:
1051 3360 1164 3417 suune.

30 3437 152 3495 quietiores:
171 3445 259 3503 mietae,
277 3459 309 3493 ex
325 3454 428 3506 utroque
444 3452 499 3491 actu
517 3442 684 3491 coneietentee.
719 3444 751 3491 ln
771 3444 824 3501 hac,
841 3458 895 3506 qme
911 3442 1043 3507 plurimum
1060 3443 1166 3492 delectat

30 3526 48 3563 tt
60 3532 108 3569 actu
124 3534 148 3573 et
163 3526 228 3583 etilo,
245 3526 332 3590 primae
351 3533 434 3589 partes
451 3533 509 3573 sunt
526 3523 667 3572 Menedemi
684 3532 709 3572 et
726 3523 878 3572 Chremetis:
906 3524 1019 3572 secunde
1035 3523 1123 3572 Clinia
1140 3532 1166 3571 et

29 3598 168 3665 Clitiphonis:
185 3607 265 3656 tertiae
275 3606 344 3671 Syri:
362 3614 387 3653 et
393 3605 429 3654 eic
438 3604 561 3668 deinceps.
590 3604 742 3662 Htecetiam,
752 3616 779 3652 ut
785 3612 886 3662 ceterae,
895 3604 1002 3667 quinque
1008 3614 1076 3653 actm
1084 3605 1164 3660 habet,

29 3682 136 3747 prologum
151 3688 308 3737 concitatum.
345 3688 485 3736 Nemetae
501 3695 597 3750 purgat,
609 3694 635 3734 et
650 3685 677 3734 in
693 3684 810 3733 laedendie
821 3684 967 3734 advermriie
978 3695 1016 3733 eet
1025 3695 1164 3749 occupetur.

29 3760 189 3825 Argumentum
208 3784 305 3832 quoque
325 3783 374 3817 non
395 3766 514 3831 simplicia
532 3766 625 3829 negotii
644 3766 726 3826 hebet,
746 3781 792 3814 nec
811 3766 885 3815 uniue
904 3766 1071 3824 adolescentie,
1091 3765 1164 3814 utin

30 3838 122 3907 llttyrm
139 3850 182 3898 ted
193 3850 306 3910 duorum,
319 3848 383 3899 utin
395 3848 490 3897 caeteris
502 3846 597 3896 fabulis.

275 4056 633 4119 ARGUMENTUM
666 4057 899 4116 EJUSDEM.

66 4202 192 4255 Cunnum
204 4206 311 4271 gravide
322 4205 394 4255 uxori
406 4204 464 4253 olim
476 4202 654 4261 interminatur,
663 4202 684 4251 ei
696 4202 802 4266 puellam
813 4212 918 4266 pareret,
925 4202 990 4251 nolle
999 4200 1059 4251 tolli.
1081 4204 1116 4252 At
1125 4204 1167 4253 illa

28 4278 78 4329 elem
89 4288 143 4335 tnui
159 4288 293 4337 Corinthiee
309 4286 465 4337 nutriendam
478 4284 552 4335 dedit.
587 4284 660 4332 Hane
672 4283 780 4333 adultam
795 4283 885 4341 Clinia,
902 4283 980 4331 invito
995 4294 1073 4348 petre,
1085 4302 1166 4335 amare

28 4364 103 4427 cepit,
119 4371 187 4431 eujus
198 4369 289 4417 duritia
299 4378 325 4419 et
335 4368 440 4417 meiduie
453 4366 542 4430 Jurgiie
552 4366 578 4413 in
590 4364 702 4413 militiam
718 4363 840 4429 prolieieei
851 4364 990 4429 compulsae
1001 4375 1045 4414 eet.
1079 4368 1167 4416 Postea

29 4442 75 4491 lacti
89 4458 179 4510 petrem
196 4451 370 4500 Menedemum
385 4450 446 4497 adeo
462 4446 584 4512 penituit,
602 4456 629 4495 ut
645 4446 728 4495 omnia
745 4446 867 4505 venderet,
884 4461 908 4495 et
923 4464 1007 4509 agrum
1025 4460 1122 4505 emeret,
1140 4450 1166 4495 in

574 4542 587 4575 t.
601 4528 607 4574 l
