2834 4759
54 248 144 293 scrut
159 230 210 311 ιι]
452 234 766 303 EUNUCHUS.
1126 243 1191 307 229

87 361 300 449 Aufugistin'i
338 366 403 431 Cu.
420 368 525 447 Hera,
542 370 673 436 factum.
712 370 782 436 Tu.
801 369 903 437 Satin'
916 372 950 437 id
966 374 1024 439 tibi
1039 373 1169 459 placet?

87 458 144 525 Cu.
160 462 247 527 Non.
296 462 366 529 Tu.
383 464 514 531 Credin'
541 480 574 532 te
597 469 729 554 impune
752 468 963 536 habitarunt
999 470 1063 537 Cn.
1081 472 1191 539 Unam

142 558 224 625 hauc
242 561 371 625 noxiam

87 656 220 723 Omitte:
244 660 272 722 si
286 658 381 725 aliam
394 659 555 726 admisero
570 684 724 750 unquam,
740 667 890 732 occidito.

52 754 678 828 uTnNummeamsaevitiamverimst
702 763 867 829 CmNon.
892 764 1191 851 TnQuidigiturt

85 852 141 917 Cu.
157 854 254 921 Hanc
268 857 379 935 metui,
393 878 434 922 ne
449 880 500 921 me
516 860 740 925 criminaretur
754 861 824 926 tibi.

84 948 145 1016 Tu.
163 952 255 1026 Quid
270 954 417 1019 ieceras?
455 955 520 1020 Cu.
537 956 712 1023 Paululum
726 958 893 1043 quiddam.
929 959 998 1025 Tu.
1016 960 1095 1027 Eho
1110 985 1192 1047 pau-

140 1049 251 1129 lulum,
267 1051 461 1136 impudens?

84 1145 134 1211 An
146 1148 278 1233 paulum
293 1150 356 1215 hoc
371 1133 444 1215 esse
459 1151 518 1215 tibi
533 1151 672 1231 videtur,
689 1154 846 1239 virginem

84 1242 203 1311 Vitiare
218 1248 341 1312 civem?
376 1247 441 1311 Cn.
459 1246 658 1315 Conservam
672 1273 746 1315 esse
761 1252 897 1316 credidi.

51 1340 142 1407 ²⁰Pr.
158 1343 378 1409 Conservami
401 1346 455 1410 vin
469 1367 520 1409 me
536 1347 698 1425 contineo,
714 1350 792 1432 quin
806 1348 946 1413 involem
960 1350 993 1413 in
1071 1364 1078 1382 ·

85 1438 255 1525 Capillum:
279 1453 477 1522 monstrum3
500 1444 597 1509 etiam
612 1444 697 1509 ultro
713 1444 857 1510 derisum
870 1445 1012 1511 advenit.

84 1534 145 1603 Tu.
161 1536 261 1603 Abin'
275 1540 362 1618 hinc,
378 1542 516 1607 insana?
555 1541 619 1609 Pr.
638 1541 730 1615 Quid
745 1542 792 1606 ita
804 1565 882 1607 vero
897 1544 1034 1607 abeam?

83 1634 183 1701 Credo
197 1638 253 1701 isti
268 1639 441 1723 quicquam
456 1639 622 1715 furcifero,
639 1641 666 1703 si
680 1638 717 1709 id
730 1639 879 1706 fecerim:

48 1822 107 1874 rbum
122 1843 185 1877 esse:
204 1828 243 1877 uti
262 1828 300 1891 (ut
318 1832 342 1877 ia
362 1829 402 1891 Ζ.)
419 1829 455 1879 sic
466 1831 597 1879 salutatum
630 1830 768 1879 eunuchum
780 1830 864 1879 credat
880 1845 941 1888 ease,
953 1846 1009 1879 cum
1025 1846 1074 1893 quo
1084 1830 1192 1893 loquitur

48 1887 127 1960 facilius
135 1902 251 1956 tanquam
260 1894 395 1956 subjectum
403 1894 480 1943 etsibi
488 1894 598 1943 deditum
629 1894 753 1943 meretrix
779 1895 872 1943 Verum
891 1895 970 1943 adbuo
987 1895 1054 1952 latet,
1072 1896 1127 1958 quia
1144 1896 1192 1944 ista

48 1954 210 2021 mrebipassit.
237 1958 266 2005 li.
630 1958 668 2006 rit.
700 1959 740 2006 lta
754 1959 865 2021 quamvis
875 1959 917 2007 ille
928 1960 1054 2009 convictus
1066 1970 1103 2008 eat
1112 1960 1143 2007 de
1154 1959 1191 2007 vi·

75 2020 105 2066 12
116 2022 187 2079 Hera,
198 2020 306 2085 factam]
324 2022 382 2070 Non
394 2021 474 2087 potuit
485 2022 598 2071 subtilius
630 2023 690 2071 tiata
702 2023 805 2087 virgine,
816 2023 895 2072 adbuc
906 2033 1021 2086 tanquam
1032 2040 1118 2073 mrum
1133 2039 1191 2087 pro-

47 2085 177 2145 respondere
193 2088 305 2143 chorea,
323 2102 395 2149 quam
415 2088 596 2135 accommodare
629 2086 699 2150 ponit
715 2097 744 2135 ut
758 2086 832 2144 dieat,
843 2104 971 2136 maenam
982 2104 1030 2136 aare
1040 2091 1136 2136 credidi.
1161 2088 1190 2136 Ε.

47 2158 69 2192 te
85 2147 248 2214 interroganti.
277 2153 352 2199 Satin’
372 2154 399 2198 id
421 2154 465 2199 tibi
485 2149 595 2214 placati]
628 2152 702 2199 -lix
711 2152 794 2199 Bemb
805 2167 855 2200 uno
866 2162 984 2209 nostrum,
994 2162 1019 2201 et
1029 2152 1124 2200 ratione
1136 2167 1191 2200 ven

49 2208 93 2258 lloc
103 2224 214 2277 potestat
228 2230 278 2263 non
287 2216 390 2278 figurate
401 2214 457 2273 dici,
470 2215 594 2279 sedaper-
628 2230 670 2264 sus
690 2231 737 2279 pro
756 2219 876 2277 moialem
897 2215 944 2277 leg.
963 2219 1066 2277 paulam
1095 2216 1130 2264 Et
1146 2231 1193 2280 pro

47 2283 72 2320 tt.
93 2277 121 2325 D.
627 2282 735 2341 quiddam
754 2279 856 2343 corrige,
873 2283 946 2341 qaid,-
969 2290 998 2327 ut
1008 2284 1104 2341 posinna
1120 2291 1193 2329 acuat

74 2341 105 2387 18
125 2345 197 2392 Uamn
215 2347 276 2392 banc
293 2347 383 2391 aurion
400 2342 477 2406 mitte]
501 2342 594 2407 Trisyl-
628 2344 752 2398 ultimam:
771 2342 847 2391 veluti
858 2344 901 2390 Gr.
913 2342 997 2404 μικρόν
1006 2362 1037 2391 τι.
1060 2344 1088 2391 B.

48 2400 91 2451 itio
105 2408 201 2457 nomine
219 2411 311 2456 acriam
327 2407 398 2464 dixit,
410 2406 477 2469 quasi
498 2422 593 2457 noxam.
663 2409 698 2456 tt.
722 2410 811 2455 Vrtim
829 2406 932 2471 circat]
961 2408 1029 2455 Rene
1051 2407 1136 2456 intulit
1156 2412 1191 2457 ci·

47 2466 102 2517 Alibi
124 2471 201 2531 aliter,
223 2470 314 2521 ileaut.
334 2471 360 2519 ii.
380 2474 401 2519 8.
426 2471 464 2522 57.
482 2474 595 2521 dominam
627 2488 688 2520 ream
706 2471 770 2534 quod
788 2470 844 2535 plus
866 2480 911 2528 eat,
930 2486 1002 2533 quam
1024 2476 1134 2535 angiam
1156 2477 1191 2521 ai·

47 2528 98 2580 dixit
117 2544 179 2584 antra
200 2552 292 2585 norom
323 2534 482 2593 D.·-l.eetio,
505 2539 595 2598 inpune
628 2540 703 2585 tiara:
721 2536 817 2597 αὔξησις
827 2535 946 2597 gradatim
958 2536 1028 2585 facta.
1058 2540 1192 2585 maron

46 2596 152 2659 aarum,
168 2616 183 2649 a
197 2599 341 2649 melioribus
357 2599 426 2649 libris
443 2600 593 2664 repudiatur.
627 2616 674 2648 ersa
693 2598 795 2662 credidi]
820 2600 900 2648 Locus
918 2610 971 2649 erat
984 2610 1012 2647 ut
1026 2600 1126 2659 diceret,
1142 2618 1191 2650 aar·

47 2657 69 2706 B·
627 2680 678 2713 auat
688 2681 736 2713 eur
747 2666 843 2721 credidi,
854 2664 898 2712 sed
912 2663 1087 2713 admirabiliter
1102 2682 1192 2713 coam·

73 2727 104 2773 li.
120 2732 145 2776 Si
155 2732 230 2777 oliam
242 2731 354 2775 adamo
369 2745 474 2791 tanquam
487 2728 594 2792 occidito]
627 2746 678 2777 nam
698 2728 768 2777 dixit.
802 2728 836 2776 lit
857 2728 903 2777 hoo
923 2729 1004 2792 ipsum
1022 2728 1193 2777 miserabiliter

47 2785 113 2838 l'crba
133 2808 269 2851 serrorum,
286 2792 374 2857 quibua
396 2792 457 2840 nihil
479 2793 596 2841 horribile
628 2792 839 2857 pronunciandum
849 2801 902 2841 est:
921 2802 1035 2855 unquam
1046 2792 1192 2841 miserabili-

46 2856 378 2921 tttpostpraeaentesplagsa
397 2857 430 2905 Et
445 2872 493 2905 non
505 2860 594 2916 cardito,
629 2866 666 2906 ter
683 2857 815 2906 crediderit
829 2872 972 2905 conservam
989 2872 1050 2915 erae,
1062 2873 1117 2920 quar
1130 2857 1192 2906 civis

46 2917 79 2963 set
93 2924 200 2969 reddito.-
217 2930 245 2968 et
261 2936 311 2969 nou
328 2924 388 2969 oiim
404 2921 467 2969 dixit
484 2921 595 2985 (excidit,
628 2930 687 2979 erat,
700 2931 773 2983 atque
792 2936 846 2969 eam
861 2921 930 2983 quasi
946 2936 1089 2970 mnserram
1106 2921 1192 2969 vitiare

45 2984 78 3027 vd
89 2986 174 3048 dour),
191 2984 264 3049 quasi
280 2984 323 3032 illa
334 2985 441 3033 Choerete
459 2985 597 3043 dixeritne
629 2985 748 3034 debuerit.
771 2986 886 3043 D.-Ne,
906 3002 1041 3044 emmas,
1056 2985 1083 3033 in
1099 2984 1191 3049 repeti·

46 3045 74 3091 lit
83 3050 157 3097 irrisor
167 3058 202 3099 eat
213 3048 365 3112 utsugitinra
376 3048 472 3111 (Aribae
480 3054 563 3098 irritor
573 3067 597 3097 ea
629 3050 696 3099 tione
714 3050 793 3099 variet
809 3059 950 3105 accentum
968 3049 1056 3108 deleto,
1070 3066 1124 3108 em,
1137 3064 1191 3098 cor-

48 3106 86 3157 iis
103 3112 134 3160 il.
146 3124 172 3161 et
187 3115 278 3163 venet.
297 3113 362 3161 ¹Sed
383 3114 498 3177 Wieling.
518 3122 596 3178 putat,
629 3114 689 3179 rige,
701 3120 773 3163 nean
784 3130 911 3162 consenum
922 3116 1017 3162 abdidi
1042 3114 1071 3162 B.

46 3174 106 3223 rnna
114 3176 598 3241 Quasi-sugitiaur,rejiciendaadilnem
663 3180 702 3227 20.
721 3178 888 3241 coacervant]
910 3179 1038 3242 Oportnne
1055 3179 1192 3227 stomacha-

46 3250 117 3289 ttrsnr
135 3242 195 3303 ll).
220 3242 316 3290 n-st
326 3244 396 3289 olion
411 3241 536 3305 admisero]
555 3242 597 3290 ci-
630 3243 701 3291 batur
713 3243 821 3306 Pythias,
838 3241 903 3291 iacta
919 3242 1044 3291 mentione
1060 3258 1192 3293 conservae.

46 3314 92 3349 etto
108 3320 152 3367 pro
165 3308 196 3361 Q.
211 3305 312 3369 Ligario
326 3320 350 3353 x.
363 3308 484 3369 Ignoscite,
495 3306 597 3367 judicat,
634 3309 678 3354 Vir
689 3324 724 3355 ata
735 3310 843 3364 contineo,
854 3309 910 3382 pitin
920 3308 1015 3355 introisse
1031 3311 1057 3355 ia
1071 3308 1193 3373 capillum]

46 3372 125 3427 morit,
140 3373 219 3433 lapsus
229 3378 273 3428 eat,
284 3386 328 3417 noa
335 3374 444 3432 pittatn't,¹
461 3373 483 3419 si
495 3387 596 3434 anquam
629 3370 707 3419 Minas
716 3370 770 3419 istie
780 3384 880 3446 proprie
890 3370 1036 3420 laminarum
1047 3382 1112 3430 sunt,
1124 3382 1150 3420 et
1165 3372 1193 3422 in

45 3435 139 3488 mim:
155 3438 189 3483 cd
201 3442 323 3499 parantem
333 3439 368 3483 ric
378 3438 418 3497 ogi
428 3437 492 3492 solet,
504 3444 546 3483 ate.
566 3436 594 3483 L.
627 3451 662 3493 ae,
674 3444 699 3483 et
715 3435 742 3483 in
758 3434 819 3483 altos
836 3436 959 3498 ungaribus
973 3435 1139 3484 sevientium:
1157 3447 1193 3495 ut,

45 3495 121 3555 -l'ro,
132 3502 224 3555 Omitte.
237 3500 264 3548 in
275 3497 399 3563 plerisque
410 3499 536 3548 nostriset
547 3500 595 3547 Fa·
628 3499 686 3547 AEn.
698 3498 731 3547 iv.
746 3499 802 3549 ota.
825 3502 945 3561 Unguibus
959 3517 1000 3548 oro
1013 3516 1077 3549 seror
1089 3499 1192 3561 soedoar,

46 3560 88 3607 eni
99 3561 164 3612 libris
176 3574 222 3621 eat,
234 3567 330 3613 Amitie.
351 3563 436 3612 Recte.
459 3564 488 3611 Β.
628 3572 650 3611 ct
666 3571 760 3625 pectora
774 3566 867 3626 pagair.
894 3564 1054 3622 Sedimkn,
1066 3564 1194 3614 anavibus

73 3626 105 3673 li.
122 3630 184 3677 Nan
204 3646 278 3677 naam
297 3631 409 3676 mairiam
429 3630 517 3676 aeritur
537 3628 594 3691 cst]
628 3636 734 3677 tractum
749 3638 802 3676 est:
819 3637 848 3676 ut
858 3628 925 3693 apud
935 3627 1075 3691 Virgilium,
1087 3627 1144 3676 liin.
1157 3630 1193 3678 iii.

47 3684 75 3734 Ut
88 3690 187 3754 iugem
213 3692 375 3741 D.-Veraua
390 3691 520 3755 musaleg.
533 3694 597 3741 Nom
629 3692 684 3740 288.
705 3695 809 3753 prodas·
834 3695 932 3753 peditur
953 3695 1101 3740 &modat
1120 3698 1192 3743 naen.

46 3756 105 3801 setin
122 3760 234 3806 unitim
251 3759 366 3805 oiritu'ri
403 3758 443 3805 Oi„
457 3758 516 3804 Noa.
554 3759 595 3804 Tb.
629 3756 696 3819 Ergo
704 3756 751 3803 boc
762 3765 840 3818 gestu,
850 3756 956 3813 etdicto,
966 3755 1108 3819 etcorporia
1116 3768 1193 3817 motu,

46 3816 107 3865 Noa?
121 3826 177 3883 quat
187 3826 281 3885 igitar?
299 3820 356 3868 Hoc
366 3828 438 3884 paeto
451 3834 597 3885 responsum
629 3830 666 3869 est
677 3820 848 3882 adjuvandum.
873 3820 905 3868 D.

47 3878 141 3931 Chtrea
151 3884 178 3933 in
189 3885 242 3934 ictu
253 3884 389 3933 exauditur.
406 3884 443 3932 B.
662 3886 701 3932 tt.
719 3886 819 3933 Iamlam
828 3888 854 3931 in
864 3882 985 3946 eopilian]
1002 3884 1114 3947 Apparet
1126 3901 1194 3934 more

74 3946 105 3995 tu
116 3950 186 3998 linae
196 3953 309 4006 stamine
320 3964 354 3997 ate
365 3952 528 3997 criminaretur
538 3948 595 4012 tibi]
628 3958 740 3997 veterum
751 3948 876 3997 intonsum
889 3962 950 3996 ease.
967 3950 1047 3995 litiani
1058 3950 1120 3995 nitro
1129 3951 1193 3997 deri·

47 4006 144 4061 Periscte
160 4013 271 4062 imitatus
286 4022 324 4061 est
341 4014 415 4061 rerba
430 4012 596 4077 fugitivorum,
628 4028 678 4061 anm
693 4011 798 4075 advenit]
817 4012 882 4061 Mire
899 4026 965 4059 nunc
984 4010 1078 4059 addidit
1095 4026 1195 4062 monaa-

46 4078 171 4190 itti
184 4076 596 4205 bittiittstttti‘lt·
630 4075 1181 4201 titatitt‘ffiniffi‘ti...

48 4200 113 4251 titiam
129 4205 208 4265 timui,
224 4176 311 4255 ne’me
325 4220 395 4254 reum
412 4175 478 4270 dpud
494 4214 519 4254 te
535 4205 599 4254 face·
632 4205 701 4269 guit:
722 4208 849 4258 witot
864 4206 1026 4251 maenam.
1051 4204 1079 4251 Z.
1210 4178 1219 4199 ⁸

48 4273 85 4311 ret
107 4268 135 4317 r.
666 4272 705 4318 aa.
723 4272 832 4325 mnne
843 4270 968 4326 mnan
984 4271 1105 4331 quoq-a..
1115 4270 1194 4335 snat.

78 4330 111 4381 17.
122 4335 186 4383 libo!
195 4332 477 4397 paniciumirapadml]
489 4338 528 4383 An
538 4350 597 4396 ραυ-
626 4333 693 4397 sero]
707 4333 857 4381 subauditur
872 4349 931 4390 arro,
947 4343 991 4381 aut
1002 4332 1123 4395 elparmfir
1136 4352 1194 4401 pro-

49 4394 216 4447 bini-cmc
228 4402 379 4454 tibtaidetnr,
395 4402 504 4461 virginem
515 4402 599 4446 altiora
632 4396 798 4446 nunciandum
816 4406 854 4444 eat
873 4396 946 4460 (Lag.
958 4410 1027 4445 outo
1043 4412 1088 4447 irs
1104 4403 1193 4448 vnnoi

49 4460 127 4508 risen?
143 4461 193 4510 llic
209 4464 259 4525 jam
279 4462 447 4526 intelligimus,
466 4462 530 4525 quod
550 4478 598 4512 non
632 4460 897 4519 Abeam,tubauditur;
908 4470 1070 4512 vaaoautem
1080 4462 1193 4525 ripeta).
