2834 4759
249 190 323 253 xviii
504 187 561 251 DE
580 186 818 252 Taaotnnm
841 186 895 249 ΕΤ
916 185 1141 250 COMOEDIA‘.

250 318 331 382 utilia
352 317 512 388 sententiis,
533 328 617 395 grata
636 317 758 390 solibus,
775 329 845 395 apta
861 328 967 379 netto.
1002 316 1046 377 Ut
1059 315 1149 395 igitur
1161 314 1333 395 superiores
1346 312 1402 381 illoe

251 400 313 462 auis
332 418 460 477 quaeque
480 398 664 459 celebrantur
683 398 870 459 auctoribus:
892 398 934 457 ita
946 398 1012 460 baec
1024 402 1069 458 niu
1080 402 1199 475 «modia
1212 416 1281 460 cum
1295 395 1401 460 multo·

251 500 318 544 rum
337 493 430 550 antes,
453 492 515 539 tum
536 480 685 559 praecipuo
706 478 872 552 Menandri,
893 478 1083 557 Terentiiqoe
1102 493 1172 539 estc
1204 476 1242 538 de
1258 497 1321 554 qna
1337 496 1400 536 curn

253 560 347 622 multa
357 558 481 621 dicenda
490 560 556 629 sint,
569 572 614 619 sat
627 561 683 619 erit
696 574 793 621 tamen
808 560 888 621 velut
900 559 1075 621 admonendi
1086 557 1204 620 lectoris
1214 578 1314 627 cansa,
1325 555 1402 635 quod

253 642 290 705 de
304 654 367 701 arte
381 642 492 701 comica
508 654 639 699 veterum
653 642 760 701 chartis
775 642 950 711 continetur,
964 660 1122 719 exponere.
1153 638 1311 701 comoedis
1321 652 1402 697 vetus

254 736 289 782 nt
308 724 346 781 ab
367 722 448 781 initio
469 720 574 781 chorus
595 722 659 791 init,
678 721 878 800 paulatimque
892 740 1082 800 personarum
1096 740 1218 779 numero
1230 720 1261 785 in
1275 718 1403 797 quinque

255 814 339 867 nctus
358 802 520 882 processit:
548 802 588 861 ita
606 799 747 881 paulatiui
764 801 846 863 relat
863 804 964 862 attrito
983 816 1071 879 atque
1089 813 1248 861 extenuato
1264 800 1358 861 choro
1370 798 1405 857 ad

255 903 361 945 novam
373 882 546 943 comoediam
557 884 599 943 sic
609 884 751 963 pervenit,
763 895 796 942 ut
809 884 838 946 in
850 904 885 943 ea
894 904 953 943 non
962 883 1052 943 modo
1059 902 1118 943 non
1127 881 1282 944 inducatur
1290 880 1404 947 chorus,

254 964 308 1037 sed
328 984 365 1024 ne
385 962 469 1024 locus
494 963 612 1041 quidem
638 963 716 1027 ullas
735 963 797 1043 jam
818 965 998 1041 relinquatur
1018 964 1118 1023 choro.
1157 961 1234 1022 Nam
1249 974 1404 1039 postquam

256 1045 352 1107 otioso
367 1057 497 1122 tempore
512 1044 689 1107 fastidiosior
702 1057 850 1123 spectator
863 1044 995 1113 effectus,
1007 1058 1076 1105 tunc
1088 1064 1157 1107 cum
1169 1042 1209 1103 ud
1220 1056 1358 1104 cantores
1370 1042 1404 1099 ab

256 1126 406 1185 actoribus
427 1123 526 1189 sabula
546 1126 697 1195 transibat,
718 1145 894 1203 consurgere
913 1140 946 1185 et
965 1125 1045 1185 abire
1066 1124 1223 1203 coepisset:
1254 1120 1404 1183 admonuit

256 1218 358 1285 poetar
379 1206 474 1285 primo
495 1204 614 1283 quidem
635 1206 740 1267 choros
758 1207 992 1285 pretermittere,
1006 1205 1161 1271 locumeis
1187 1203 1402 1282 relinqoentes:

256 1299 289 1349 ut
311 1286 474 1352 Menander
495 1286 573 1356 iecit,
593 1288 649 1347 hac
669 1286 706 1345 de
727 1307 823 1357 causa,
838 1307 898 1347 non
915 1301 949 1349 ut
962 1285 1012 1345 alii
1025 1286 1204 1355 existimant,
1217 1284 1287 1345 elis.
1323 1282 1404 1343 Post·

257 1388 339 1429 remo
350 1387 387 1429 ne
400 1366 497 1431 locum
511 1366 628 1445 quidem
643 1367 840 1445 reliquerunt:
861 1368 941 1446 quod
951 1367 1048 1429 Latini
1061 1366 1193 1431 iecerunt
1204 1366 1321 1435 comici,
1332 1362 1403 1428 uode

252 1448 337 1525 apud
355 1447 422 1511 illos
442 1448 578 1511 dirimere
599 1461 682 1509 actuo
704 1449 957 1528 quinquepartitos
979 1447 1099 1507 difficile
1119 1460 1174 1507 est.
1216 1446 1297 1508 Tum
1318 1445 1402 1507 etiarn

257 1527 357 1593 Groeci
383 1527 522 1607 prologus
549 1548 609 1590 nou
637 1529 743 1591 habent
765 1550 848 1591 more
870 1542 1048 1599 nostrorum,
1068 1548 1143 1607 quos
1163 1526 1262 1589 latini
1283 1527 1399 1589 liabent.

257 1608 371 1671 Deinde
382 1614 456 1669 θεοὺς
468 1614 519 1673 ἀπὸ
529 1615 651 1685 μηχανῆς,
662 1610 693 1669 id
706 1622 760 1680 est,
771 1610 852 1669 Deos
864 1611 1043 1689 argumentis
1052 1608 1205 1669 narrandis
1215 1607 1403 1669 machinatos

259 1691 360 1751 caeteri
380 1687 477 1751 Latini
497 1690 589 1755 instar
609 1689 783 1751 Graecorum
802 1692 929 1751 habent:
960 1690 1116 1751 Terentino
1136 1710 1195 1749 non
1215 1690 1318 1750 habet.
1361 1683 1404 1745 dd

257 1770 314 1831 hoc
333 1776 473 1847 ammas
491 1778 629 1847 πρόσωπα,
650 1771 681 1831 id
699 1784 755 1839 est,
774 1792 914 1851 personas
927 1785 1013 1831 extra
1024 1783 1230 1850 argumentum
1244 1767 1403 1833 arsemina

254 1870 316 1918 non
330 1850 415 1915 facile
427 1852 527 1914 caeteri
541 1852 665 1911 habent:
688 1853 796 1930 quibus
809 1852 965 1913 Terentina
978 1872 1059 1931 saepe
1072 1851 1176 1920 utitur,
1190 1863 1224 1910 ot
1237 1870 1293 1929 per
1306 1850 1404 1909 barum

252 1930 440 2001 ,inductiones
461 1930 546 1995 troile
566 1944 665 2010 pateat
683 1946 899 2011 argumentum.
934 1931 1067 2001 Veteres,
1088 1932 1144 1994 etsi
1163 1932 1219 2010 ipsi
1239 1927 1404 2009 quoqnein

257 2012 359 2073 metria
383 2011 577 2091 negligentius
600 2028 724 2091 egerunt
746 2014 862 2075 iambici
882 2034 993 2085 versus,
1014 2014 1159 2077 duntaxat
1177 2012 1208 2073 in
1228 2010 1359 2075 mcundo
1377 2020 1404 2065 et

253 2106 363 2170 ¹tanstrto
382 2093 472 2153 loco:
507 2104 603 2153 tomen
623 2114 640 2155 a
658 2093 797 2156 Terentio
815 2094 969 2157 vincuntur
990 2094 1169 2155 resolutione
1196 2092 1286 2171 hujus
1313 2088 1403 2156 metri

255 2185 398 2251 quantum
418 2186 525 2251 potest,
543 2174 713 2237 comminuti
729 2174 770 2237 ad
780 2176 936 2254 imaginem
950 2196 1047 2253 prosse
1060 2174 1210 2235 orationis.
1245 2172 1327 2235 Tum
1341 2188 1402 2249 per·

257 2274 394 2318 sonarum
414 2252 494 2333 leges
514 2254 593 2315 circa
611 2256 752 2325 habitum,
765 2270 894 2325 etatem,
910 2256 1051 2325 officinm,
1071 2268 1170 2334 partes
1189 2254 1308 2333 mendi
1325 2268 1404 2315 nemo

259 2334 428 2413 diligentins
450 2335 591 2396 Terentio
615 2337 784 2401 custodivit.
827 2336 996 2403 Quinetiam
1014 2336 1095 2397 solua
1115 2356 1203 2396 ausos
1224 2347 1272 2398 est
1291 2330 1402 2394 crimin

258 2414 334 2475 lictis
348 2416 527 2494 argumentis
541 2416 628 2475 iidem
644 2418 775 2477 veritatis
789 2432 1003 2496 assequeretur,
1015 2418 1103 2479 edam
1117 2429 1220 2477 contra
1234 2414 1403 2495 praescripta

252 2497 371 2557 comica
395 2498 563 2557 meretrices
588 2496 734 2560 interdum
753 2518 812 2559 non
832 2498 924 2559 malas
943 2498 1147 2562 introducere:
1175 2497 1285 2575 quibus
1303 2509 1401 2557 mmet·

252 2596 312 2637 cur
332 2578 418 2640 bonae
440 2578 505 2647 sint,
527 2589 557 2636 et
577 2577 713 2657 voluptas
732 2600 784 2657 por
801 2579 898 2658 ipsum
911 2591 941 2639 et
954 2600 1042 2641 causa
1055 2599 1114 2639 non
1127 2578 1213 2639 desit.
1248 2576 1329 2637 Haec
1341 2590 1403 2633 oum

257 2656 497 2721 artificiosissima
516 2658 671 2719 Terentius
688 2660 808 2721 iecerit:
830 2674 891 2719 tom
905 2658 979 2723 illud
995 2673 1041 2719 est
1055 2658 1270 2729 admirandum,
1284 2654 1364 2736 quod
1375 2664 1402 2709 et

257 2758 371 2799 morem
384 2739 511 2809 retinuit,
523 2750 556 2798 ut
569 2740 743 2801 comoediam
756 2741 915 2801 scriberet:
936 2754 966 2804 et
979 2742 1153 2819 meravis
1165 2739 1315 2808 effectum,
1328 2734 1402 2795 oein

252 2820 433 2897 ,tragoediam
455 2819 630 2880 transiliret:
665 2822 746 2899 quod
769 2842 838 2882 cum
856 2821 920 2881 aliis
939 2824 1027 2881 rebus
1045 2822 1164 2883 minime
1180 2822 1336 2882 obtentum
1348 2828 1403 2875 ets

258 2898 374 2969 Plauto,
390 2912 420 2961 et
434 2902 470 2961 ab
485 2900 617 2969 Afranio,
632 2914 662 2959 et
676 2901 777 2971 Accio,
791 2916 822 2963 et
833 2902 935 2962 multia
955 2903 1017 2964 sere
1032 2902 1147 2981 magnis
1163 2902 1282 2963 comicis
1299 2893 1402 2959 inveni-

258 2998 335 3045 mus.
377 2980 455 3039 Illud
474 3001 590 3059 quoque
606 2982 681 3041 iuter
696 2982 885 3044 Terentianaa
900 2983 1022 3045 virtutes
1036 2981 1177 3053 mirabile,
1192 2982 1273 3059 qnod
1286 2981 1351 3061 ejas
1364 2976 1402 3035 it·

254 3060 337 3131 ¹bulae
351 3080 387 3121 eo
401 3074 467 3121 sunt
481 3075 721 3139 temperamento,
736 3075 769 3125 nt
782 3084 877 3141 neque
889 3077 1093 3125 extumescunt
1108 3064 1147 3125 sd
1163 3064 1305 3141 tragicam
1324 3054 1400 3121 celsi·

259 3140 400 3211 tudinem,
422 3162 516 3221 neque
536 3141 711 3221 abjiciantur
731 3146 769 3203 ad
787 3145 933 3204 mimicam
950 3144 1102 3209 vilitatem.
1136 3144 1224 3204 Adde
1241 3141 1325 3221 qnod
1336 3132 1402 3203 nihil

254 3223 426 3283 ,abstrusum
441 3224 478 3286 ab
488 3242 524 3283 eo
534 3223 669 3301 ponitur:
692 3238 743 3289 aut
755 3224 836 3303 quod
847 3228 883 3285 ab
894 3225 1040 3287 historicis
1050 3224 1258 3304 requirendum
1268 3226 1317 3291 sit,
1327 3212 1402 3299 qnod

259 3302 369 3381 saepius
381 3303 504 3367 Plautus
519 3303 597 3375 iacit,
608 3316 638 3363 et
651 3325 687 3363 eo
701 3319 747 3365 est
758 3306 912 3365 obscurior
925 3307 955 3365 in
968 3305 1101 3385 pluribus
1115 3306 1197 3367 locis.
1228 3304 1317 3365 Adde
1329 3292 1401 3379 qnod

255 3384 423 3460 ,argumenti
436 3404 471 3443 sc
484 3384 543 3443 stili
557 3385 598 3443 ita
611 3398 723 3447 attente
739 3407 850 3447 mernor
863 3402 917 3458 est,
930 3400 1118 3466 utnusquam
1133 3386 1209 3449 'non
1223 3384 1344 3449 coemit.
1356 3386 1402 3439 ¹¹¹lt

254 3464 406 3533 ¹currrrrerit
426 3484 469 3535 ea,
491 3486 558 3544 quae
578 3469 682 3526 obesse
703 3480 882 3545 potuerunt:
906 3481 968 3529 mm
985 3468 1065 3546 quod
1081 3468 1179 3527 medis
1197 3467 1302 3545 primis
1321 3474 1401 3537 atque

259 3546 415 3623 postremis
436 3546 476 3605 ita
496 3547 608 3617 nexuit.
629 3560 663 3606 at
680 3548 751 3607 nihil
770 3548 903 3609 additum
918 3548 1011 3618 alteri,
1025 3549 1078 3608 sed
1092 3562 1192 3627 aptum
1206 3568 1245 3607 ex
1257 3568 1290 3607 se
1302 3557 1400 3605 totum

261 3641 292 3687 et
313 3646 370 3684 uno
391 3645 513 3705 corpore
534 3626 668 3687 videatur
686 3649 750 3693 esse
768 3630 974 3707 compositum.
1009 3629 1086 3689 lllud
1100 3648 1218 3708 quoqne
1231 3619 1400 3689 mirabilein

256 3725 296 3767 eo
310 3706 414 3785 primo,
429 3708 509 3785 quod
524 3728 581 3769 noo
595 3708 636 3767 ita
648 3708 752 3774 miscet
768 3730 906 3787 personas
923 3722 1058 3788 quatuor,
1074 3724 1107 3770 ut
1119 3710 1298 3785 obscurarit
1310 3717 1400 3766 mrum

260 3787 421 3847 distinctio.
463 3788 504 3849 Et
524 3788 593 3847 item
613 3789 693 3866 quod
712 3791 785 3850 nihil
805 3791 843 3853 ad
863 3790 1005 3870 populum
1025 3792 1095 3853 iacit
1114 3804 1254 3859 actorem,
1274 3787 1353 3852 velut
1367 3797 1401 3839 Β

258 3868 403 3946 tragoedia
416 3868 514 3946 loqui:
536 3869 617 4008 «pund
631 3871 734 3931 vitium
750 3870 846 3931 Plauti
860 3872 1128 3949 frequentissimum
1141 3883 1197 3931 est.
1227 3870 1307 3930 Illud
1319 3864 1398 3925 etism

260 3948 335 4007 inter
350 3962 456 4008 cratera
469 3948 532 4030 ejus
557 3950 632 4009 aude
647 3950 769 4031 dignum
786 3952 911 4019 videtur,
931 3952 1018 4031 quod,
1029 3951 1221 4034 locupletiora
1239 3953 1400 4030 argumenti¹

250 4030 298 4087 'ex
310 4028 476 4108 duplicibus
489 4032 615 4109 negotiis
626 4030 767 4111 delegerit
776 4033 814 4091 ad
824 4032 1022 4093 scribendum.
1053 4032 1132 4092 Nam
1146 4045 1270 4111 excepta
1281 4030 1397 4103 Hecyra.

258 4108 289 4169 in
303 4130 363 4187 qua
376 4110 461 4169 unius
475 4109 621 4190 Pamphili
634 4133 716 4173 amor
728 4126 782 4184 est,
798 4126 915 4175 caeterae
928 4113 1059 4192 quinque
1074 4114 1161 4173 binos
1177 4102 1398 4174 adolesceuttt¹⁰⁶

260 4190 378 4251 habent.
418 4190 499 4250 lllud
517 4212 588 4251 vero
608 4194 766 4253 tenendum
789 4208 844 4266 eat,
863 4208 932 4274 post
948 4200 1006 4254 νέω
1024 4201 1157 4275 topatius
1178 4193 1299 4253 Latinos
1316 4182 1399 4273 mults

255 4270 424 4331 ¹fabularum
439 4292 547 4353 genera
561 4272 736 4352 protulisse:
758 4287 928 4357 arrogatas,
942 4296 960 4336 a
978 4276 1101 4337 scenicis
1122 4288 1211 4355 atque
1231 4277 1398 4355 argumessffl

294 4508 298 4515 ι
346 4448 356 4481 ⁹
368 4450 420 4499 Nm
433 4452 527 4508 caverit,
544 4459 585 4499 sat
601 4450 728 4515 curaverit]
747 4452 795 4507 lla.
811 4454 874 4506 Dan.
885 4470 930 4507 aon
939 4462 982 4508 aar
992 4457 1086 4514 metrii,
1096 4462 1140 4505 ost
1149 4456 1272 4508 muttit.
1294 4450 1321 4499 Is
