2834 4759
240 170 306 235 ⁶52
660 166 970 235 PRAEFATIO.

239 312 313 378 prout
327 306 444 369 αῄιιηιιε
458 313 527 354 aean
537 303 653 355 uendit
686 304 805 369 Prologus
822 302 977 353 Phormioni·
992 300 1066 351 nimis
1082 299 1216 351 maetam
1231 308 1275 359 est,
1285 301 1339 351 eaeo
1352 308 1377 349 ut

238 384 293 451 ipse
303 395 382 435 semet
392 384 466 434 veluti
479 386 643 451 reprehendat
652 387 684 435 ob
694 386 759 435 banc
770 386 848 451 ipsam
859 382 1027 450 pervicaciam,
1039 391 1064 432 et
1074 381 1147 431 simul
1163 392 1325 445 ugumenmn
1334 396 1377 430 sust

237 466 390 532 purgationis
401 466 507 516 inducat.
542 468 623 531 Atque
634 468 661 515 iu
672 482 702 515 ea
712 482 787 531 quum
800 476 825 515 et
835 465 947 531 protasis,
959 474 984 514 et
994 464 1102 530 epitasis,
1111 473 1137 512 et
1147 463 1296 529 canstropbe
1306 462 1378 526 magui

236 548 371 598 moliminis
382 559 408 597 et
423 548 514 613 negotii
531 549 595 599 sint:
612 548 648 598 ita
663 548 739 598 variis
755 547 878 614 leporibus
889 558 1059 612 asperguntur,
1070 556 1098 595 ut
1108 546 1182 595 etism
1193 560 1274 594 renam
1284 544 1378 594 matium

236 630 382 695 gravitatem
397 641 470 695 poeta
485 630 582 695 lepidus
597 630 691 679 comica
706 630 839 679 serenitate
856 627 1004 692 tranquillet.
1038 627 1100 676 Htec
1117 636 1172 676 acts
1182 636 1219 675 est
1228 625 1292 675 ludis
1303 625 1377 687 blega·

237 710 354 768 lentibus,
369 710 446 759 Lucio
456 710 571 760 Cornelio
587 709 685 759 Merula
699 709 777 759 AEdili
793 708 887 768 Garuli,
903 720 928 758 et
944 709 973 757 1..
987 707 1129 757 Posthumio
1143 706 1246 757 Albino:
1264 706 1378 770 agentibus

238 790 266 839 1.
279 791 364 840 Cassio
376 790 471 851 Attilio,
483 801 509 840 et
520 792 548 841 L.
560 791 690 841 Ambivio:
708 791 794 841 modos
805 790 910 839 faciente
922 788 1009 838 Flacco
1021 788 1118 837 Claudii
1129 788 1180 837 filio
1191 787 1257 837 tibiis
1273 786 1379 841 Serranis,

237 880 336 935 totaque
354 870 470 920 diverbiis
489 871 650 930 facetissimis,
671 881 697 919 et
714 880 811 936 gestarat
831 870 1026 920 desiderantibus
1048 869 1180 927 scenicum,
1200 876 1225 917 et
1244 866 1379 917 suavissimis

237 964 324 1002 ornata
342 952 444 1001 usaticis
464 953 518 1002 suit.
551 954 674 1017 Editsque
693 962 731 1002 est
753 962 839 1017 quarto
857 952 919 1009 loco,
941 950 977 999 M.
998 950 1098 1000 Valerio
1122 960 1148 999 et
1166 950 1194 999 C.
1212 948 1306 998 Fannio
1321 950 1380 997 Coss.

238 1033 347 1083 Persona
357 1033 432 1083 etiam
448 1032 475 1083 in
490 1035 564 1097 hujus
579 1033 672 1098 protasi
689 1048 739 1082 non
755 1048 805 1081 una
821 1039 866 1091 est,
878 1030 923 1081 sed
938 1031 1006 1080 duas:
1023 1044 1126 1094 quarum
1142 1028 1220 1079 altera
1236 1039 1305 1079 extra
1319 1043 1380 1092 argu·

237 1123 347 1164 mentmn
364 1114 445 1179 posita
455 1125 500 1173 est,
511 1114 552 1163 cui
568 1124 682 1164 narratur
697 1114 794 1163 fabular
813 1114 889 1163 altera
904 1113 932 1161 in
948 1120 1099 1203 argumento,
1111 1126 1165 1175 quas
1182 1119 1265 1159 narrat
1279 1108 1380 1158 fabulam.

239 1196 418 1261 Argumentum
435 1211 531 1259 quoque
545 1211 596 1245 non
612 1195 731 1261 simplicis
751 1194 844 1259 nogotii
861 1194 951 1243 babeat
974 1208 1020 1243 neo
1039 1192 1113 1243 unius
1132 1190 1299 1249 adolescentis,
1318 1188 1381 1239 utin

240 1277 352 1341 Hecyra.
370 1276 413 1325 sed
428 1276 540 1335 duorum,
552 1287 580 1325 ut
596 1275 622 1325 in
638 1273 733 1325 caeteris
744 1274 838 1326 fabulis
873 1274 941 1323 Scire
958 1284 1039 1323 autem
1050 1272 1166 1323 convenit
1180 1288 1231 1322 uno
1242 1270 1281 1321 die
1293 1268 1380 1333 mansiqi

240 1356 426 1406 Phormionem·
450 1372 508 1415 non,
524 1365 553 1405 ut
570 1356 876 1414 Heautontimorumenon,
893 1355 994 1404 duobus
1028 1353 1146 1418 Prologus
1162 1364 1274 1419 correpte
1290 1351 1333 1402 art
1346 1352 1381 1399 roi

237 1438 366 1503 προλόγων
382 1438 479 1499 dicitur,
497 1455 548 1488 non
562 1438 680 1503 producte
695 1438 743 1488 dri
758 1458 803 1487 του
819 1440 989 1501 amramis.
1023 1438 1089 1487 Nem
1103 1437 1209 1486 officium
1227 1434 1319 1501 prologi
1335 1440 1381 1481 aute

238 1521 359 1570 actionem
370 1521 432 1583 (bis.
448 1529 502 1570 aare
513 1528 602 1570 mot.
615 1517 658 1583 1..)
670 1519 769 1586 quidem
784 1519 819 1569 rei
836 1534 932 1583 semper
944 1528 995 1568 esta
1011 1532 1179 1567 verumtamen
1196 1527 1223 1567 et
1237 1527 1293 1581 post
1302 1512 1379 1581 princi·

237 1602 307 1667 pium
318 1602 405 1651 fabular
419 1602 551 1660 inducitur,
562 1611 588 1651 et
601 1601 667 1667 apud
680 1602 795 1651 Plautum
812 1600 839 1651 in
858 1599 940 1649 Milite
950 1599 1064 1665 glorioso,
1076 1610 1103 1649 et
1112 1600 1178 1664 apud
1189 1607 1291 1649 ceteros
1302 1608 1380 1659 magna

238 1683 391 1733 auctoritatis
402 1691 498 1733 veteres
509 1691 602 1748 poetas.

632 1972 1000 2035 ARGUMENTUM.

271 2154 355 2210 Quart
373 2153 491 2203 Chremes
509 2152 673 2217 Demiphonis
689 2153 772 2212 frater,
789 2152 883 2203 adscito
900 2152 946 2202 sibi
963 2152 995 2201 ad
1010 2152 1130 2202 fallaciam
1147 2150 1256 2211 nomine,
1273 2166 1318 2215 quo
1333 2146 1380 2196 Stil·

239 2237 346 2301 phonem
363 2250 390 2284 se
408 2234 457 2284 dici
473 2234 572 2292 fecerat,
590 2234 651 2283 duas
669 2235 755 2283 eodem
771 2246 880 2300 tempore
898 2235 1024 2285 habuisset
1042 2248 1139 2293 uxores,
1158 2232 1268 2283 Athenis
1286 2230 1379 2281 divitem

238 2332 372 2382 pauperem
393 2316 495 2365 Lemni:
512 2332 544 2365 ex
561 2314 639 2366 dieite
656 2316 757 2365 susurlit
772 2316 859 2376 filium,
878 2316 920 2380 qui
938 2316 1018 2365 dictata
1036 2327 1075 2365 est
1093 2315 1221 2365 Phaedria:
1239 2330 1271 2365 cx
1289 2324 1379 2379 paupert

237 2398 322 2447 furtim
339 2397 446 2462 suscepit
460 2407 534 2459 atque
551 2396 665 2447 educavit
675 2396 759 2456 filiam,
772 2398 894 2447 Phanium
910 2396 1016 2455 nomine,
1028 2413 1130 2462 eamque
1140 2396 1245 2447 consilio
1256 2412 1309 2445 cum
1320 2394 1379 2441 fratre

238 2480 322 2528 habito
338 2478 470 2527 destinavit
481 2478 532 2527 filio
543 2481 596 2541 ejus
608 2478 746 2543 Antiphoni
762 2494 864 2527 uxorem
881 2478 947 2527 dare.
980 2478 1076 2534 Quibus
1092 2476 1253 2544 complacitis,
1268 2492 1316 2525 uno
1330 2484 1378 2522 tem·

238 2575 299 2624 pore
317 2558 420 2623 proiecti
438 2558 544 2608 Athenis
562 2573 642 2616 senes
663 2558 788 2624 Demipho
808 2558 833 2607 in
855 2557 975 2618 Ciliciam,
995 2560 1113 2609 Chremes
1131 2560 1254 2609 Lemnum
1270 2558 1300 2607 sd
1314 2568 1378 2605 arces=

238 2641 340 2690 sendsm
351 2639 434 2698 filiam,
447 2654 501 2702 quse
513 2641 565 2701 jam
579 2638 649 2688 illinc
659 2654 715 2688 cum
733 2648 812 2689 matre
827 2640 990 2703 navigaverat,
1001 2640 1153 2689 ooeasioaem
1166 2640 1289 2690 dederunt
1298 2630 1378 2686 amandi

238 2720 439 2771 adolescentibus.
484 2721 549 2769 Nam
571 2720 655 2770 statim
678 2719 792 2769 Phaedria
813 2720 986 2770 citharistriarn
1012 2722 1057 2770 sub
1067 2712 1071 2721 ’
1081 2721 1169 2771 lenone
1191 2721 1269 2788 coepit
1294 2717 1378 2767 arderet

239 2802 351 2867 Antipho
361 2800 428 2850 illam
439 2800 514 2850 liliam
525 2802 607 2866 patrui
619 2801 742 2850 Phanium
753 2801 924 2867 desponsatam
937 2802 992 2863 sibi,
1005 2802 1116 2851 nesciens
1131 2802 1290 2858 nescientem,
1301 2812 1350 2849 mor
1359 2804 1379 2841 ut

239 2883 350 2932 Athenas
361 2881 437 2941 venit,
448 2898 494 2931 nec
505 2891 600 2947 patrem
615 2882 714 2947 reperit,
727 2882 787 2931 falsa
802 2882 894 2948 duplici
904 2884 957 2945 ejus
972 2883 1079 2942 nomine,
1091 2894 1194 2932 matrem
1206 2894 1323 2934 mortuam
1333 2877 1378 2925 dum

238 2965 393 3023 lamentatur,
405 2964 540 3013 adamavit:
557 2964 708 3029 consilioque
720 2973 745 3012 et
756 2978 830 3027 opera
846 2963 954 3029 parasiti,
966 2965 1101 3013 secundum
1116 2963 1183 3029 leges
1199 2958 1378 3013 Atheniensium

239 3044 308 3109 quasi
319 3044 366 3094 sibi
374 3054 476 3108 cognata
488 3055 559 3104 esset,
571 3055 686 3108 tanquam
698 3045 790 3107 injure
801 3044 881 3094 victus
894 3054 919 3094 et
927 3044 995 3094 velut
1005 3055 1111 3105 conchas,
1121 3060 1176 3095 eam
1187 3046 1283 3111 accepit
1294 3050 1377 3092 merem

237 3141 283 3191 per
298 3126 435 3175 absentiam
449 3125 534 3189 patria
567 3124 618 3181 Qui
634 3142 709 3189 quum
726 3126 872 3185 advenisset,
884 3136 910 3174 et
925 3126 999 3177 vellet
1015 3142 1069 3177 eam
1085 3126 1225 3192 expellere:
1243 3126 1318 3193 primo
1331 3132 1376 3169 ωι-

237 3208 331 3256 tutatur
346 3221 391 3271 per
406 3205 584 3270 impudentiam
599 3206 714 3271 parasiti:
732 3215 788 3271 post
804 3222 860 3255 cum
877 3222 922 3257 suo
938 3208 1012 3257 tratre
1027 3208 1062 3257 sie
1079 3206 1208 3273 decipitur,
1221 3219 1257 3265 ut,
1268 3206 1321 3255 dum
1335 3212 1376 3249 em

237 3286 317 3337 credit
326 3287 357 3335 ab
366 3285 510 3350 Antiphone
520 3302 592 3350 posse
603 3286 718 3350 disJungi,
729 3302 784 3337 eam
794 3286 916 3351 parasitus
927 3288 981 3353 ipae
990 3288 1063 3339 ducat
1074 3305 1192 3339 uxorem:
1205 3298 1232 3338 et
1243 3288 1283 3337 det
1293 3287 1377 3335 ducum

237 3384 296 3418 m.
308 3366 388 3416 minas
398 3366 541 3433 presenteis
552 3367 623 3427 dotis,
635 3368 724 3432 puellm
735 3368 848 3425 nominet
861 3384 921 3432 quaa
933 3369 1049 3419 Phormio
1060 3381 1172 3435 acceptas
1183 3368 1301 3419 Phaedn'at
1310 3361 1375 3414 dedit:

237 3448 280 3498 tue
295 3448 379 3497 tenant
395 3448 427 3496 ιι
442 3447 615 3498 cromam
631 3447 805 3498 arimenum.
840 3448 936 3504 eursu.
951 3450 1028 3514 geas
1040 3450 1137 3500 andem
1149 3451 1269 3501 enema
1286 3439 1376 3511 noodr

238 3530 314 3580 liliam
331 3544 400 3578 suam
411 3531 567 3592 conjunctam
578 3544 632 3579 esse
642 3530 725 3579 barris
736 3530 794 3579 lilio.
827 3530 910 3585 Quare
921 3531 980 3580 durn
994 3540 1088 3581 mutato
1099 3531 1202 3581 consilio
1213 3546 1273 3581 xxx.
1288 3527 1375 3578 minu!

237 3610 386 3662 Phormione
397 3626 443 3676 per
451 3610 531 3660 rixam
542 3620 645 3661 conamr
655 3611 761 3676 exigere,
773 3626 819 3676 per
829 3612 933 3661 cundem
952 3611 1064 3677 proditus
1080 3613 1151 3661 uxori
1168 3628 1220 3662 sat
1236 3608 1375 3662 humma·

237 3702 292 3743 estt
309 3701 335 3741 et
345 3692 423 3741 factus
434 3690 543 3741 libidinis
554 3706 618 3749 reus,
630 3708 681 3741 non
691 3702 750 3741 ante
761 3692 858 3741 veniam
876 3694 967 3742 menrit
982 3710 997 3743 s
1015 3694 1205 3752 manetamilias,
1217 3708 1288 3759 quam
1298 3698 1320 3739 et
1329 3696 1374 3736 ω

236 3775 366 3830 minarum,
379 3782 404 3823 et
415 3772 504 3822 amoris
515 3772 775 3823 citharistriaereniam
787 3772 894 3823 dedisset
905 3774 963 3823 illio.
992 3772 1086 3824 Paratur
1097 3774 1174 3824 Actus
1186 3786 1225 3825 est
1239 3763 1374 3829 incatenat

238 3854 302 3906 Davi
314 3864 340 3904 et
354 3856 440 3903 Getae:
457 3870 503 3919 per
513 3870 574 3918 quos
584 3853 658 3903 discit
668 3854 774 3919 populus
785 3864 963 3918 argumentum.
998 3856 1097 3905 Secundi
1105 3855 1185 3905 Actus
1200 3864 1271 3905 tenor
1285 3847 1374 3901 conduct

236 3939 369 3988 adventum
389 3934 456 3985 senia
476 3935 651 3995 turbulentum,
669 3945 695 3985 et
714 3934 822 3998 ejusdem
838 3935 947 4000 jurgium
966 3936 1083 3986 adversus
1101 3938 1190 3986 Getam
1208 3947 1235 3986 et
1251 3930 1372 3985 Pbadriffl·

237 4020 317 4069 Tertio
324 4017 399 4065 Actui
410 4016 552 4066 attribuimr
562 4016 668 4080 litigium
679 4016 747 4065 aenis
758 4025 784 4065 et
792 4016 960 4067 Phormionist
974 4027 1025 4067 turn
1035 4016 1183 4068 conauhstio
1193 4033 1249 4067 οιιιιι
1257 4007 1371 4065 advocatis:

235 4109 290 4149 tum
312 4097 463 4162 Antiphonis
483 4096 512 4146 iu
531 4112 628 4147 scenam
650 4098 753 4155 redime,
776 4098 971 4163 colloquiumque
992 4116 1049 4149 cum
1071 4101 1151 4149 Geta:
1179 4110 1231 4149 turn
1252 4092 1337 4148 lenonis
1353 4093 1371 4134 ιι

237 4178 356 4228 Phaedriae
371 4177 524 4227 colluctatio:
543 4188 596 4228 tum
612 4177 749 4227 adhortatio
766 4180 836 4227 Getae
852 4179 883 4228 de
899 4179 1048 4229 inveniendo
1063 4190 1166 4245 argemo
1182 4180 1213 4230 sd
1228 4171 1370 4231 redimendam

236 4260 356 4309 Phaedria
373 4258 554 4309 citharistriam.
599 4262 712 4311 thasr
728 4260 819 4309 Actum
836 4260 882 4309 ista
897 4261 1086 4311 concelebrant:
1112 4262 1232 4311 adrentus
1250 4248 1369 4310 Cbrtmvfl'b

235 4340 392 4405 eisdemque
403 4356 459 4389 cum
472 4340 548 4389 trane
558 4338 702 4389 deliberatio
713 4354 758 4406 per
769 4354 877 4390 errorem
894 4340 925 4391 de
936 4341 1056 4405 ejicienda
1072 4342 1179 4391 Phanias
1198 4340 1266 4392 aar·
1276 4328 1368 4387 verba&

234 4420 348 4472 fallendis
359 4420 474 4471 senibrts:
493 4420 644 4486 Antiphonis
654 4420 733 4471 oratio
749 4422 815 4487 spud
830 4432 909 4471 semet
924 4422 1006 4487 ipsum
1023 4422 1055 4471 de
1071 4438 1154 4473 amore
1165 4420 1300 4473 mana:
1314 4414 1367 4465 (θ’
