2834 4759
265 178 330 241 lviii
684 174 747 241 Illi
772 178 1021 246 THEATRO.

268 323 338 407 post
359 309 507 391 pulpitum
526 320 662 371 exertum
686 310 851 371 videbatur.
892 310 1041 390 Opertum
1059 324 1123 374 erat
1145 312 1268 375 tentorio
1285 310 1392 391 quodem

269 392 387 471 insigni,
412 406 442 452 et
469 390 550 470 quod
571 393 667 471 ipsum
691 392 884 470 undecunque
908 394 1044 466 ambiret,
1065 406 1100 454 nt
1120 396 1151 453 in
1172 415 1210 454 eo
1228 394 1351 455 secretius
1366 405 1392 451 et

268 474 363 552 magis
377 474 476 533 abdite
497 484 662 551 spectarent
681 473 838 552 principes,
852 474 904 551 qui
923 492 1133 553 nonnunquam
1151 475 1221 535 illuc
1239 494 1269 533 se
1281 474 1388 533 coniere-

269 555 350 614 bant.
394 554 471 614 Nam
491 554 618 632 expedio
638 552 725 614 ludos
745 574 779 613 ac
800 553 960 613 comoedias
980 570 1129 634 spectasse
1150 556 1293 616 Neronem
1310 555 1391 613 scribit

269 634 471 713 Tranquillus.
504 634 625 693 Dictum
638 634 729 703 aiunt,
747 635 827 712 qnod
841 635 870 693 in
880 655 916 694 eo
930 650 1110 714 spectatores
1124 638 1272 696 autetiam
1283 635 1393 694 tibicines

269 716 395 796 pedibus
417 716 511 775 innixi
532 727 640 785 essent,
666 736 726 775 non
750 715 902 775 sederent:
933 716 982 776 vel
1005 718 1087 795 quod
1108 718 1139 777 in
1157 738 1194 777 eo
1214 734 1393 791 nonnunquam

268 796 394 875 pedibus
408 795 651 876 gesticularentur
664 797 820 855 histriones
832 798 861 855 in
869 810 989 856 actuum
1000 799 1237 858 commutatione.
1270 796 1392 873 Pulpitsn

268 878 300 937 in
324 897 419 948 scena,
444 876 558 955 (Graeci
581 884 673 954 λόγων
695 876 865 952 vocabant)
887 876 969 937 locus
993 891 1066 949 erat,
1093 881 1123 938 in
1147 900 1236 957 quem
1259 877 1392 957 prodibant

267 972 382 1019 actores
399 978 416 1017 e
436 956 542 1017 casulis
555 970 606 1017 aut
626 957 810 1017 domunculis
830 958 891 1017 suis
911 960 1042 1031 scenicis,
1056 960 1096 1019 ad
1115 959 1301 1027 recitandum,
1319 956 1393 1015 nostri

269 1050 377 1099 vocant
401 1038 578 1116 eselaffault,
622 1036 689 1097 Fuit
712 1039 897 1098 exactissime
918 1040 1007 1100 situm
1028 1054 1096 1099 ante
1117 1041 1244 1100 frontem
1263 1058 1356 1107 scena,
1372 1048 1396 1093 et

269 1119 336 1180 loco
350 1119 441 1199 ipsius
454 1119 562 1189 medio,
572 1120 621 1197 qui
638 1120 744 1179 theatri
755 1133 856 1179 centro
869 1120 1070 1198 responderet,
1083 1141 1199 1199 semper
1212 1120 1333 1199 ligneum
1344 1117 1395 1186 luit,

269 1211 357 1279 atque
382 1200 529 1270 exemtile,
552 1202 639 1259 etiam
667 1202 691 1259 si
717 1220 804 1259 scena
823 1201 948 1260 structili
976 1203 1099 1261 materia
1121 1213 1286 1261 constructa
1303 1199 1395 1258 suiset.

270 1280 522 1358 Eximebaturque
555 1281 585 1340 in
620 1281 796 1340 athletarum
830 1294 861 1339 et
894 1280 1089 1359 gladiatorum
1119 1280 1300 1360 spectaculis,
1328 1297 1397 1337 scens

269 1362 456 1421 nihilominus
483 1365 597 1441 integra
621 1374 766 1421 manente.
815 1361 918 1421 Paullo
946 1362 1033 1422 altius
1059 1363 1216 1423 videbatur
1242 1363 1298 1421 ima
1320 1378 1396 1419 scena

270 1443 394 1523 porticu,
422 1444 453 1502 in
480 1462 539 1521 qua
565 1456 697 1502 actorum
732 1442 835 1501 domos
862 1444 1037 1503 constitutas
1071 1463 1135 1503 esse
1162 1444 1340 1503 dicebamus:
1368 1438 1397 1497 ad

268 1524 348 1584 idern
368 1523 471 1583 leniter
492 1524 712 1583 adscendebant
731 1536 846 1583 actores
870 1525 1111 1601 pronunciaturi:
1152 1524 1234 1586 haud
1254 1542 1332 1599 teque
1347 1520 1397 1578 lon·

267 1624 339 1684 gum
360 1605 416 1663 suit
443 1619 530 1681 atque
557 1605 622 1683 ipsa
648 1623 744 1673 scena,
772 1603 864 1663 altum
891 1618 1004 1664 tautum
1026 1618 1091 1664 erat
1116 1604 1208 1683 pedes
1228 1605 1354 1682 quinque,
1373 1612 1399 1657 ut

267 1686 319 1763 qui
353 1685 383 1745 in
410 1686 561 1744 orchestra
590 1686 735 1755 sederent,
764 1684 878 1744 facilius
912 1685 1021 1762 pedum
1048 1686 1193 1745 motiones
1227 1698 1258 1745 et
1288 1679 1398 1760 singulos

267 1766 416 1845 agentium
449 1779 548 1845 gestus
578 1766 774 1843 perciperent.
816 1765 853 1824 Id
880 1767 1007 1844 spatium
1034 1765 1116 1842 quod
1141 1767 1281 1844 utrinque
1305 1787 1321 1824 a
1346 1761 1398 1839 pul·

267 1846 331 1925 pito
359 1846 397 1905 ad
424 1860 586 1906 extremam
611 1866 727 1906 scenam
751 1866 877 1906 vacuum
902 1846 1130 1923 relinquebatur,
1154 1845 1256 1907 Graeci
1277 1846 1399 1904 vocabant

262 1928 451 2007 proscenium,
474 1928 598 2004 nequis
622 1928 772 1985 existimet
794 1927 886 1986 fuisse
908 1946 1004 1986 scenae
1028 1926 1130 1987 latere.
1173 1928 1308 1987 Periocto
1329 1943 1399 1982 voca·

265 2021 335 2067 runt
362 2006 461 2067 Graeci
489 2008 518 2066 in
546 2007 640 2067 scenis
666 2009 727 2067 suis
754 2021 859 2078 turres,
886 2020 938 2066 aut
964 2008 1123 2077 machinas,
1151 2008 1281 2087 trigenas
1306 2006 1399 2064 haben-

266 2101 322 2159 tes,
344 2087 392 2147 vel
412 2088 614 2167 triangulares,
634 2089 709 2148 miro
731 2088 855 2147 artificio
876 2100 1069 2158 constructas,
1091 2090 1120 2148 in
1140 2108 1200 2148 uno
1220 2102 1307 2167 atque
1325 2085 1400 2144 altero

266 2188 363 2229 scenae
387 2168 479 2229 latere
501 2168 622 2248 positas,
647 2171 735 2228 variis
758 2169 906 2229 coloribus
929 2169 1090 2229 secuudum
1113 2170 1238 2249 angulos
1260 2168 1400 2232 annuetis,

266 2249 441 2310 versatiles:
475 2263 509 2310 ut
535 2251 610 2309 inter
638 2251 839 2329 spectandum,
864 2250 935 2309 dum
959 2251 1049 2309 animi
1071 2250 1109 2309 ad
1132 2251 1292 2309 histriones
1319 2243 1401 2327 paullo

265 2332 436 2391 attentiores
463 2344 569 2400 essent,
597 2330 739 2409 paulatim
765 2330 996 2401 revolverentur,
1025 2343 1056 2389 et
1079 2330 1169 2389 modo
1198 2333 1304 2399 rubrae,
1329 2325 1402 2386 mode

265 2412 383 2483 virides,
401 2424 453 2471 aut
473 2412 593 2471 alterius
614 2412 720 2471 coloris
734 2424 928 2490 apparerent:
958 2432 1025 2489 quae
1044 2432 1092 2470 res
1107 2430 1166 2471 non
1186 2432 1308 2489 parvam
1320 2407 1401 2467 oblec-

265 2494 407 2553 tationem
429 2494 630 2571 spectantibus
657 2492 809 2551 afferebat.
844 2492 913 2562 Har,
938 2512 1028 2568 quum
1054 2493 1219 2552 fabularum
1245 2490 1402 2551 mutationes

265 2586 350 2633 erant
369 2574 488 2645 iuturae,
511 2594 562 2633 seu
585 2573 707 2632 deorum
727 2572 872 2631 adventus
892 2593 959 2632 cum
980 2573 1138 2633 tonitribus
1165 2572 1333 2651 repentinis,
1349 2586 1403 2627 ver·

266 2657 415 2723 sahantur,
429 2656 639 2732 mutabantque
653 2653 782 2733 speciem
795 2654 954 2713 ornationis
968 2654 999 2713 in
1013 2653 1135 2714 frontes.
1170 2653 1221 2712 Ex
1234 2655 1271 2712 iis
1283 2646 1404 2733 projecti·

265 2736 322 2795 tios
343 2736 426 2814 ignes
447 2736 610 2806 vibrabant,
624 2735 655 2793 in
669 2735 705 2793 iis
720 2734 869 2813 fingebant
883 2736 1020 2806 tonitrua,
1037 2734 1163 2813 pluvias,
1180 2747 1212 2793 et
1231 2729 1403 2812 quiequidin

266 2816 411 2895 tragoedia
431 2816 621 2875 admiratione
642 2815 764 2893 dignum
783 2816 858 2874 fuit:
881 2815 934 2874 sed
947 2816 1004 2875 hoc
1016 2815 1146 2874 maxime
1162 2815 1193 2874 in
1213 2812 1368 2875 honorifico
1379 2820 1404 2867 et

265 2909 418 2956 sumtuose
432 2896 642 2955 comoediarum
656 2909 707 2955 aut
721 2895 932 2975 tragoediarum
950 2916 1068 2974 genere.
1106 2895 1278 2955 Secundum
1290 2899 1403 2971 aspicere.

264 2994 370 3056 nempe
384 2977 423 3036 ad
436 2996 531 3036 scenae
543 2975 645 3047 latera,
660 2978 764 3036 itinera
777 2990 807 3035 et
820 2995 945 3035 ocrmroe
960 2990 1166 3056 procurrentes
1183 2990 1279 3047 erant,
1297 2989 1403 3052 quarum

265 3078 326 3117 una
339 3058 494 3128 efficiebat,
508 3070 543 3116 ut
556 3072 670 3116 actores
687 3078 705 3116 a
722 3058 796 3127 foro,
813 3057 914 3126 altera,
931 3070 967 3116 ut
985 3076 1109 3135 peregre
1129 3058 1260 3136 prodire,
1281 3069 1331 3116 aut
1348 3052 1405 3112 illut

264 3138 382 3216 regredi
399 3138 576 3197 viderentur.
612 3138 648 3197 ln
665 3139 764 3197 media
783 3157 872 3197 scena
890 3138 985 3197 oaluoe
1003 3139 1096 3217 regioe
1115 3138 1308 3197 conformatae
1327 3144 1404 3199 eraut·

265 3220 344 3279 circa
358 3238 430 3297 quas
443 3218 590 3296 utrimque
604 3218 723 3279 luerunt
736 3218 899 3297 composita
913 3218 1065 3297 hospitalia
1077 3238 1144 3295 quae
1155 3231 1244 3277 vocat
1256 3215 1405 3279 vitruvius,

265 3300 404 3378 equibus
417 3313 531 3359 actores
545 3299 688 3378 prodiisse
703 3312 785 3378 puto.
820 3298 961 3359 Omnium
975 3319 1138 3370 scenarum,
1152 3318 1225 3376 quas
1244 3294 1405 3358 Romniin

265 3380 382 3441 theatro
408 3400 536 3459 unquam
562 3394 798 3451 construxerunt,
833 3379 919 3457 longe
952 3380 1133 3439 nobilissima
1166 3380 1222 3439 suit
1257 3398 1302 3451 ea,
1328 3393 1404 3455 quam

264 3460 312 3521 M.
342 3461 467 3521 Souania
498 3461 528 3519 in
562 3460 701 3520 aedilitate
731 3481 786 3519 saa
814 3461 989 3520 construxit.
1041 3460 1116 3519 Eam
1149 3460 1297 3538 triplicem
1328 3457 1407 3517 luisse

264 3544 356 3602 refert
382 3541 503 3611 Plinius,
525 3540 677 3600 altitudine
697 3560 789 3601 cccnx
808 3541 1019 3600 columnarum.
1054 3540 1119 3599 Insa
1134 3558 1204 3620 pars
1224 3560 1322 3600 scente
1339 3554 1407 3596 mu·

263 3642 381 3683 moreos
407 3622 510 3681 habuit
533 3622 669 3701 parietes,
691 3642 750 3681 non
773 3622 859 3681 facile
879 3622 1005 3681 dixerim
1025 3634 1123 3681 sectos
1142 3642 1181 3681 an
1200 3622 1305 3682 solidis
1325 3616 1407 3699 glebis

286 3703 383 3764 olitos.
421 3702 523 3761 Media
543 3704 600 3762 fuit
620 3724 637 3761 e
657 3703 744 3774 vitro,
767 3703 897 3761 inaudito
917 3703 1006 3762 etiam
1028 3715 1132 3781 postea
1151 3722 1260 3781 genere
1282 3699 1407 3761 luxuriae·

264 3724 394 3844 gummae
408 3782 516 3843 tabulis
535 3784 673 3843 inauratis
694 3783 849 3856 columnae,
870 3784 939 3842 imae
958 3783 1278 3861 duodequadragenum
1297 3780 1407 3861 pedum.

264 3866 356 3945 Signa
369 3885 454 3925 cerea
467 3865 541 3923 inter
554 3864 703 3924 columnas
718 3864 847 3934 bierunt,
862 3864 920 3923 tria
935 3864 1028 3923 millia
1043 3884 1177 3923 numero.
1219 3864 1282 3923 Sed
1300 3876 1331 3922 et
1349 3858 1408 3919 rell·

264 3966 340 4025 quus
354 3956 511 4026 apparatus
526 3956 625 4004 tantus
639 3945 770 4005 Attalica
782 3958 875 4015 veste,
891 3944 999 4004 tabulis
1014 3945 1111 4023 pictis,
1127 3957 1296 4023 caeteroque
1315 3943 1408 4004 chora·

284 4028 313 4087 io
328 4028 394 4098 fuit,
409 4039 442 4087 ut
456 4027 487 4085 in
498 4024 696 4085 Tusculanam
710 4025 809 4085 villam
823 4026 981 4103 reportatis
994 4045 1063 4104 quae
1080 4026 1304 4104 superfluebant
1322 4018 1408 4101 quoti·

263 4048 343 4167 diam
369 4128 440 4167 usus
469 4106 590 4176 deliciis,
618 4108 735 4166 incensa
759 4106 829 4165 villa
849 4109 887 4165 ab
907 4106 990 4165 iratis
1010 4106 1104 4165 servis
1125 4117 1359 4166 concremaretur
1376 4098 1408 4158 ed

265 4189 432 4248 sestertium
452 4188 567 4247 millies.
611 4187 764 4248 Stenarum
783 4201 881 4246 autem
898 4187 953 4264 (ait
966 4184 1135 4264 Vitruvius)
1148 4206 1257 4265 genera
1270 4196 1339 4247 sunt
1351 4181 1408 4248 trib

264 4288 356 4329 unum
369 4268 448 4346 quod
462 4269 569 4328 dicitur
583 4268 734 4349 tragicum,
748 4279 836 4345 atque
854 4268 886 4326 id
905 4268 1036 4327 omnium
1055 4268 1323 4327 sumtuosissimum
1341 4262 1408 4323 fuit:

262 4348 388 4410 alterurn
408 4350 561 4409 cornicum:
596 4350 718 4409 tertium
738 4348 902 4427 satrpicssns.
945 4348 1063 4408 Horum
1082 4360 1182 4408 autem
1204 4361 1326 4409 ornatus
1348 4354 1408 4403 suut

263 4430 338 4515 inter
361 4450 393 4491 se
418 4429 581 4503 dissimiles,
604 4430 773 4511 disparique
793 4428 925 4490 rationes
961 4429 1087 4509 tragico.»
1112 4430 1192 4491 enim
1216 4429 1408 4490 deformantur
