<?xml version="1.0" encoding="UTF-8"?>
<!DOCTYPE html PUBLIC "-//W3C//DTD XHTML 1.0 Transitional//EN"
    "http://www.w3.org/TR/xhtml1/DTD/xhtml1-transitional.dtd">
<html xmlns="http://www.w3.org/1999/xhtml" xml:lang="en" lang="en">
 <head>
  <title>
</title>
<meta http-equiv="Content-Type" content="text/html;charset=utf-8" />
  <meta name='ocr-system' content='tesseract 3.04.00' />
  <meta name='ocr-capabilities' content='ocr_page ocr_carea ocr_par ocr_line ocrx_word'/>
</head>
<body>
  <div class='ocr_page' id='page_1' title='image "./publiiterentiic01lindgoog/publiiterentiic01lindgoog_0099.png"; bbox 0 0 2834 4759; ppageno 0'>
   <div class='ocr_carea' id='block_1_1' title="bbox 228 191 1125 258">
    <p class='ocr_par' dir='ltr' id='par_1_1' title="bbox 228 191 1125 258">
     <span class='ocr_line' id='line_1_1' title="bbox 228 191 1125 258; baseline -0.007 0"><span class='ocrx_word' id='word_1_1' title='bbox 228 197 312 258; x_wconf 81' lang='lat' dir='ltr'><strong>lxxiv</strong></span> <span class='ocrx_word' id='word_1_2' title='bbox 483 193 545 256; x_wconf 85' lang='lat' dir='ltr'><strong><em>DE</em></strong></span> <span class='ocrx_word' id='word_1_3' title='bbox 573 191 754 254; x_wconf 73' lang='lat' dir='ltr'><strong><em>Mutius</em></strong></span> <span class='ocrx_word' id='word_1_4' title='bbox 781 191 1125 254; x_wconf 69' lang='lat' dir='ltr'><strong><em>annuntiatus.</em></strong></span> 
     </span>
    </p>
   </div>
   <div class='ocr_carea' id='block_1_2' title="bbox 230 321 1381 901">
    <p class='ocr_par' dir='ltr' id='par_1_2' title="bbox 230 321 1381 901">
     <span class='ocr_line' id='line_1_2' title="bbox 230 321 1375 403; baseline -0.004 -18"><span class='ocrx_word' id='word_1_5' title='bbox 230 322 399 386; x_wconf 79' lang='lat' dir='ltr'><strong><em>Aristotelis</em></strong></span> <span class='ocrx_word' id='word_1_6' title='bbox 413 321 558 395; x_wconf 89' lang='lat' dir='ltr'><strong><em>Meteors,</em></strong></span> <span class='ocrx_word' id='word_1_7' title='bbox 572 343 601 403; x_wconf 94' lang='lat' dir='ltr'><strong><em>p.</em></strong></span> <span class='ocrx_word' id='word_1_8' title='bbox 618 328 668 383; x_wconf 76' lang='lat'><strong><em>29.</em></strong></span> <span class='ocrx_word' id='word_1_9' title='bbox 688 329 754 384; x_wconf 73' lang='lat' dir='ltr'><strong><em>&#39;tter</em></strong></span> <span class='ocrx_word' id='word_1_10' title='bbox 772 327 820 398; x_wconf 75' lang='lat' dir='ltr'><strong><em>plu</em></strong></span> <span class='ocrx_word' id='word_1_11' title='bbox 839 327 943 399; x_wconf 64' lang='grc' dir='ltr'>Γραικοὶ</span> <span class='ocrx_word' id='word_1_12' title='bbox 961 322 1116 397; x_wconf 67' lang='grc' dir='ltr'><strong><em>ἐκλήθησαν,</em></strong></span> <span class='ocrx_word' id='word_1_13' title='bbox 1131 327 1178 399; x_wconf 69' lang='grc' dir='ltr'><strong><em>νῦν</em></strong></span> <span class='ocrx_word' id='word_1_14' title='bbox 1195 325 1224 380; x_wconf 78' lang='lat' dir='ltr'><strong><em>ll</em></strong></span> <span class='ocrx_word' id='word_1_15' title='bbox 1238 323 1375 396; x_wconf 70' lang='grc' dir='ltr'><strong><em>Ἕλληνα.</em></strong></span> 
     </span>
     <span class='ocr_line' id='line_1_3' title="bbox 231 405 1378 481; baseline -0.005 -14"><span class='ocrx_word' id='word_1_16' title='bbox 231 415 307 468; x_wconf 76' lang='grc' dir='ltr'>τοῦτο</span> <span class='ocrx_word' id='word_1_17' title='bbox 321 411 349 466; x_wconf 66' lang='grc' dir='ltr'><strong><em>δι’</em></strong></span> <span class='ocrx_word' id='word_1_18' title='bbox 368 411 399 465; x_wconf 79' lang='grc' dir='ltr'><strong><em>τὸ</em></strong></span> <span class='ocrx_word' id='word_1_19' title='bbox 418 408 499 481; x_wconf 72' lang='grc' dir='ltr'>ὄνομα</span> <span class='ocrx_word' id='word_1_20' title='bbox 515 412 540 464; x_wconf 90' lang='lat' dir='ltr'><strong><em>ol</em></strong></span> <span class='ocrx_word' id='word_1_21' title='bbox 560 411 608 481; x_wconf 78' lang='lat' dir='ltr'><strong><em>pls</em></strong></span> <span class='ocrx_word' id='word_1_22' title='bbox 622 409 741 480; x_wconf 75' lang='lat' dir='ltr'><strong><em>‘Populos</em></strong></span> <span class='ocrx_word' id='word_1_23' title='bbox 753 407 938 481; x_wconf 70' lang='grc' dir='ltr'><strong><em>παροξύνουσι,</em></strong></span> <span class='ocrx_word' id='word_1_24' title='bbox 955 411 1058 480; x_wconf 81' lang='grc' dir='ltr'>Γροῖιιοι</span> <span class='ocrx_word' id='word_1_25' title='bbox 1076 406 1206 480; x_wconf 68' lang='grc' dir='ltr'>λέγοντος.</span> <span class='ocrx_word' id='word_1_26' title='bbox 1220 405 1242 476; x_wconf 77' lang='grc' dir='ltr'><em>ἡ</em></span> <span class='ocrx_word' id='word_1_27' title='bbox 1260 407 1291 461; x_wconf 68' lang='grc' dir='ltr'><strong><em>δι’</em></strong></span> <span class='ocrx_word' id='word_1_28' title='bbox 1309 407 1378 476; x_wconf 72' lang='grc' dir='ltr'>κοινὴ</span> 
     </span>
     <span class='ocr_line' id='line_1_4' title="bbox 231 486 1377 562; baseline -0.006 -14"><span class='ocrx_word' id='word_1_29' title='bbox 231 493 363 548; x_wconf 74' lang='grc' dir='ltr'>διάλεκτος</span> <span class='ocrx_word' id='word_1_30' title='bbox 371 487 463 562; x_wconf 56' lang='lat' dir='ltr'><strong><em>derivet.</em></strong></span> <span class='ocrx_word' id='word_1_31' title='bbox 485 491 605 546; x_wconf 76' lang='grc' dir='ltr'>Καθόλου</span> <span class='ocrx_word' id='word_1_32' title='bbox 617 491 647 546; x_wconf 76' lang='grc' dir='ltr'><strong><em>δὲ</em></strong></span> <span class='ocrx_word' id='word_1_33' title='bbox 660 491 684 544; x_wconf 91' lang='lat' dir='ltr'><strong><em>ol</em></strong></span> <span class='ocrx_word' id='word_1_34' title='bbox 695 488 815 560; x_wconf 79' lang='lat' dir='ltr'><strong><em>‘Populos</em></strong></span> <span class='ocrx_word' id='word_1_35' title='bbox 823 492 875 544; x_wconf 80' lang='grc' dir='ltr'><strong><em>πᾶν</em></strong></span> <span class='ocrx_word' id='word_1_36' title='bbox 883 489 964 560; x_wconf 73' lang='grc' dir='ltr'>ὄνομα</span> <span class='ocrx_word' id='word_1_37' title='bbox 975 486 1151 562; x_wconf 75' lang='grc' dir='ltr'>παροξύνουσι</span> <span class='ocrx_word' id='word_1_38' title='bbox 1160 489 1204 543; x_wconf 77' lang='lat' dir='ltr'><strong><em>ded</em></strong></span> <span class='ocrx_word' id='word_1_39' title='bbox 1213 489 1260 542; x_wconf 80' lang='grc' dir='ltr'><strong><em>τὸν</em></strong></span> <span class='ocrx_word' id='word_1_40' title='bbox 1269 490 1377 559; x_wconf 70' lang='grc' dir='ltr'>κόμπον.</span> 
     </span>
     <span class='ocr_line' id='line_1_5' title="bbox 232 564 1379 644; baseline -0.006 -15"><span class='ocrx_word' id='word_1_41' title='bbox 232 571 292 629; x_wconf 77' lang='grc' dir='ltr'>ὅθεν</span> <span class='ocrx_word' id='word_1_42' title='bbox 301 571 525 644; x_wconf 75' lang='grc' dir='ltr'>’Υπερηνορέοντει</span> <span class='ocrx_word' id='word_1_43' title='bbox 538 571 682 642; x_wconf 74' lang='grc' dir='ltr'>ἐκλήθησαν</span> <span class='ocrx_word' id='word_1_44' title='bbox 695 569 744 626; x_wconf 77' lang='lat' dir='ltr'><strong><em>iud</em></strong></span> <span class='ocrx_word' id='word_1_45' title='bbox 761 575 813 626; x_wconf 76' lang='lat' dir='ltr'><strong><em>raia</em></strong></span> <span class='ocrx_word' id='word_1_46' title='bbox 825 575 947 640; x_wconf 77' lang='grc' dir='ltr'>ποιητῶν.</span> <span class='ocrx_word' id='word_1_47' title='bbox 974 564 1043 626; x_wconf 87' lang='lat' dir='ltr'><strong><em>Hoc</em></strong></span> <span class='ocrx_word' id='word_1_48' title='bbox 1057 579 1112 634; x_wconf 84' lang='lat' dir='ltr'><strong><em>est,</em></strong></span> <span class='ocrx_word' id='word_1_49' title='bbox 1128 565 1184 631; x_wconf 81' lang='lat' dir='ltr'><strong><em>Qui</em></strong></span> <span class='ocrx_word' id='word_1_50' title='bbox 1196 564 1263 623; x_wconf 78' lang='lat' dir='ltr'><strong><em>olim</em></strong></span> <span class='ocrx_word' id='word_1_51' title='bbox 1278 569 1379 641; x_wconf 75' lang='grc' dir='ltr'>Γραικοὶ</span> 
     </span>
     <span class='ocr_line' id='line_1_6' title="bbox 232 645 1379 728; baseline -0.005 -19"><span class='ocrx_word' id='word_1_52' title='bbox 232 649 310 720; x_wconf 83' lang='lat' dir='ltr'><strong><em>dicti,</em></strong></span> <span class='ocrx_word' id='word_1_53' title='bbox 324 669 396 707; x_wconf 86' lang='lat' dir='ltr'><strong><em>nunc</em></strong></span> <span class='ocrx_word' id='word_1_54' title='bbox 406 648 589 728; x_wconf 72' lang='lat' dir='ltr'><strong><em>appellantur</em></strong></span> <span class='ocrx_word' id='word_1_55' title='bbox 598 652 734 722; x_wconf 75' lang='grc' dir='ltr'><strong><em>Ἕλληνες.</em></strong></span> <span class='ocrx_word' id='word_1_56' title='bbox 775 646 858 706; x_wconf 87' lang='lat' dir='ltr'><strong><em>Illius</em></strong></span> <span class='ocrx_word' id='word_1_57' title='bbox 871 657 965 705; x_wconf 90' lang='lat' dir='ltr'><strong><em>autem</em></strong></span> <span class='ocrx_word' id='word_1_58' title='bbox 977 647 1053 705; x_wconf 82' lang='lat' dir='ltr'><strong><em>serbi</em></strong></span> <span class='ocrx_word' id='word_1_59' title='bbox 1064 645 1244 724; x_wconf 73' lang='lat' dir='ltr'><strong><em>penultimam</em></strong></span> <span class='ocrx_word' id='word_1_60' title='bbox 1256 645 1379 704; x_wconf 76' lang='lat' dir='ltr'><strong><em>Romani</em></strong></span> 
     </span>
     <span class='ocr_line' id='line_1_7' title="bbox 232 725 1380 806; baseline -0.004 -17"><span class='ocrx_word' id='word_1_61' title='bbox 232 739 344 801; x_wconf 79' lang='lat' dir='ltr'><strong><em>emunt,</em></strong></span> <span class='ocrx_word' id='word_1_62' title='bbox 358 727 478 789; x_wconf 74' lang='grc' dir='ltr'>ἀὶοιιιιει</span> <span class='ocrx_word' id='word_1_63' title='bbox 489 737 608 806; x_wconf 62' lang='lat' dir='ltr'><strong><em>spatium</em></strong></span> <span class='ocrx_word' id='word_1_64' title='bbox 630 727 680 788; x_wconf 87' lang='lat' dir='ltr'><strong><em>sed</em></strong></span> <span class='ocrx_word' id='word_1_65' title='bbox 691 729 841 787; x_wconf 89' lang='lat' dir='ltr'><strong><em>communis</em></strong></span> <span class='ocrx_word' id='word_1_66' title='bbox 852 747 942 787; x_wconf 85' lang='lat' dir='ltr'><strong><em>sermo</em></strong></span> <span class='ocrx_word' id='word_1_67' title='bbox 952 730 1032 786; x_wconf 85' lang='lat' dir='ltr'><strong><em>acuit</em></strong></span> <span class='ocrx_word' id='word_1_68' title='bbox 1044 727 1171 787; x_wconf 89' lang='lat' dir='ltr'><strong><em>ultimam</em></strong></span> <span class='ocrx_word' id='word_1_69' title='bbox 1184 732 1297 802; x_wconf 75' lang='grc' dir='ltr'>Γρακοί.</span> <span class='ocrx_word' id='word_1_70' title='bbox 1339 725 1380 784; x_wconf 83' lang='lat' dir='ltr'><strong><em>Et</em></strong></span> 
     </span>
     <span class='ocr_line' id='line_1_8' title="bbox 232 807 1381 901; baseline -0.004 -31"><span class='ocrx_word' id='word_1_71' title='bbox 232 811 382 870; x_wconf 72' lang='lat' dir='ltr'><strong><em>universim</em></strong></span> <span class='ocrx_word' id='word_1_72' title='bbox 403 811 524 870; x_wconf 82' lang='lat' dir='ltr'><strong><em>Ronmni</em></strong></span> <span class='ocrx_word' id='word_1_73' title='bbox 545 811 575 869; x_wconf 88' lang='lat' dir='ltr'><strong><em>in</em></strong></span> <span class='ocrx_word' id='word_1_74' title='bbox 596 829 766 890; x_wconf 79' lang='lat' dir='ltr'><strong><em>quacumque</em></strong></span> <span class='ocrx_word' id='word_1_75' title='bbox 786 829 851 868; x_wconf 86' lang='lat' dir='ltr'><strong><em>soce</em></strong></span> <span class='ocrx_word' id='word_1_76' title='bbox 869 808 1055 888; x_wconf 77' lang='lat' dir='ltr'><strong><em>penultimum</em></strong></span> <span class='ocrx_word' id='word_1_77' title='bbox 1073 809 1119 867; x_wconf 89' lang='lat' dir='ltr'><strong><em>oel</em></strong></span> <span class='ocrx_word' id='word_1_78' title='bbox 1133 807 1381 901; x_wconf 75' lang='lat' dir='ltr'><strong><em>antepenultimam</em></strong></span> 
     </span>
    </p>
   </div>
   <div class='ocr_carea' id='block_1_3' title="bbox 160 887 1382 1932">
    <p class='ocr_par' dir='ltr' id='par_1_3' title="bbox 160 887 1382 1294">
     <span class='ocr_line' id='line_1_9' title="bbox 233 887 1382 971; baseline -0.006 -19"><span class='ocrx_word' id='word_1_79' title='bbox 233 901 347 962; x_wconf 80' lang='lat' dir='ltr'><strong><em>acuum,</em></strong></span> <span class='ocrx_word' id='word_1_80' title='bbox 366 901 486 971; x_wconf 87' lang='lat' dir='ltr'><strong><em>propter</em></strong></span> <span class='ocrx_word' id='word_1_81' title='bbox 498 891 611 970; x_wconf 88' lang='lat' dir='ltr'><strong><em>sartum</em></strong></span> <span class='ocrx_word' id='word_1_82' title='bbox 632 901 659 950; x_wconf 89' lang='lat' dir='ltr'><strong><em>et</em></strong></span> <span class='ocrx_word' id='word_1_83' title='bbox 679 888 974 971; x_wconf 84' lang='lat' dir='ltr'><strong><em>grandiloquentiam:</em></strong></span> <span class='ocrx_word' id='word_1_84' title='bbox 1003 889 1075 948; x_wconf 84' lang='lat' dir='ltr'><strong><em>unde</em></strong></span> <span class='ocrx_word' id='word_1_85' title='bbox 1098 908 1118 947; x_wconf 93' lang='lat' dir='ltr'><strong><em>a</em></strong></span> <span class='ocrx_word' id='word_1_86' title='bbox 1136 891 1229 968; x_wconf 88' lang='lat' dir='ltr'><strong><em>poetis</em></strong></span> <span class='ocrx_word' id='word_1_87' title='bbox 1248 887 1382 948; x_wconf 56' lang='lat' dir='ltr'><strong><em>Munius</em></strong></span> 
     </span>
     <span class='ocr_line' id='line_1_10' title="bbox 233 967 1380 1051; baseline -0.005 -19"><span class='ocrx_word' id='word_1_88' title='bbox 233 975 466 1051; x_wconf 67' lang='lat' dir='ltr'><strong><em>&#39;trrpmopr&#39;omn</em></strong></span> <span class='ocrx_word' id='word_1_89' title='bbox 471 972 587 1050; x_wconf 86' lang='lat' dir='ltr'><strong><em>seroces</em></strong></span> <span class='ocrx_word' id='word_1_90' title='bbox 599 981 626 1030; x_wconf 89' lang='lat' dir='ltr'><strong><em>et</em></strong></span> <span class='ocrx_word' id='word_1_91' title='bbox 639 971 760 1051; x_wconf 79' lang='lat' dir='ltr'><strong><em>superbi.</em></strong></span> <span class='ocrx_word' id='word_1_92' title='bbox 803 969 952 1030; x_wconf 85' lang='lat' dir='ltr'><strong><em>Coeterurn</em></strong></span> <span class='ocrx_word' id='word_1_93' title='bbox 965 972 1045 1048; x_wconf 88' lang='lat' dir='ltr'><strong><em>quod</em></strong></span> <span class='ocrx_word' id='word_1_94' title='bbox 1058 970 1106 1030; x_wconf 88' lang='lat' dir='ltr'><strong><em>bic</em></strong></span> <span class='ocrx_word' id='word_1_95' title='bbox 1120 970 1208 1030; x_wconf 81' lang='lat' dir='ltr'><strong><em>fastui</em></strong></span> <span class='ocrx_word' id='word_1_96' title='bbox 1222 970 1337 1036; x_wconf 80' lang='lat' dir='ltr'><strong><em>tribuit,</em></strong></span> <span class='ocrx_word' id='word_1_97' title='bbox 1351 967 1380 1026; x_wconf 90' lang='lat' dir='ltr'><strong><em>id</em></strong></span> 
     </span>
     <span class='ocr_line' id='line_1_11' title="bbox 235 1049 1382 1130; baseline -0.007 -16"><span class='ocrx_word' id='word_1_98' title='bbox 235 1053 359 1114; x_wconf 91' lang='lat' dir='ltr'><strong><em>dialecto</em></strong></span> <span class='ocrx_word' id='word_1_99' title='bbox 388 1052 622 1124; x_wconf 78' lang='lat' dir='ltr'><strong><em>AEolicae,unde</em></strong></span> <span class='ocrx_word' id='word_1_100' title='bbox 650 1051 749 1130; x_wconf 86' lang='lat' dir='ltr'><strong><em>lingua</em></strong></span> <span class='ocrx_word' id='word_1_101' title='bbox 774 1049 879 1111; x_wconf 85' lang='lat' dir='ltr'><strong><em>Latina</em></strong></span> <span class='ocrx_word' id='word_1_102' title='bbox 904 1066 1018 1130; x_wconf 83' lang='lat' dir='ltr'><strong><em>partem</em></strong></span> <span class='ocrx_word' id='word_1_103' title='bbox 1044 1052 1203 1110; x_wconf 84' lang='lat' dir='ltr'><strong><em>maximam</em></strong></span> <span class='ocrx_word' id='word_1_104' title='bbox 1229 1050 1382 1129; x_wconf 85' lang='lat' dir='ltr'><strong><em>profluxit,</em></strong></span> 
     </span>
     <span class='ocr_line' id='line_1_12' title="bbox 234 1133 1380 1213; baseline -0.007 -18"><span class='ocrx_word' id='word_1_105' title='bbox 234 1135 344 1196; x_wconf 85' lang='lat' dir='ltr'><strong><em>rectius</em></strong></span> <span class='ocrx_word' id='word_1_106' title='bbox 363 1134 531 1213; x_wconf 81' lang='lat' dir='ltr'><strong><em>imputatur.</em></strong></span> <span class='ocrx_word' id='word_1_107' title='bbox 574 1133 726 1193; x_wconf 85' lang='lat' dir='ltr'><strong><em>AEolenses</em></strong></span> <span class='ocrx_word' id='word_1_108' title='bbox 743 1133 831 1203; x_wconf 91' lang='lat' dir='ltr'><strong><em>enim,</em></strong></span> <span class='ocrx_word' id='word_1_109' title='bbox 845 1147 879 1191; x_wconf 90' lang='lat' dir='ltr'><strong><em>ut</em></strong></span> <span class='ocrx_word' id='word_1_110' title='bbox 892 1146 994 1192; x_wconf 89' lang='lat' dir='ltr'><strong><em>notum</em></strong></span> <span class='ocrx_word' id='word_1_111' title='bbox 1007 1145 1062 1203; x_wconf 90' lang='lat' dir='ltr'><strong><em>est,</em></strong></span> <span class='ocrx_word' id='word_1_112' title='bbox 1076 1136 1216 1210; x_wconf 68' lang='lat' dir='ltr'><strong><em>nuptm</em></strong></span> <span class='ocrx_word' id='word_1_113' title='bbox 1227 1145 1331 1202; x_wconf 78' lang='lat' dir='ltr'><strong><em>erant3</em></strong></span> <span class='ocrx_word' id='word_1_114' title='bbox 1353 1150 1380 1187; x_wconf 76' lang='grc' dir='ltr'><strong><em>ιτ</em></strong></span> 
     </span>
     <span class='ocr_line' id='line_1_13' title="bbox 160 1213 941 1294; baseline 0 -20"><span class='ocrx_word' id='word_1_115' title='bbox 160 1263 165 1274; x_wconf 96' lang='grc'>.</span> <span class='ocrx_word' id='word_1_116' title='bbox 234 1219 302 1285; x_wconf 74' lang='grc' dir='ltr'>θέοι,</span> <span class='ocrx_word' id='word_1_117' title='bbox 316 1219 378 1292; x_wconf 71' lang='lat' dir='ltr'><strong><em>dap</em></strong></span> <span class='ocrx_word' id='word_1_118' title='bbox 392 1215 631 1294; x_wconf 84' lang='lat' dir='ltr'><strong><em>pronunciabant,</em></strong></span> <span class='ocrx_word' id='word_1_119' title='bbox 643 1233 709 1274; x_wconf 89' lang='lat' dir='ltr'><strong><em>cum</em></strong></span> <span class='ocrx_word' id='word_1_120' title='bbox 724 1213 773 1273; x_wconf 91' lang='lat' dir='ltr'><strong><em>alii</em></strong></span> <span class='ocrx_word' id='word_1_121' title='bbox 786 1218 854 1284; x_wconf 73' lang='lat' dir='ltr'><strong><em>tede,</em></strong></span> <span class='ocrx_word' id='word_1_122' title='bbox 868 1217 941 1291; x_wconf 73' lang='grc' dir='ltr'>ἀνήρ.</span> 
     </span>
    </p>

    <p class='ocr_par' dir='ltr' id='par_1_4' title="bbox 235 1293 1382 1617">
     <span class='ocr_line' id='line_1_14' title="bbox 273 1293 1382 1373; baseline -0.004 -17"><span class='ocrx_word' id='word_1_123' title='bbox 273 1295 343 1356; x_wconf 79' lang='lat' dir='ltr'><strong><em>Jsm&#39;</em></strong></span> <span class='ocrx_word' id='word_1_124' title='bbox 354 1315 424 1356; x_wconf 85' lang='lat' dir='ltr'><strong><em>vero</em></strong></span> <span class='ocrx_word' id='word_1_125' title='bbox 438 1295 468 1355; x_wconf 93' lang='lat' dir='ltr'><strong><em>id</em></strong></span> <span class='ocrx_word' id='word_1_126' title='bbox 481 1296 593 1356; x_wconf 86' lang='lat' dir='ltr'><strong><em>Latinis</em></strong></span> <span class='ocrx_word' id='word_1_127' title='bbox 607 1296 734 1365; x_wconf 89' lang='lat' dir='ltr'><strong><em>comicis,</em></strong></span> <span class='ocrx_word' id='word_1_128' title='bbox 748 1295 798 1373; x_wconf 90' lang='lat' dir='ltr'><strong><em>qui</em></strong></span> <span class='ocrx_word' id='word_1_129' title='bbox 812 1294 926 1354; x_wconf 79' lang='lat' dir='ltr'><strong><em>fabulas</em></strong></span> <span class='ocrx_word' id='word_1_130' title='bbox 946 1314 1015 1354; x_wconf 86' lang='lat' dir='ltr'><strong><em>suas</em></strong></span> <span class='ocrx_word' id='word_1_131' title='bbox 1034 1293 1145 1373; x_wconf 90' lang='lat' dir='ltr'><strong><em>populo</em></strong></span> <span class='ocrx_word' id='word_1_132' title='bbox 1162 1293 1281 1372; x_wconf 88' lang='lat' dir='ltr'><strong><em>placere</em></strong></span> <span class='ocrx_word' id='word_1_133' title='bbox 1295 1311 1382 1369; x_wconf 87' lang='lat' dir='ltr'><strong><em>cope-</em></strong></span> 
     </span>
     <span class='ocr_line' id='line_1_15' title="bbox 235 1375 1382 1456; baseline -0.004 -20"><span class='ocrx_word' id='word_1_134' title='bbox 235 1391 310 1448; x_wconf 79' lang='lat' dir='ltr'><strong><em>rent,</em></strong></span> <span class='ocrx_word' id='word_1_135' title='bbox 319 1383 501 1456; x_wconf 73' lang='lat' dir='ltr'><strong><em>magnopere</em></strong></span> <span class='ocrx_word' id='word_1_136' title='bbox 515 1376 678 1437; x_wconf 85' lang='lat' dir='ltr'><strong><em>cavendum</em></strong></span> <span class='ocrx_word' id='word_1_137' title='bbox 698 1389 771 1446; x_wconf 88' lang='lat' dir='ltr'><strong><em>erat,</em></strong></span> <span class='ocrx_word' id='word_1_138' title='bbox 785 1396 822 1436; x_wconf 91' lang='lat' dir='ltr'><strong><em>ne</em></strong></span> <span class='ocrx_word' id='word_1_139' title='bbox 843 1388 946 1436; x_wconf 83' lang='lat' dir='ltr'><strong><em>contra</em></strong></span> <span class='ocrx_word' id='word_1_140' title='bbox 964 1375 1074 1454; x_wconf 79' lang='lat' dir='ltr'><strong><em>linguae</em></strong></span> <span class='ocrx_word' id='word_1_141' title='bbox 1094 1375 1212 1454; x_wconf 88' lang='lat' dir='ltr'><strong><em>genium</em></strong></span> <span class='ocrx_word' id='word_1_142' title='bbox 1232 1375 1312 1434; x_wconf 89' lang='lat' dir='ltr'><strong><em>ictus</em></strong></span> <span class='ocrx_word' id='word_1_143' title='bbox 1332 1393 1382 1432; x_wconf 90' lang='lat' dir='ltr'><strong><em>seu</em></strong></span> 
     </span>
     <span class='ocr_line' id='line_1_16' title="bbox 235 1451 1381 1536; baseline -0.007 -17"><span class='ocrx_word' id='word_1_144' title='bbox 235 1471 371 1519; x_wconf 84' lang='lat' dir='ltr'><strong><em>accentus</em></strong></span> <span class='ocrx_word' id='word_1_145' title='bbox 384 1459 415 1518; x_wconf 90' lang='lat' dir='ltr'><strong><em>in</em></strong></span> <span class='ocrx_word' id='word_1_146' title='bbox 433 1477 550 1536; x_wconf 89' lang='lat' dir='ltr'><strong><em>quoquc</em></strong></span> <span class='ocrx_word' id='word_1_147' title='bbox 563 1477 649 1518; x_wconf 82' lang='lat' dir='ltr'><strong><em>versu</em></strong></span> <span class='ocrx_word' id='word_1_148' title='bbox 665 1456 794 1535; x_wconf 82' lang='lat' dir='ltr'><strong><em>syllabas</em></strong></span> <span class='ocrx_word' id='word_1_149' title='bbox 813 1458 970 1516; x_wconf 84' lang='lat' dir='ltr'><strong><em>verborum</em></strong></span> <span class='ocrx_word' id='word_1_150' title='bbox 986 1456 1103 1516; x_wconf 88' lang='lat' dir='ltr'><strong><em>ultimas</em></strong></span> <span class='ocrx_word' id='word_1_151' title='bbox 1116 1467 1307 1535; x_wconf 80' lang='lat' dir='ltr'><strong><em>occuparent.</em></strong></span> <span class='ocrx_word' id='word_1_152' title='bbox 1347 1451 1381 1512; x_wconf 90' lang='lat' dir='ltr'><strong><em>Id</em></strong></span> 
     </span>
     <span class='ocr_line' id='line_1_17' title="bbox 235 1537 1100 1617; baseline -0.005 -17"><span class='ocrx_word' id='word_1_153' title='bbox 235 1539 266 1600; x_wconf 88' lang='lat' dir='ltr'><strong><em>in</em></strong></span> <span class='ocrx_word' id='word_1_154' title='bbox 278 1539 356 1600; x_wconf 89' lang='lat' dir='ltr'><strong><em>omni</em></strong></span> <span class='ocrx_word' id='word_1_155' title='bbox 369 1551 473 1609; x_wconf 85' lang='lat' dir='ltr'><strong><em>metro,</em></strong></span> <span class='ocrx_word' id='word_1_156' title='bbox 488 1538 586 1617; x_wconf 88' lang='lat' dir='ltr'><strong><em>quoad</em></strong></span> <span class='ocrx_word' id='word_1_157' title='bbox 598 1537 689 1608; x_wconf 89' lang='lat' dir='ltr'><strong><em>licuit,</em></strong></span> <span class='ocrx_word' id='word_1_158' title='bbox 703 1539 933 1609; x_wconf 64' lang='lat' dir='ltr'><strong><em>observabatum</em></strong></span> <span class='ocrx_word' id='word_1_159' title='bbox 954 1550 988 1596; x_wconf 91' lang='lat' dir='ltr'><strong><em>nt</em></strong></span> <span class='ocrx_word' id='word_1_160' title='bbox 1001 1538 1032 1596; x_wconf 91' lang='lat' dir='ltr'><strong><em>in</em></strong></span> <span class='ocrx_word' id='word_1_161' title='bbox 1045 1537 1100 1608; x_wconf 89' lang='lat' dir='ltr'><strong><em>his,</em></strong></span> 
     </span>
    </p>

    <p class='ocr_par' dir='ltr' id='par_1_5' title="bbox 374 1645 1099 1802">
     <span class='ocr_line' id='line_1_18' title="bbox 374 1645 1099 1718; baseline -0.003 -15"><span class='ocrx_word' id='word_1_162' title='bbox 374 1649 467 1703; x_wconf 80' lang='lat' dir='ltr'><strong><em>‘Arma</em></strong></span> <span class='ocrx_word' id='word_1_163' title='bbox 477 1646 620 1718; x_wconf 83' lang='lat' dir='ltr'><strong><em>virquuc</em></strong></span> <span class='ocrx_word' id='word_1_164' title='bbox 632 1645 709 1712; x_wconf 75' lang='lat' dir='ltr'><strong><em>cino,</em></strong></span> <span class='ocrx_word' id='word_1_165' title='bbox 722 1645 813 1718; x_wconf 78' lang='lat' dir='ltr'><strong><em>Trojte</em></strong></span> <span class='ocrx_word' id='word_1_166' title='bbox 825 1646 871 1718; x_wconf 90' lang='lat' dir='ltr'><strong><em>qui</em></strong></span> <span class='ocrx_word' id='word_1_167' title='bbox 882 1647 986 1717; x_wconf 83' lang='lat' dir='ltr'><strong><em>primns</em></strong></span> <span class='ocrx_word' id='word_1_168' title='bbox 998 1646 1031 1702; x_wconf 87' lang='lat' dir='ltr'><strong><em>ab</em></strong></span> <span class='ocrx_word' id='word_1_169' title='bbox 1043 1646 1099 1701; x_wconf 78' lang='lat' dir='ltr'><strong><em>tris</em></strong></span> 
     </span>
     <span class='ocr_line' id='line_1_19' title="bbox 374 1716 945 1802; baseline -0.004 -28"><span class='ocrx_word' id='word_1_170' title='bbox 374 1718 483 1774; x_wconf 77' lang='lat' dir='ltr'><strong><em>Italum</em></strong></span> <span class='ocrx_word' id='word_1_171' title='bbox 493 1717 551 1774; x_wconf 82' lang='lat' dir='ltr'><strong><em>ttto</em></strong></span> <span class='ocrx_word' id='word_1_172' title='bbox 561 1717 694 1789; x_wconf 78' lang='lat' dir='ltr'><strong><em>prdlugus</em></strong></span> <span class='ocrx_word' id='word_1_173' title='bbox 704 1716 860 1802; x_wconf 82' lang='lat' dir='ltr'><strong><em>sttnnquc</em></strong></span> <span class='ocrx_word' id='word_1_174' title='bbox 869 1717 945 1772; x_wconf 71' lang='lat' dir='ltr'><strong><em>veuit</em></strong></span> 
     </span>
    </p>

    <p class='ocr_par' dir='ltr' id='par_1_6' title="bbox 375 1787 1035 1860">
     <span class='ocr_line' id='line_1_20' title="bbox 375 1787 1035 1860; baseline -0.003 -16"><span class='ocrx_word' id='word_1_175' title='bbox 375 1788 484 1854; x_wconf 68' lang='lat' dir='ltr'><strong><em>Litora,</em></strong></span> <span class='ocrx_word' id='word_1_176' title='bbox 497 1787 621 1844; x_wconf 68' lang='lat' dir='ltr'><strong><em>multum</em></strong></span> <span class='ocrx_word' id='word_1_177' title='bbox 633 1789 679 1842; x_wconf 85' lang='lat' dir='ltr'><strong><em>tlte</em></strong></span> <span class='ocrx_word' id='word_1_178' title='bbox 689 1797 717 1842; x_wconf 87' lang='lat' dir='ltr'><strong><em>et</em></strong></span> <span class='ocrx_word' id='word_1_179' title='bbox 727 1787 806 1843; x_wconf 73' lang='lat' dir='ltr'><strong><em>terris</em></strong></span> <span class='ocrx_word' id='word_1_180' title='bbox 813 1787 932 1860; x_wconf 68' lang='lat' dir='ltr'><strong><em>jactitas</em></strong></span> <span class='ocrx_word' id='word_1_181' title='bbox 939 1796 967 1843; x_wconf 86' lang='lat' dir='ltr'><strong><em>et</em></strong></span> <span class='ocrx_word' id='word_1_182' title='bbox 978 1787 1035 1843; x_wconf 85' lang='lat' dir='ltr'><strong><em>tlto</em></strong></span> 
     </span>
    </p>

    <p class='ocr_par' dir='ltr' id='par_1_7' title="bbox 378 1857 1081 1932">
     <span class='ocr_line' id='line_1_21' title="bbox 378 1857 1081 1932; baseline -0.003 -16"><span class='ocrx_word' id='word_1_183' title='bbox 378 1859 411 1916; x_wconf 76' lang='lat' dir='ltr'><strong><em>tn</em></strong></span> <span class='ocrx_word' id='word_1_184' title='bbox 422 1858 559 1932; x_wconf 81' lang='lat' dir='ltr'><strong><em>sdparum,</em></strong></span> <span class='ocrx_word' id='word_1_185' title='bbox 573 1857 658 1924; x_wconf 69' lang='lat' dir='ltr'><strong><em>save</em></strong></span> <span class='ocrx_word' id='word_1_186' title='bbox 669 1858 817 1914; x_wconf 73' lang='lat' dir='ltr'><strong><em>memsam</em></strong></span> <span class='ocrx_word' id='word_1_187' title='bbox 827 1858 946 1914; x_wconf 79' lang='lat' dir='ltr'><strong><em>lunonis</em></strong></span> <span class='ocrx_word' id='word_1_188' title='bbox 956 1859 993 1914; x_wconf 92' lang='lat' dir='ltr'><strong><em>ob</em></strong></span> <span class='ocrx_word' id='word_1_189' title='bbox 1004 1863 1081 1914; x_wconf 77' lang='lat' dir='ltr'><strong><em>inm</em></strong></span> 
     </span>
    </p>
   </div>
   <div class='ocr_carea' id='block_1_4' title="bbox 236 1963 1386 4511">
    <p class='ocr_par' dir='ltr' id='par_1_8' title="bbox 236 1963 1383 2293">
     <span class='ocr_line' id='line_1_22' title="bbox 238 1963 1383 2046; baseline -0.005 -20"><span class='ocrx_word' id='word_1_190' title='bbox 238 1965 298 2034; x_wconf 84' lang='lat' dir='ltr'><strong><em>Qui</em></strong></span> <span class='ocrx_word' id='word_1_191' title='bbox 317 1965 410 2046; x_wconf 88' lang='lat' dir='ltr'><strong><em>perite</em></strong></span> <span class='ocrx_word' id='word_1_192' title='bbox 424 1978 454 2025; x_wconf 88' lang='lat' dir='ltr'><strong><em>et</em></strong></span> <span class='ocrx_word' id='word_1_193' title='bbox 476 1964 624 2024; x_wconf 84' lang='lat' dir='ltr'><strong><em>modulate</em></strong></span> <span class='ocrx_word' id='word_1_194' title='bbox 646 1964 699 2024; x_wconf 88' lang='lat' dir='ltr'><strong><em>hos</em></strong></span> <span class='ocrx_word' id='word_1_195' title='bbox 721 1984 824 2024; x_wconf 85' lang='lat' dir='ltr'><strong><em>versus</em></strong></span> <span class='ocrx_word' id='word_1_196' title='bbox 848 1963 935 2042; x_wconf 89' lang='lat' dir='ltr'><strong><em>leget,</em></strong></span> <span class='ocrx_word' id='word_1_197' title='bbox 957 1965 1000 2024; x_wconf 94' lang='lat' dir='ltr'><strong><em>sic</em></strong></span> <span class='ocrx_word' id='word_1_198' title='bbox 1019 1984 1080 2034; x_wconf 90' lang='lat' dir='ltr'><strong><em>eos,</em></strong></span> <span class='ocrx_word' id='word_1_199' title='bbox 1094 1976 1129 2024; x_wconf 90' lang='lat' dir='ltr'><strong><em>nt</em></strong></span> <span class='ocrx_word' id='word_1_200' title='bbox 1150 1964 1199 2022; x_wconf 89' lang='lat' dir='ltr'><strong><em>hic</em></strong></span> <span class='ocrx_word' id='word_1_201' title='bbox 1217 1963 1383 2024; x_wconf 79' lang='lat' dir='ltr'><strong><em>accentibus</em></strong></span> 
     </span>
     <span class='ocr_line' id='line_1_23' title="bbox 236 2044 1383 2126; baseline -0.007 -18"><span class='ocrx_word' id='word_1_202' title='bbox 236 2059 382 2117; x_wconf 88' lang='lat' dir='ltr'><strong><em>notantur,</em></strong></span> <span class='ocrx_word' id='word_1_203' title='bbox 393 2045 614 2126; x_wconf 80' lang='lat' dir='ltr'><strong><em>pronunciabit3</em></strong></span> <span class='ocrx_word' id='word_1_204' title='bbox 636 2066 704 2116; x_wconf 91' lang='lat' dir='ltr'><strong><em>non,</em></strong></span> <span class='ocrx_word' id='word_1_205' title='bbox 716 2056 750 2106; x_wconf 89' lang='lat' dir='ltr'><strong><em>ut</em></strong></span> <span class='ocrx_word' id='word_1_206' title='bbox 762 2045 846 2125; x_wconf 89' lang='lat' dir='ltr'><strong><em>pueri</em></strong></span> <span class='ocrx_word' id='word_1_207' title='bbox 860 2045 891 2105; x_wconf 91' lang='lat' dir='ltr'><strong><em>in</em></strong></span> <span class='ocrx_word' id='word_1_208' title='bbox 904 2045 1021 2116; x_wconf 88' lang='lat' dir='ltr'><strong><em>scholis,</em></strong></span> <span class='ocrx_word' id='word_1_209' title='bbox 1034 2045 1071 2104; x_wconf 86' lang='lat' dir='ltr'><strong><em>ud</em></strong></span> <span class='ocrx_word' id='word_1_210' title='bbox 1085 2045 1267 2125; x_wconf 90' lang='lat' dir='ltr'><strong><em>singulorum</em></strong></span> <span class='ocrx_word' id='word_1_211' title='bbox 1277 2044 1383 2124; x_wconf 90' lang='lat' dir='ltr'><strong><em>pedum</em></strong></span> 
     </span>
     <span class='ocr_line' id='line_1_24' title="bbox 237 2129 330 2201; baseline -0.011 -12"><span class='ocrx_word' id='word_1_212' title='bbox 237 2129 330 2201; x_wconf 87' lang='lat' dir='ltr'><strong><em>initia,</em></strong></span> 
     </span>
     <span class='ocr_line' id='line_1_25' title="bbox 375 2219 965 2293; baseline -0.003 -16"><span class='ocrx_word' id='word_1_213' title='bbox 375 2220 491 2277; x_wconf 75' lang='lat' dir='ltr'><strong><em>&#39;ltalilm</em></strong></span> <span class='ocrx_word' id='word_1_214' title='bbox 502 2220 560 2277; x_wconf 79' lang='lat' dir='ltr'><strong><em>tait</em></strong></span> <span class='ocrx_word' id='word_1_215' title='bbox 571 2219 871 2293; x_wconf 78' lang='lat' dir='ltr'><strong><em>prolngdslnrinsqne</em></strong></span> <span class='ocrx_word' id='word_1_216' title='bbox 882 2219 965 2288; x_wconf 70' lang='lat' dir='ltr'><strong><em>venit,</em></strong></span> 
     </span>
    </p>

    <p class='ocr_par' dir='ltr' id='par_1_9' title="bbox 238 2323 1384 3215">
     <span class='ocr_line' id='line_1_26' title="bbox 238 2323 1382 2406; baseline -0.004 -20"><span class='ocrx_word' id='word_1_217' title='bbox 238 2327 291 2388; x_wconf 88' lang='lat' dir='ltr'><strong><em>sed</em></strong></span> <span class='ocrx_word' id='word_1_218' title='bbox 304 2326 343 2388; x_wconf 84' lang='lat' dir='ltr'><strong><em>ad</em></strong></span> <span class='ocrx_word' id='word_1_219' title='bbox 354 2327 503 2406; x_wconf 80' lang='lat' dir='ltr'><strong><em>rythmum</em></strong></span> <span class='ocrx_word' id='word_1_220' title='bbox 517 2327 606 2386; x_wconf 90' lang='lat' dir='ltr'><strong><em>totius</em></strong></span> <span class='ocrx_word' id='word_1_221' title='bbox 620 2347 733 2387; x_wconf 87' lang='lat' dir='ltr'><strong><em>versus.</em></strong></span> <span class='ocrx_word' id='word_1_222' title='bbox 775 2327 835 2386; x_wconf 89' lang='lat' dir='ltr'><strong><em>Ubi</em></strong></span> <span class='ocrx_word' id='word_1_223' title='bbox 855 2327 935 2387; x_wconf 88' lang='lat' dir='ltr'><strong><em>nulla</em></strong></span> <span class='ocrx_word' id='word_1_224' title='bbox 949 2345 1018 2396; x_wconf 86' lang='lat' dir='ltr'><strong><em>vox,</em></strong></span> <span class='ocrx_word' id='word_1_225' title='bbox 1033 2340 1067 2387; x_wconf 91' lang='lat' dir='ltr'><strong><em>ut</em></strong></span> <span class='ocrx_word' id='word_1_226' title='bbox 1080 2326 1171 2398; x_wconf 82' lang='lat' dir='ltr'><strong><em>rides,</em></strong></span> <span class='ocrx_word' id='word_1_227' title='bbox 1186 2339 1340 2386; x_wconf 85' lang='lat' dir='ltr'><strong><em>accentum</em></strong></span> <span class='ocrx_word' id='word_1_228' title='bbox 1355 2323 1382 2382; x_wconf 93' lang='lat' dir='ltr'><strong><em>in</em></strong></span> 
     </span>
     <span class='ocr_line' id='line_1_27' title="bbox 238 2406 1382 2487; baseline -0.005 -19"><span class='ocrx_word' id='word_1_229' title='bbox 238 2408 341 2468; x_wconf 84' lang='lat' dir='ltr'><strong><em>ultima</em></strong></span> <span class='ocrx_word' id='word_1_230' title='bbox 364 2409 461 2478; x_wconf 87' lang='lat' dir='ltr'><strong><em>hebet,</em></strong></span> <span class='ocrx_word' id='word_1_231' title='bbox 484 2422 590 2487; x_wconf 87' lang='lat' dir='ltr'><strong><em>praeter</em></strong></span> <span class='ocrx_word' id='word_1_232' title='bbox 614 2408 729 2467; x_wconf 88' lang='lat' dir='ltr'><strong><em>unicam</em></strong></span> <span class='ocrx_word' id='word_1_233' title='bbox 750 2406 830 2467; x_wconf 89' lang='lat' dir='ltr'><strong><em>illam</em></strong></span> <span class='ocrx_word' id='word_1_234' title='bbox 853 2408 957 2467; x_wconf 76' lang='lat' dir='ltr'><strong><em>airum:</em></strong></span> <span class='ocrx_word' id='word_1_235' title='bbox 986 2407 1074 2486; x_wconf 91' lang='lat' dir='ltr'><strong><em>idque</em></strong></span> <span class='ocrx_word' id='word_1_236' title='bbox 1097 2422 1176 2468; x_wconf 89' lang='lat' dir='ltr'><strong><em>recte</em></strong></span> <span class='ocrx_word' id='word_1_237' title='bbox 1197 2410 1236 2467; x_wconf 93' lang='lat' dir='ltr'><strong><em>ob</em></strong></span> <span class='ocrx_word' id='word_1_238' title='bbox 1261 2423 1382 2485; x_wconf 89' lang='lat' dir='ltr'><strong><em>sequens</em></strong></span> 
     </span>
     <span class='ocr_line' id='line_1_28' title="bbox 239 2485 1382 2570; baseline -0.007 -20"><span class='ocrx_word' id='word_1_239' title='bbox 239 2488 391 2550; x_wconf 88' lang='lat' dir='ltr'><strong><em>encliticon</em></strong></span> <span class='ocrx_word' id='word_1_240' title='bbox 406 2509 475 2570; x_wconf 81' lang='lat' dir='ltr'><strong><em>que:</em></strong></span> <span class='ocrx_word' id='word_1_241' title='bbox 497 2489 573 2566; x_wconf 93' lang='lat' dir='ltr'><strong><em>quod</em></strong></span> <span class='ocrx_word' id='word_1_242' title='bbox 596 2490 643 2547; x_wconf 91' lang='lat' dir='ltr'><strong><em>hic</em></strong></span> <span class='ocrx_word' id='word_1_243' title='bbox 665 2487 753 2547; x_wconf 87' lang='lat' dir='ltr'><strong><em>semel</em></strong></span> <span class='ocrx_word' id='word_1_244' title='bbox 774 2487 895 2558; x_wconf 90' lang='lat' dir='ltr'><strong><em>dictum,</em></strong></span> <span class='ocrx_word' id='word_1_245' title='bbox 910 2491 940 2549; x_wconf 92' lang='lat' dir='ltr'><strong><em>in</em></strong></span> <span class='ocrx_word' id='word_1_246' title='bbox 958 2489 1098 2548; x_wconf 88' lang='lat' dir='ltr'><strong><em>Terentio</em></strong></span> <span class='ocrx_word' id='word_1_247' title='bbox 1118 2489 1226 2569; x_wconf 88' lang='lat' dir='ltr'><strong><em>passim</em></strong></span> <span class='ocrx_word' id='word_1_248' title='bbox 1239 2487 1305 2548; x_wconf 88' lang='lat' dir='ltr'><strong><em>fieri</em></strong></span> <span class='ocrx_word' id='word_1_249' title='bbox 1323 2485 1382 2546; x_wconf 87' lang='lat' dir='ltr'><strong><em>ani·</em></strong></span> 
     </span>
     <span class='ocr_line' id='line_1_29' title="bbox 238 2567 1383 2649; baseline -0.005 -19"><span class='ocrx_word' id='word_1_250' title='bbox 238 2569 413 2630; x_wconf 81' lang='lat' dir='ltr'><strong><em>madvertes.</em></strong></span> <span class='ocrx_word' id='word_1_251' title='bbox 456 2569 538 2629; x_wconf 88' lang='lat' dir='ltr'><strong><em>Idem</em></strong></span> <span class='ocrx_word' id='word_1_252' title='bbox 563 2569 693 2628; x_wconf 87' lang='lat' dir='ltr'><strong><em>efficiunt</em></strong></span> <span class='ocrx_word' id='word_1_253' title='bbox 716 2589 770 2639; x_wconf 85' lang='lat' dir='ltr'><strong><em>sse,</em></strong></span> <span class='ocrx_word' id='word_1_254' title='bbox 793 2589 840 2640; x_wconf 82' lang='lat' dir='ltr'><strong><em>sa,</em></strong></span> <span class='ocrx_word' id='word_1_255' title='bbox 865 2589 917 2628; x_wconf 86' lang='lat' dir='ltr'><strong><em>se:</em></strong></span> <span class='ocrx_word' id='word_1_256' title='bbox 946 2567 1086 2630; x_wconf 82' lang='lat' dir='ltr'><strong><em>Mirerdm</em></strong></span> <span class='ocrx_word' id='word_1_257' title='bbox 1106 2591 1157 2639; x_wconf 90' lang='lat' dir='ltr'><strong><em>me,</em></strong></span> <span class='ocrx_word' id='word_1_258' title='bbox 1181 2567 1383 2649; x_wconf 78' lang='lat' dir='ltr'><strong><em>quadrariam</em></strong></span> 
     </span>
     <span class='ocr_line' id='line_1_30' title="bbox 238 2648 1384 2730; baseline -0.007 -19"><span class='ocrx_word' id='word_1_259' title='bbox 238 2651 348 2711; x_wconf 79' lang='lat' dir='ltr'><strong><em>aredio?</em></strong></span> <span class='ocrx_word' id='word_1_260' title='bbox 368 2651 475 2730; x_wconf 86' lang='lat' dir='ltr'><strong><em>quippe</em></strong></span> <span class='ocrx_word' id='word_1_261' title='bbox 497 2651 562 2710; x_wconf 84' lang='lat' dir='ltr'><strong><em>haec</em></strong></span> <span class='ocrx_word' id='word_1_262' title='bbox 584 2649 704 2720; x_wconf 86' lang='lat' dir='ltr'><strong><em>Latinis,</em></strong></span> <span class='ocrx_word' id='word_1_263' title='bbox 728 2663 761 2708; x_wconf 90' lang='lat' dir='ltr'><strong><em>ut</em></strong></span> <span class='ocrx_word' id='word_1_264' title='bbox 783 2650 870 2709; x_wconf 85' lang='lat' dir='ltr'><strong><em>etiam</em></strong></span> <span class='ocrx_word' id='word_1_265' title='bbox 891 2671 958 2720; x_wconf 87' lang='lat' dir='ltr'><strong><em>rem,</em></strong></span> <span class='ocrx_word' id='word_1_266' title='bbox 972 2651 1107 2710; x_wconf 87' lang='lat' dir='ltr'><strong><em>enclitica</em></strong></span> <span class='ocrx_word' id='word_1_267' title='bbox 1128 2665 1204 2720; x_wconf 89' lang='lat' dir='ltr'><strong><em>sunt,</em></strong></span> <span class='ocrx_word' id='word_1_268' title='bbox 1219 2663 1252 2710; x_wconf 89' lang='lat' dir='ltr'><strong><em>ut</em></strong></span> <span class='ocrx_word' id='word_1_269' title='bbox 1274 2648 1384 2710; x_wconf 86' lang='lat' dir='ltr'><strong><em>Graecis</em></strong></span> 
     </span>
     <span class='ocr_line' id='line_1_31' title="bbox 241 2730 1384 2810; baseline -0.006 -18"><span class='ocrx_word' id='word_1_270' title='bbox 241 2746 301 2803; x_wconf 79' lang='lat' dir='ltr'><strong><em>ME,</em></strong></span> <span class='ocrx_word' id='word_1_271' title='bbox 315 2745 365 2792; x_wconf 75' lang='grc' dir='ltr'><strong><em>ΣΕ.</em></strong></span> <span class='ocrx_word' id='word_1_272' title='bbox 400 2731 511 2791; x_wconf 90' lang='lat' dir='ltr'><strong><em>Eadem</em></strong></span> <span class='ocrx_word' id='word_1_273' title='bbox 526 2746 571 2790; x_wconf 87' lang='lat' dir='ltr'><strong><em>est</em></strong></span> <span class='ocrx_word' id='word_1_274' title='bbox 584 2745 614 2790; x_wconf 92' lang='lat' dir='ltr'><strong><em>et</em></strong></span> <span class='ocrx_word' id='word_1_275' title='bbox 630 2731 866 2810; x_wconf 76' lang='lat' dir='ltr'><strong><em>interrogationis</em></strong></span> <span class='ocrx_word' id='word_1_276' title='bbox 879 2732 940 2803; x_wconf 74' lang='grc' dir='ltr'><strong><em>νίας</em></strong></span> <span class='ocrx_word' id='word_1_277' title='bbox 963 2731 1025 2790; x_wconf 87' lang='lat' dir='ltr'><strong><em>sive</em></strong></span> <span class='ocrx_word' id='word_1_278' title='bbox 1040 2753 1106 2791; x_wconf 91' lang='lat' dir='ltr'><strong><em>cum</em></strong></span> <span class='ocrx_word' id='word_1_279' title='bbox 1120 2753 1154 2790; x_wconf 90' lang='lat' dir='ltr'><strong><em>ne</em></strong></span> <span class='ocrx_word' id='word_1_280' title='bbox 1167 2731 1313 2802; x_wconf 89' lang='lat' dir='ltr'><strong><em>enclitico,</em></strong></span> <span class='ocrx_word' id='word_1_281' title='bbox 1327 2730 1384 2789; x_wconf 86' lang='lat' dir='ltr'><strong><em>sive</em></strong></span> 
     </span>
     <span class='ocr_line' id='line_1_32' title="bbox 240 2810 1383 2891; baseline -0.004 -18"><span class='ocrx_word' id='word_1_282' title='bbox 240 2817 349 2890; x_wconf 87' lang='lat' dir='ltr'><strong><em>absque</em></strong></span> <span class='ocrx_word' id='word_1_283' title='bbox 363 2833 405 2871; x_wconf 86' lang='lat' dir='ltr'><strong><em>ne.</em></strong></span> <span class='ocrx_word' id='word_1_284' title='bbox 447 2811 481 2872; x_wconf 94' lang='lat' dir='ltr'><strong><em>In</em></strong></span> <span class='ocrx_word' id='word_1_285' title='bbox 503 2812 556 2872; x_wconf 87' lang='lat' dir='ltr'><strong><em>heo</em></strong></span> <span class='ocrx_word' id='word_1_286' title='bbox 577 2812 666 2890; x_wconf 84' lang='lat' dir='ltr'><strong><em>igitur</em></strong></span> <span class='ocrx_word' id='word_1_287' title='bbox 680 2812 883 2872; x_wconf 77' lang='lat' dir='ltr'><strong><em>concinnitatis</em></strong></span> <span class='ocrx_word' id='word_1_288' title='bbox 902 2810 989 2872; x_wconf 84' lang='lat' dir='ltr'><strong><em>laudo</em></strong></span> <span class='ocrx_word' id='word_1_289' title='bbox 1009 2811 1135 2891; x_wconf 85' lang='lat' dir='ltr'><strong><em>palmam</em></strong></span> <span class='ocrx_word' id='word_1_290' title='bbox 1154 2813 1292 2872; x_wconf 87' lang='lat' dir='ltr'><strong><em>omnibns</em></strong></span> <span class='ocrx_word' id='word_1_291' title='bbox 1312 2831 1383 2890; x_wconf 83' lang='lat' dir='ltr'><strong><em>prae·</em></strong></span> 
     </span>
     <span class='ocr_line' id='line_1_33' title="bbox 240 2890 1383 2973; baseline -0.003 -20"><span class='ocrx_word' id='word_1_292' title='bbox 240 2895 330 2973; x_wconf 90' lang='lat' dir='ltr'><strong><em>ripuit</em></strong></span> <span class='ocrx_word' id='word_1_293' title='bbox 349 2891 521 2960; x_wconf 72' lang='lat' dir='ltr'><strong><em>Terentius:</em></strong></span> <span class='ocrx_word' id='word_1_294' title='bbox 544 2913 666 2970; x_wconf 85' lang='lat' dir='ltr'><strong><em>eamque</em></strong></span> <span class='ocrx_word' id='word_1_295' title='bbox 680 2905 715 2952; x_wconf 89' lang='lat' dir='ltr'><strong><em>ut</em></strong></span> <span class='ocrx_word' id='word_1_296' title='bbox 729 2894 866 2971; x_wconf 77' lang='lat' dir='ltr'><strong><em>consequi</em></strong></span> <span class='ocrx_word' id='word_1_297' title='bbox 884 2907 992 2972; x_wconf 88' lang='lat' dir='ltr'><strong><em>posset,</em></strong></span> <span class='ocrx_word' id='word_1_298' title='bbox 1006 2907 1039 2952; x_wconf 92' lang='lat' dir='ltr'><strong><em>ut</em></strong></span> <span class='ocrx_word' id='word_1_299' title='bbox 1057 2908 1087 2952; x_wconf 86' lang='lat' dir='ltr'><strong><em>et</em></strong></span> <span class='ocrx_word' id='word_1_300' title='bbox 1101 2896 1207 2953; x_wconf 85' lang='lat' dir='ltr'><strong><em>vetitos</em></strong></span> <span class='ocrx_word' id='word_1_301' title='bbox 1221 2894 1300 2953; x_wconf 89' lang='lat' dir='ltr'><strong><em>ictus</em></strong></span> <span class='ocrx_word' id='word_1_302' title='bbox 1313 2890 1383 2950; x_wconf 83' lang='lat' dir='ltr'><strong><em>effu·</em></strong></span> 
     </span>
     <span class='ocr_line' id='line_1_34' title="bbox 241 2972 1383 3054; baseline -0.004 -21"><span class='ocrx_word' id='word_1_303' title='bbox 241 2988 332 3054; x_wconf 90' lang='lat' dir='ltr'><strong><em>geret,</em></strong></span> <span class='ocrx_word' id='word_1_304' title='bbox 347 2988 377 3033; x_wconf 93' lang='lat' dir='ltr'><strong><em>et</em></strong></span> <span class='ocrx_word' id='word_1_305' title='bbox 390 2973 533 3034; x_wconf 83' lang='lat' dir='ltr'><strong><em>vocabula</em></strong></span> <span class='ocrx_word' id='word_1_306' title='bbox 547 2987 643 3034; x_wconf 88' lang='lat' dir='ltr'><strong><em>tamen</em></strong></span> <span class='ocrx_word' id='word_1_307' title='bbox 657 2972 882 3052; x_wconf 81' lang='lat' dir='ltr'><strong><em>significantiam</em></strong></span> <span class='ocrx_word' id='word_1_308' title='bbox 895 2995 1008 3053; x_wconf 89' lang='lat' dir='ltr'><strong><em>semper</em></strong></span> <span class='ocrx_word' id='word_1_309' title='bbox 1023 2977 1078 3034; x_wconf 90' lang='lat' dir='ltr'><strong><em>sub</em></strong></span> <span class='ocrx_word' id='word_1_310' title='bbox 1093 2977 1151 3034; x_wconf 88' lang='lat' dir='ltr'><strong><em>ictu</em></strong></span> <span class='ocrx_word' id='word_1_311' title='bbox 1165 2988 1287 3053; x_wconf 89' lang='lat' dir='ltr'><strong><em>poneret</em></strong></span> <span class='ocrx_word' id='word_1_312' title='bbox 1300 2998 1308 3044; x_wconf 73' lang='grc' dir='ltr'>ς</span> <span class='ocrx_word' id='word_1_313' title='bbox 1329 2990 1383 3031; x_wconf 91' lang='lat' dir='ltr'><strong><em>non</em></strong></span> 
     </span>
     <span class='ocr_line' id='line_1_35' title="bbox 241 3053 1384 3134; baseline -0.004 -20"><span class='ocrx_word' id='word_1_314' title='bbox 241 3056 351 3115; x_wconf 89' lang='lat' dir='ltr'><strong><em>minore</em></strong></span> <span class='ocrx_word' id='word_1_315' title='bbox 366 3054 463 3114; x_wconf 91' lang='lat' dir='ltr'><strong><em>studio</em></strong></span> <span class='ocrx_word' id='word_1_316' title='bbox 477 3054 647 3132; x_wconf 90' lang='lat' dir='ltr'><strong><em>judicioque</em></strong></span> <span class='ocrx_word' id='word_1_317' title='bbox 661 3055 751 3114; x_wconf 87' lang='lat' dir='ltr'><strong><em>verbs</em></strong></span> <span class='ocrx_word' id='word_1_318' title='bbox 769 3053 923 3132; x_wconf 80' lang='lat' dir='ltr'><strong><em>disposuit,</em></strong></span> <span class='ocrx_word' id='word_1_319' title='bbox 938 3070 968 3115; x_wconf 86' lang='lat' dir='ltr'><strong><em>et</em></strong></span> <span class='ocrx_word' id='word_1_320' title='bbox 986 3076 1005 3115; x_wconf 84' lang='lat' dir='ltr'><strong><em>a</em></strong></span> <span class='ocrx_word' id='word_1_321' title='bbox 1022 3075 1119 3134; x_wconf 79' lang='lat' dir='ltr'><strong><em>prosse</em></strong></span> <span class='ocrx_word' id='word_1_322' title='bbox 1133 3056 1273 3116; x_wconf 87' lang='lat' dir='ltr'><strong><em>orationis</em></strong></span> <span class='ocrx_word' id='word_1_323' title='bbox 1286 3053 1384 3114; x_wconf 89' lang='lat' dir='ltr'><strong><em>ordine</em></strong></span> 
     </span>
     <span class='ocr_line' id='line_1_36' title="bbox 242 3134 1382 3215; baseline -0.005 -19"><span class='ocrx_word' id='word_1_324' title='bbox 242 3135 378 3196; x_wconf 88' lang='lat' dir='ltr'><strong><em>decenter</em></strong></span> <span class='ocrx_word' id='word_1_325' title='bbox 392 3135 620 3213; x_wconf 83' lang='lat' dir='ltr'><strong><em>invertit,·qnam</em></strong></span> <span class='ocrx_word' id='word_1_326' title='bbox 635 3134 774 3193; x_wconf 85' lang='lat' dir='ltr'><strong><em>mirificus</em></strong></span> <span class='ocrx_word' id='word_1_327' title='bbox 788 3135 817 3193; x_wconf 94' lang='lat' dir='ltr'><strong><em>in</em></strong></span> <span class='ocrx_word' id='word_1_328' title='bbox 831 3136 885 3195; x_wconf 87' lang='lat' dir='ltr'><strong><em>bac</em></strong></span> <span class='ocrx_word' id='word_1_329' title='bbox 899 3137 1019 3195; x_wconf 87' lang='lat' dir='ltr'><strong><em>materie</em></strong></span> <span class='ocrx_word' id='word_1_330' title='bbox 1034 3136 1142 3195; x_wconf 82' lang='lat' dir='ltr'><strong><em>artilex</em></strong></span> <span class='ocrx_word' id='word_1_331' title='bbox 1156 3137 1218 3214; x_wconf 87' lang='lat' dir='ltr'><strong><em>ipso</em></strong></span> <span class='ocrx_word' id='word_1_332' title='bbox 1233 3134 1382 3215; x_wconf 81' lang='lat' dir='ltr'><strong><em>Virgilius.</em></strong></span> 
     </span>
    </p>

    <p class='ocr_par' dir='ltr' id='par_1_10' title="bbox 243 3215 1386 4347">
     <span class='ocr_line' id='line_1_37' title="bbox 283 3215 1383 3297; baseline -0.001 -22"><span class='ocrx_word' id='word_1_333' title='bbox 283 3216 447 3276; x_wconf 72' lang='lat' dir='ltr'><strong><em>Priscianus</em></strong></span> <span class='ocrx_word' id='word_1_334' title='bbox 458 3215 494 3274; x_wconf 92' lang='lat' dir='ltr'><strong><em>de</em></strong></span> <span class='ocrx_word' id='word_1_335' title='bbox 506 3216 638 3276; x_wconf 84' lang='lat' dir='ltr'><strong><em>versibus</em></strong></span> <span class='ocrx_word' id='word_1_336' title='bbox 648 3216 766 3274; x_wconf 89' lang='lat' dir='ltr'><strong><em>comicis</em></strong></span> <span class='ocrx_word' id='word_1_337' title='bbox 780 3230 888 3285; x_wconf 84' lang='lat' dir='ltr'><strong><em>narrat,</em></strong></span> <span class='ocrx_word' id='word_1_338' title='bbox 902 3216 1001 3276; x_wconf 84' lang='lat' dir='ltr'><strong><em>Fuisse</em></strong></span> <span class='ocrx_word' id='word_1_339' title='bbox 1010 3217 1144 3297; x_wconf 85' lang='lat' dir='ltr'><strong><em>quosdam</em></strong></span> <span class='ocrx_word' id='word_1_340' title='bbox 1152 3219 1199 3296; x_wconf 83' lang='lat' dir='ltr'><strong><em>qui</em></strong></span> <span class='ocrx_word' id='word_1_341' title='bbox 1212 3217 1383 3296; x_wconf 75' lang='lat' dir='ltr'><strong><em>abnegarent</em></strong></span> 
     </span>
     <span class='ocr_line' id='line_1_38' title="bbox 243 3295 1385 3378; baseline -0.004 -22"><span class='ocrx_word' id='word_1_342' title='bbox 243 3297 304 3356; x_wconf 87' lang='lat' dir='ltr'><strong><em>ullo</em></strong></span> <span class='ocrx_word' id='word_1_343' title='bbox 322 3316 381 3355; x_wconf 90' lang='lat' dir='ltr'><strong><em>esse</em></strong></span> <span class='ocrx_word' id='word_1_344' title='bbox 397 3297 426 3355; x_wconf 88' lang='lat' dir='ltr'><strong><em>in</em></strong></span> <span class='ocrx_word' id='word_1_345' title='bbox 451 3297 573 3355; x_wconf 81' lang='lat' dir='ltr'><strong><em>Terentii</em></strong></span> <span class='ocrx_word' id='word_1_346' title='bbox 586 3295 727 3354; x_wconf 76' lang='lat' dir='ltr'><strong><em>comoediis</em></strong></span> <span class='ocrx_word' id='word_1_347' title='bbox 739 3305 843 3367; x_wconf 86' lang='lat' dir='ltr'><strong><em>metra;</em></strong></span> <span class='ocrx_word' id='word_1_348' title='bbox 866 3298 911 3356; x_wconf 86' lang='lat' dir='ltr'><strong><em>sel</em></strong></span> <span class='ocrx_word' id='word_1_349' title='bbox 928 3319 972 3366; x_wconf 89' lang='lat' dir='ltr'><strong><em>eu,</em></strong></span> <span class='ocrx_word' id='word_1_350' title='bbox 987 3299 1068 3377; x_wconf 85' lang='lat' dir='ltr'><strong><em>quasi</em></strong></span> <span class='ocrx_word' id='word_1_351' title='bbox 1088 3319 1197 3358; x_wconf 89' lang='lat' dir='ltr'><strong><em>arcana</em></strong></span> <span class='ocrx_word' id='word_1_352' title='bbox 1217 3297 1348 3378; x_wconf 59' lang='lat' dir='ltr'><strong><em>wadum</em></strong></span> <span class='ocrx_word' id='word_1_353' title='bbox 1360 3302 1385 3352; x_wconf 88' lang='lat' dir='ltr'><strong><em>et</em></strong></span> 
     </span>
     <span class='ocr_line' id='line_1_39' title="bbox 243 3377 1383 3458; baseline -0.005 -20"><span class='ocrx_word' id='word_1_354' title='bbox 243 3378 281 3438; x_wconf 83' lang='lat' dir='ltr'><strong><em>ab</em></strong></span> <span class='ocrx_word' id='word_1_355' title='bbox 293 3377 415 3436; x_wconf 79' lang='lat' dir='ltr'><strong><em>omnibus</em></strong></span> <span class='ocrx_word' id='word_1_356' title='bbox 434 3377 524 3438; x_wconf 83' lang='lat' dir='ltr'><strong><em>doctis</em></strong></span> <span class='ocrx_word' id='word_1_357' title='bbox 542 3387 655 3446; x_wconf 77' lang='lat' dir='ltr'><strong><em>senata,</em></strong></span> <span class='ocrx_word' id='word_1_358' title='bbox 669 3377 723 3436; x_wconf 84' lang='lat' dir='ltr'><strong><em>sili</em></strong></span> <span class='ocrx_word' id='word_1_359' title='bbox 740 3377 809 3436; x_wconf 86' lang='lat' dir='ltr'><strong><em>solis</em></strong></span> <span class='ocrx_word' id='word_1_360' title='bbox 821 3399 881 3437; x_wconf 86' lang='lat' dir='ltr'><strong><em>asse</em></strong></span> <span class='ocrx_word' id='word_1_361' title='bbox 897 3380 1014 3458; x_wconf 83' lang='lat' dir='ltr'><strong><em>¹cognita</em></strong></span> <span class='ocrx_word' id='word_1_362' title='bbox 1030 3380 1233 3458; x_wconf 77' lang='lat' dir='ltr'><strong><em>confimsorent.</em></strong></span> <span class='ocrx_word' id='word_1_363' title='bbox 1275 3377 1383 3439; x_wconf 83' lang='lat' dir='ltr'><strong><em>ibidem</em></strong></span> 
     </span>
     <span class='ocr_line' id='line_1_40' title="bbox 244 3455 1384 3538; baseline -0.005 -20"><span class='ocrx_word' id='word_1_364' title='bbox 244 3459 295 3528; x_wconf 89' lang='lat' dir='ltr'><strong><em>ait,</em></strong></span> <span class='ocrx_word' id='word_1_365' title='bbox 312 3457 414 3518; x_wconf 85' lang='lat' dir='ltr'><strong><em>Omnes</em></strong></span> <span class='ocrx_word' id='word_1_366' title='bbox 432 3457 540 3538; x_wconf 79' lang='lat' dir='ltr'><strong><em>quidem</em></strong></span> <span class='ocrx_word' id='word_1_367' title='bbox 558 3458 803 3529; x_wconf 67' lang='lat' dir='ltr'><strong><em>commoneretur</em></strong></span> <span class='ocrx_word' id='word_1_368' title='bbox 822 3459 995 3538; x_wconf 70' lang='lat' dir='ltr'><strong><em>synalaepiis</em></strong></span> <span class='ocrx_word' id='word_1_369' title='bbox 1008 3470 1035 3518; x_wconf 93' lang='lat' dir='ltr'><strong><em>et</em></strong></span> <span class='ocrx_word' id='word_1_370' title='bbox 1049 3459 1271 3538; x_wconf 76' lang='lat' dir='ltr'><strong><em>episynaloeplis</em></strong></span> <span class='ocrx_word' id='word_1_371' title='bbox 1290 3471 1319 3519; x_wconf 91' lang='lat' dir='ltr'><strong><em>et</em></strong></span> <span class='ocrx_word' id='word_1_372' title='bbox 1331 3455 1384 3516; x_wconf 87' lang='lat' dir='ltr'><strong><em>eat·</em></strong></span> 
     </span>
     <span class='ocr_line' id='line_1_41' title="bbox 246 3538 1383 3618; baseline 0.004 -20"><span class='ocrx_word' id='word_1_373' title='bbox 246 3539 390 3598; x_wconf 84' lang='lat' dir='ltr'><strong><em>lisians&#39;lus</em></strong></span> <span class='ocrx_word' id='word_1_374' title='bbox 405 3549 433 3600; x_wconf 91' lang='lat' dir='ltr'><strong><em>et</em></strong></span> <span class='ocrx_word' id='word_1_375' title='bbox 453 3538 653 3618; x_wconf 69' lang='lat' dir='ltr'><strong><em>alu&#39;eaionibus</em></strong></span> <span class='ocrx_word' id='word_1_376' title='bbox 674 3559 689 3598; x_wconf 90' lang='lat' dir='ltr'><strong><em>s</em></strong></span> <span class='ocrx_word' id='word_1_377' title='bbox 711 3539 813 3610; x_wconf 81' lang='lat' dir='ltr'><strong><em>litera,</em></strong></span> <span class='ocrx_word' id='word_1_378' title='bbox 825 3540 920 3618; x_wconf 83' lang='lat' dir='ltr'><strong><em>fuisse</em></strong></span> <span class='ocrx_word' id='word_1_379' title='bbox 938 3561 1004 3598; x_wconf 90' lang='lat' dir='ltr'><strong><em>usos</em></strong></span> <span class='ocrx_word' id='word_1_380' title='bbox 1022 3541 1178 3600; x_wconf 82' lang='lat' dir='ltr'><strong><em>scandendo</em></strong></span> <span class='ocrx_word' id='word_1_381' title='bbox 1193 3561 1289 3600; x_wconf 71' lang='lat' dir='ltr'><strong><em>vasus</em></strong></span> <span class='ocrx_word' id='word_1_382' title='bbox 1307 3557 1383 3602; x_wconf 71' lang='lat' dir='ltr'><strong><em>mass</em></strong></span> 
     </span>
     <span class='ocr_line' id='line_1_42' title="bbox 246 3619 1385 3700; baseline -0.002 -20"><span class='ocrx_word' id='word_1_383' title='bbox 246 3620 433 3680; x_wconf 78' lang='lat' dir='ltr'><strong><em>Tarannon</em></strong></span> <span class='ocrx_word' id='word_1_384' title='bbox 447 3639 550 3680; x_wconf 80' lang='lat' dir='ltr'><strong><em>aaran</em></strong></span> <span class='ocrx_word' id='word_1_385' title='bbox 564 3639 635 3679; x_wconf 82' lang='lat' dir='ltr'><strong><em>atus</em></strong></span> <span class='ocrx_word' id='word_1_386' title='bbox 649 3639 791 3680; x_wconf 78' lang='lat' dir='ltr'><strong><em>omniane.</em></strong></span> <span class='ocrx_word' id='word_1_387' title='bbox 835 3619 945 3680; x_wconf 86' lang='lat' dir='ltr'><strong><em>Verum</em></strong></span> <span class='ocrx_word' id='word_1_388' title='bbox 956 3621 1089 3700; x_wconf 83' lang='lat' dir='ltr'><strong><em>protecto</em></strong></span> <span class='ocrx_word' id='word_1_389' title='bbox 1103 3623 1158 3682; x_wconf 92' lang='lat' dir='ltr'><strong><em>hoc</em></strong></span> <span class='ocrx_word' id='word_1_390' title='bbox 1171 3635 1237 3692; x_wconf 69' lang='grc' dir='ltr'><strong><em>θοις</em></strong></span> <span class='ocrx_word' id='word_1_391' title='bbox 1259 3635 1291 3680; x_wconf 87' lang='lat' dir='ltr'><strong><em>et</em></strong></span> <span class='ocrx_word' id='word_1_392' title='bbox 1303 3637 1385 3682; x_wconf 75' lang='lat' dir='ltr'><strong><em>musa</em></strong></span> 
     </span>
     <span class='ocr_line' id='line_1_43' title="bbox 246 3700 1386 3780; baseline -0.006 -19"><span class='ocrx_word' id='word_1_393' title='bbox 246 3703 340 3772; x_wconf 81' lang='lat' dir='ltr'><strong><em>unica,</em></strong></span> <span class='ocrx_word' id='word_1_394' title='bbox 356 3721 407 3762; x_wconf 88' lang='lat' dir='ltr'><strong><em>cur</em></strong></span> <span class='ocrx_word' id='word_1_395' title='bbox 416 3701 575 3779; x_wconf 76' lang='lat' dir='ltr'><strong><em>-msgistslli</em></strong></span> <span class='ocrx_word' id='word_1_396' title='bbox 588 3700 636 3760; x_wconf 90' lang='lat' dir='ltr'><strong><em>isti</em></strong></span> <span class='ocrx_word' id='word_1_397' title='bbox 650 3700 697 3760; x_wconf 85' lang='lat' dir='ltr'><strong><em>vel</em></strong></span> <span class='ocrx_word' id='word_1_398' title='bbox 710 3716 848 3779; x_wconf 87' lang='lat' dir='ltr'><strong><em>negarent</em></strong></span> <span class='ocrx_word' id='word_1_399' title='bbox 866 3717 959 3760; x_wconf 84' lang='lat' dir='ltr'><strong><em>metra</em></strong></span> <span class='ocrx_word' id='word_1_400' title='bbox 972 3723 1036 3760; x_wconf 87' lang='lat' dir='ltr'><strong><em>esse</em></strong></span> <span class='ocrx_word' id='word_1_401' title='bbox 1050 3703 1127 3780; x_wconf 84' lang='lat' dir='ltr'><strong><em>apud</em></strong></span> <span class='ocrx_word' id='word_1_402' title='bbox 1141 3716 1282 3772; x_wconf 88' lang='lat' dir='ltr'><strong><em>nostrum,</em></strong></span> <span class='ocrx_word' id='word_1_403' title='bbox 1298 3701 1344 3760; x_wconf 82' lang='lat' dir='ltr'><strong><em>vel</em></strong></span> <span class='ocrx_word' id='word_1_404' title='bbox 1356 3711 1386 3756; x_wconf 89' lang='lat' dir='ltr'><strong><em>ut</em></strong></span> 
     </span>
     <span class='ocr_line' id='line_1_44' title="bbox 246 3781 1385 3861; baseline -0.005 -19"><span class='ocrx_word' id='word_1_405' title='bbox 246 3803 352 3842; x_wconf 76' lang='lat' dir='ltr'><strong><em>arcam</em></strong></span> <span class='ocrx_word' id='word_1_406' title='bbox 371 3781 506 3859; x_wconf 80' lang='lat' dir='ltr'><strong><em>quaedasn</em></strong></span> <span class='ocrx_word' id='word_1_407' title='bbox 526 3781 720 3842; x_wconf 78' lang='lat' dir='ltr'><strong><em>venditarent.</em></strong></span> <span class='ocrx_word' id='word_1_408' title='bbox 761 3782 852 3848; x_wconf 83' lang='lat' dir='ltr'><strong><em>Quod</em></strong></span> <span class='ocrx_word' id='word_1_409' title='bbox 873 3803 943 3842; x_wconf 83' lang='lat' dir='ltr'><strong><em>sero</em></strong></span> <span class='ocrx_word' id='word_1_410' title='bbox 962 3784 1010 3842; x_wconf 91' lang='lat' dir='ltr'><strong><em>hic</em></strong></span> <span class='ocrx_word' id='word_1_411' title='bbox 1029 3785 1161 3861; x_wconf 89' lang='lat' dir='ltr'><strong><em>queritur</em></strong></span> <span class='ocrx_word' id='word_1_412' title='bbox 1174 3797 1205 3842; x_wconf 91' lang='lat' dir='ltr'><strong><em>et</em></strong></span> <span class='ocrx_word' id='word_1_413' title='bbox 1222 3782 1385 3842; x_wconf 87' lang='lat' dir='ltr'><strong><em>criminatur</em></strong></span> 
     </span>
     <span class='ocr_line' id='line_1_45' title="bbox 246 3859 1385 3943; baseline -0.004 -19"><span class='ocrx_word' id='word_1_414' title='bbox 246 3883 368 3943; x_wconf 84' lang='lat' dir='ltr'><strong><em>magnus</em></strong></span> <span class='ocrx_word' id='word_1_415' title='bbox 380 3863 596 3942; x_wconf 74' lang='lat' dir='ltr'><strong><em>grammaticus,</em></strong></span> <span class='ocrx_word' id='word_1_416' title='bbox 610 3883 668 3922; x_wconf 90' lang='lat' dir='ltr'><strong><em>non</em></strong></span> <span class='ocrx_word' id='word_1_417' title='bbox 682 3863 786 3922; x_wconf 87' lang='lat' dir='ltr'><strong><em>vitium</em></strong></span> <span class='ocrx_word' id='word_1_418' title='bbox 800 3876 855 3933; x_wconf 80' lang='lat' dir='ltr'><strong><em>est.</em></strong></span> <span class='ocrx_word' id='word_1_419' title='bbox 869 3863 924 3923; x_wconf 88' lang='lat' dir='ltr'><strong><em>sed</em></strong></span> <span class='ocrx_word' id='word_1_420' title='bbox 940 3865 1035 3924; x_wconf 76' lang='lat' dir='ltr'><strong><em>sums</em></strong></span> <span class='ocrx_word' id='word_1_421' title='bbox 1055 3864 1185 3925; x_wconf 89' lang='lat' dir='ltr'><strong><em>Terentii</em></strong></span> <span class='ocrx_word' id='word_1_422' title='bbox 1204 3865 1319 3942; x_wconf 88' lang='lat' dir='ltr'><strong><em>prima:</em></strong></span> <span class='ocrx_word' id='word_1_423' title='bbox 1339 3859 1385 3939; x_wconf 90' lang='lat' dir='ltr'><strong><em>qui</em></strong></span> 
     </span>
     <span class='ocr_line' id='line_1_46' title="bbox 248 3943 1385 4024; baseline -0.004 -20"><span class='ocrx_word' id='word_1_424' title='bbox 248 3943 433 4024; x_wconf 85' lang='lat' dir='ltr'><strong><em>synaloephas</em></strong></span> <span class='ocrx_word' id='word_1_425' title='bbox 460 3943 523 4004; x_wconf 85' lang='lat' dir='ltr'><strong><em>illas</em></strong></span> <span class='ocrx_word' id='word_1_426' title='bbox 550 3944 618 4003; x_wconf 84' lang='lat' dir='ltr'><strong><em>date</em></strong></span> <span class='ocrx_word' id='word_1_427' title='bbox 638 3963 728 4022; x_wconf 83' lang='lat' dir='ltr'><strong><em>opera</em></strong></span> <span class='ocrx_word' id='word_1_428' title='bbox 753 3958 936 4004; x_wconf 87' lang='lat' dir='ltr'><strong><em>consectatus</em></strong></span> <span class='ocrx_word' id='word_1_429' title='bbox 961 3957 1025 4016; x_wconf 85' lang='lat' dir='ltr'><strong><em>est;</em></strong></span> <span class='ocrx_word' id='word_1_430' title='bbox 1050 3967 1110 4024; x_wconf 93' lang='lat' dir='ltr'><strong><em>quo</em></strong></span> <span class='ocrx_word' id='word_1_431' title='bbox 1134 3943 1256 4024; x_wconf 82' lang='lat' dir='ltr'><strong><em>syllaboe</em></strong></span> <span class='ocrx_word' id='word_1_432' title='bbox 1280 3945 1385 4004; x_wconf 78' lang='lat' dir='ltr'><strong><em>ultime</em></strong></span> 
     </span>
     <span class='ocr_line' id='line_1_47' title="bbox 246 4019 1386 4104; baseline -0.002 -20"><span class='ocrx_word' id='word_1_433' title='bbox 246 4026 442 4104; x_wconf 85' lang='lat' dir='ltr'><strong><em>liquescerent</em></strong></span> <span class='ocrx_word' id='word_1_434' title='bbox 456 4023 708 4102; x_wconf 87' lang='lat' dir='ltr'><strong><em>coalescerentqne</em></strong></span> <span class='ocrx_word' id='word_1_435' title='bbox 727 4045 794 4083; x_wconf 92' lang='lat' dir='ltr'><strong><em>cum</em></strong></span> <span class='ocrx_word' id='word_1_436' title='bbox 811 4026 1016 4102; x_wconf 87' lang='lat' dir='ltr'><strong><em>sequentibns;</em></strong></span> <span class='ocrx_word' id='word_1_437' title='bbox 1037 4047 1132 4104; x_wconf 87' lang='lat' dir='ltr'><strong><em>eoque</em></strong></span> <span class='ocrx_word' id='word_1_438' title='bbox 1146 4027 1229 4086; x_wconf 86' lang='lat' dir='ltr'><strong><em>vetiti</em></strong></span> <span class='ocrx_word' id='word_1_439' title='bbox 1246 4047 1281 4086; x_wconf 84' lang='lat' dir='ltr'><strong><em>ac</em></strong></span> <span class='ocrx_word' id='word_1_440' title='bbox 1294 4019 1386 4084; x_wconf 84' lang='lat' dir='ltr'><strong><em>vitiosi</em></strong></span> 
     </span>
     <span class='ocr_line' id='line_1_48' title="bbox 248 4104 1385 4187; baseline 0 -23"><span class='ocrx_word' id='word_1_441' title='bbox 248 4105 279 4164; x_wconf 91' lang='lat' dir='ltr'><strong><em>in</em></strong></span> <span class='ocrx_word' id='word_1_442' title='bbox 298 4105 408 4166; x_wconf 86' lang='lat' dir='ltr'><strong><em>ultimis</em></strong></span> <span class='ocrx_word' id='word_1_443' title='bbox 429 4106 502 4165; x_wconf 89' lang='lat' dir='ltr'><strong><em>ictus</em></strong></span> <span class='ocrx_word' id='word_1_444' title='bbox 523 4104 677 4164; x_wconf 86' lang='lat' dir='ltr'><strong><em>artificiose</em></strong></span> <span class='ocrx_word' id='word_1_445' title='bbox 697 4104 906 4184; x_wconf 81' lang='lat' dir='ltr'><strong><em>effugarentur.</em></strong></span> <span class='ocrx_word' id='word_1_446' title='bbox 948 4107 1008 4168; x_wconf 80' lang='lat' dir='ltr'><strong><em>Hae</em></strong></span> <span class='ocrx_word' id='word_1_447' title='bbox 1029 4128 1099 4166; x_wconf 83' lang='lat' dir='ltr'><strong><em>vero</em></strong></span> <span class='ocrx_word' id='word_1_448' title='bbox 1120 4107 1310 4187; x_wconf 73' lang='lat' dir='ltr'><strong><em>synaloephae,</em></strong></span> <span class='ocrx_word' id='word_1_449' title='bbox 1324 4123 1385 4183; x_wconf 80' lang='lat' dir='ltr'><strong><em>quse</em></strong></span> 
     </span>
     <span class='ocr_line' id='line_1_49' title="bbox 249 4185 1386 4268; baseline -0.001 -23"><span class='ocrx_word' id='word_1_450' title='bbox 249 4188 382 4246; x_wconf 85' lang='lat' dir='ltr'><strong><em>tenebras</em></strong></span> <span class='ocrx_word' id='word_1_451' title='bbox 396 4186 464 4245; x_wconf 90' lang='lat' dir='ltr'><strong><em>olim</em></strong></span> <span class='ocrx_word' id='word_1_452' title='bbox 482 4185 628 4264; x_wconf 84' lang='lat' dir='ltr'><strong><em>magistris</em></strong></span> <span class='ocrx_word' id='word_1_453' title='bbox 642 4185 818 4257; x_wconf 86' lang='lat' dir='ltr'><strong><em>offuderunt,</em></strong></span> <span class='ocrx_word' id='word_1_454' title='bbox 828 4187 891 4265; x_wconf 85' lang='lat' dir='ltr'><strong><em>jam</em></strong></span> <span class='ocrx_word' id='word_1_455' title='bbox 911 4188 941 4247; x_wconf 90' lang='lat' dir='ltr'><strong><em>in</em></strong></span> <span class='ocrx_word' id='word_1_456' title='bbox 961 4202 1061 4247; x_wconf 84' lang='lat' dir='ltr'><strong><em>nostra</em></strong></span> <span class='ocrx_word' id='word_1_457' title='bbox 1077 4191 1212 4259; x_wconf 84' lang='lat' dir='ltr'><strong><em>aditione,</em></strong></span> <span class='ocrx_word' id='word_1_458' title='bbox 1227 4187 1386 4268; x_wconf 88' lang='lat' dir='ltr'><strong><em>percussio·</em></strong></span> 
     </span>
     <span class='ocr_line' id='line_1_50' title="bbox 249 4267 1278 4347; baseline 0.003 -22"><span class='ocrx_word' id='word_1_459' title='bbox 249 4286 320 4326; x_wconf 89' lang='lat' dir='ltr'><strong><em>unm</em></strong></span> <span class='ocrx_word' id='word_1_460' title='bbox 334 4267 493 4327; x_wconf 86' lang='lat' dir='ltr'><strong><em>intervallis</em></strong></span> <span class='ocrx_word' id='word_1_461' title='bbox 507 4267 652 4336; x_wconf 86' lang='lat' dir='ltr'><strong><em>distincta,</em></strong></span> <span class='ocrx_word' id='word_1_462' title='bbox 667 4287 703 4327; x_wconf 93' lang='lat' dir='ltr'><strong><em>ne</em></strong></span> <span class='ocrx_word' id='word_1_463' title='bbox 717 4269 816 4345; x_wconf 87' lang='lat' dir='ltr'><strong><em>pueris</em></strong></span> <span class='ocrx_word' id='word_1_464' title='bbox 830 4268 948 4346; x_wconf 89' lang='lat' dir='ltr'><strong><em>quidem</em></strong></span> <span class='ocrx_word' id='word_1_465' title='bbox 961 4271 1111 4347; x_wconf 84' lang='lat' dir='ltr'><strong><em>negotium</em></strong></span> <span class='ocrx_word' id='word_1_466' title='bbox 1124 4271 1278 4330; x_wconf 85' lang='lat' dir='ltr'><strong><em>lacessent.</em></strong></span> 
     </span>
    </p>

    <p class='ocr_par' dir='ltr' id='par_1_11' title="bbox 250 4347 1386 4511">
     <span class='ocr_line' id='line_1_51' title="bbox 290 4347 1386 4430; baseline -0.002 -24"><span class='ocrx_word' id='word_1_467' title='bbox 290 4347 398 4408; x_wconf 91' lang='lat' dir='ltr'><strong><em>Totum</em></strong></span> <span class='ocrx_word' id='word_1_468' title='bbox 417 4362 515 4410; x_wconf 85' lang='lat' dir='ltr'><strong><em>nutem</em></strong></span> <span class='ocrx_word' id='word_1_469' title='bbox 534 4349 600 4418; x_wconf 90' lang='lat' dir='ltr'><strong><em>hoc,</em></strong></span> <span class='ocrx_word' id='word_1_470' title='bbox 614 4347 694 4426; x_wconf 90' lang='lat' dir='ltr'><strong><em>quod</em></strong></span> <span class='ocrx_word' id='word_1_471' title='bbox 714 4347 750 4407; x_wconf 87' lang='lat' dir='ltr'><strong><em>de</em></strong></span> <span class='ocrx_word' id='word_1_472' title='bbox 771 4348 832 4409; x_wconf 89' lang='lat' dir='ltr'><strong><em>ictu</em></strong></span> <span class='ocrx_word' id='word_1_473' title='bbox 851 4349 881 4408; x_wconf 92' lang='lat' dir='ltr'><strong><em>in</em></strong></span> <span class='ocrx_word' id='word_1_474' title='bbox 902 4349 1011 4408; x_wconf 88' lang='lat' dir='ltr'><strong><em>ultimis</em></strong></span> <span class='ocrx_word' id='word_1_475' title='bbox 1031 4350 1151 4430; x_wconf 81' lang='lat' dir='ltr'><strong><em>syllabis</em></strong></span> <span class='ocrx_word' id='word_1_476' title='bbox 1171 4365 1290 4412; x_wconf 87' lang='lat' dir='ltr'><strong><em>cautum</em></strong></span> <span class='ocrx_word' id='word_1_477' title='bbox 1304 4348 1386 4409; x_wconf 81' lang='lat' dir='ltr'><strong><em>luisse</em></strong></span> 
     </span>
     <span class='ocr_line' id='line_1_52' title="bbox 250 4425 1386 4511; baseline 0.002 -23"><span class='ocrx_word' id='word_1_478' title='bbox 250 4427 387 4502; x_wconf 83' lang='lat' dir='ltr'><strong><em>diximus,</em></strong></span> <span class='ocrx_word' id='word_1_479' title='bbox 410 4427 446 4488; x_wconf 89' lang='lat' dir='ltr'><strong><em>de</em></strong></span> <span class='ocrx_word' id='word_1_480' title='bbox 471 4429 599 4490; x_wconf 80' lang='lat' dir='ltr'><strong><em>secunda</em></strong></span> <span class='ocrx_word' id='word_1_481' title='bbox 628 4443 741 4490; x_wconf 88' lang='lat' dir='ltr'><strong><em>tantum</em></strong></span> <span class='ocrx_word' id='word_1_482' title='bbox 769 4430 892 4490; x_wconf 86' lang='lat' dir='ltr'><strong><em>trimetri</em></strong></span> <span class='ocrx_word' id='word_1_483' title='bbox 916 4435 1019 4506; x_wconf 67' lang='lat' dir='ltr'><strong><em>smalto</em></strong></span> <span class='ocrx_word' id='word_1_484' title='bbox 1044 4431 1239 4511; x_wconf 76' lang='lat' dir='ltr'><strong><em>capiendumr</em></strong></span> <span class='ocrx_word' id='word_1_485' title='bbox 1271 4451 1336 4491; x_wconf 82' lang='lat' dir='ltr'><strong><em>nam</em></strong></span> <span class='ocrx_word' id='word_1_486' title='bbox 1360 4425 1386 4491; x_wconf 86' lang='lat' dir='ltr'><strong><em>in</em></strong></span> 
     </span>
    </p>
   </div>
   <div class='ocr_carea' id='block_1_5' title="bbox 0 0 1441 4759">
    <p class='ocr_par' dir='ltr' id='par_1_12' title="bbox 0 0 1441 4759">
     <span class='ocr_line' id='line_1_53' title="bbox 0 0 1441 4759; baseline 0 0"><span class='ocrx_word' id='word_1_487' title='bbox 0 0 1441 4759; x_wconf 95' lang='lat' dir='ltr'><strong><em> </em></strong></span> 
     </span>
    </p>
   </div>
  </div>
 </body>
</html>
