2834 4759
242 176 329 237 xxxii
628 176 740 241 DAN.
762 176 1011 253 Hulnsrus

242 325 359 384 quoque
372 316 406 366 ut
419 306 524 367 actioni
539 307 598 379 det,
612 326 731 367 neccsse
744 322 799 378 est,
814 308 960 386 quia'sine
968 304 1040 367 lo‘co
1053 306 1118 367 lieri
1131 306 1174 367 nil
1187 318 1299 386 potest.
1335 306 1391 367 Hic

242 398 340 445 autem
362 387 444 447 locus
467 394 547 462 anjah
570 394 698 465 δράματος
721 411 740 449 a
760 389 868 449 criticis
888 403 1020 459 vocatur,
1035 387 1120 466 cujus
1135 387 1221 447 linem
1244 389 1390 448 transilire

242 468 332 527 nefas.
375 467 471 527 Nemo
488 471 571 527 enirn
596 485 728 547 tempore
752 469 866 540 eodem,
889 469 969 546 qnod
995 490 1014 529 a
1041 468 1146 528 Plauto
1169 483 1251 529 recte
1276 470 1390 539 dicitur,

239 546 309 606 alibi
336 562 425 626 atque
452 549 521 609 alibi
551 552 660 609 versari
688 563 806 630 potenti
835 550 890 608 nisi
918 549 1030 627 aliquid
1055 564 1253 609 monstrosum
1283 550 1337 609 liat
1362 551 1390 607 in

242 628 391 688 comoedia.
434 629 516 689 Idem
531 642 637 700 umen,
651 652 717 690 cum
731 630 915 690 Curculionis
933 652 1049 689 scenam
1070 630 1212 708 Epidauri
1231 633 1388 709 posuisset,

242 708 366 767 Romam
387 712 490 770 transit
510 711 539 769 in
554 711 665 781 eadem,
687 727 718 772 et
738 712 768 769 in
789 712 986 771 Romanorum
1006 732 1112 780 mores,
1132 730 1227 771 scenoe
1250 732 1315 771 suae
1331 712 1390 790 jam

241 788 360 858 oblitus,
382 790 472 851 libere
494 792 655 860 invehitur:
678 807 709 851 et
729 792 858 870 quidem,
872 806 906 851 ut
925 792 1037 869 antiqui
1059 792 1173 861 comici,
1193 792 1340 861 tributim,
1353 794 1391 851 ita

240 882 316 928 utet
331 872 444 949 singula
464 872 610 932 describat
630 873 694 932 loca
714 888 770 932 act.
785 874 824 932 iv.
840 893 929 933 scens
941 871 1074 951 AEdepol.
1116 871 1182 947 lam
1202 878 1237 932 πὰ
1257 878 1345 949 «ihm
1362 873 1390 930 in

241 950 348 1010 fabulis
362 972 449 1030 quam
464 953 576 1012 multa?
600 954 640 1013 ita
655 974 738 1024 voco,
754 974 822 1031 quas
835 954 905 1013 nihil
921 953 1076 1011 verisimile
1091 953 1212 1012 habent.
1248 952 1325 1013 Tale
1338 968 1388 1021 est,

241 1030 381 1091 Sosiclem
406 1034 631 1104 Menaechmum,
647 1035 698 1112 qui
720 1035 862 1093 venirete
883 1034 991 1102 Sicilia,
1006 1049 1174 1111 surreptum
1195 1034 1271 1093 item
1292 1034 1391 1112 quiin

160 1178 170 1193 Ι
243 1110 342 1189 Illyria
366 1114 427 1191 jam
451 1115 603 1181 habitaret,
628 1114 739 1185 habitu,
764 1116 868 1174 eodem
892 1128 1033 1192 tempore,
1058 1114 1099 1172 ita
1121 1113 1209 1173 simili
1233 1115 1337 1182 fusse,
1359 1127 1389 1172 nt

241 1192 374 1271 dignosci
394 1216 411 1253 a
431 1196 642 1274 spectatoribus
661 1216 721 1255 non
735 1209 872 1273 possent3
895 1216 962 1254 cum
975 1194 1046 1253 nihil
1060 1194 1154 1253 simile
1168 1195 1315 1254 haberent
1329 1195 1390 1253 istae

241 1287 352 1351 gentes.
395 1276 486 1341 Quod
501 1276 613 1344 vitium,
629 1296 664 1335 ne
684 1298 701 1335 a
720 1277 846 1355 chorago
860 1276 979 1353 quidem
992 1274 1141 1335 emendari
1162 1288 1274 1353 potest.
1317 1274 1389 1333 Nam

241 1352 407 1414 Mercurius
428 1356 639 1435 Amphitryone
657 1370 687 1416 et
707 1355 831 1435 Jupiter,
852 1357 893 1414 dii
912 1370 996 1415 sunt:
1018 1357 1126 1433 quibus
1145 1356 1246 1415 omnia
1269 1355 1387 1415 concedi

241 1434 328 1493 etiam
342 1436 399 1505 hic,
414 1437 519 1496 solent.
561 1436 662 1502 Quare
676 1439 824 1496 insumere
837 1443 869 1496 πὸ
881 1442 979 1514 ἄλογον
992 1456 1051 1497 non
1068 1449 1202 1516 possunt.
1240 1436 1305 1496 Ubi
1318 1436 1389 1495 enim

241 1514 282 1575 dii
302 1530 402 1595 agunt,
416 1532 512 1577 cessat
531 1518 615 1577 ratio.
658 1518 786 1585 Quidvis
805 1519 883 1578 enim
904 1538 991 1596 posse
1007 1537 1168 1593 commemo
1188 1529 1244 1588 est,
1265 1518 1317 1595 qui
1337 1536 1389 1574 non

240 1595 393 1675 intelligat.
443 1598 478 1655 ln
504 1596 653 1669 Terentio,
679 1599 727 1659 cui
749 1598 804 1658 soli
828 1614 920 1657 artem
949 1598 1070 1657 Flaccus
1095 1612 1194 1657 noster
1218 1598 1386 1676 assignavit,

240 1676 312 1733 nihil
334 1677 401 1737 tale.
443 1678 551 1739 Omnia
572 1700 638 1739 cum
654 1679 777 1757 judicio,
792 1700 857 1738 cum
879 1680 1000 1749 ratione,
1021 1680 1244 1756 circumspecte,
1259 1699 1300 1737 ex
1320 1691 1385 1747 arte,

240 1769 355 1816 etcum
378 1779 457 1818 cura.
500 1758 577 1819 Nam
599 1773 629 1819 et
651 1760 758 1819 sabuloe
780 1760 921 1837 insignem
942 1760 1003 1819 lere
1024 1780 1092 1818 cum
1117 1760 1268 1838 agnitione
1297 1770 1387 1817 muta-

241 1839 350 1897 tionem
364 1839 489 1899 habent:
511 1861 577 1918 quae
592 1842 765 1915 intermissi
779 1845 862 1903 ἁπλᾶς
872 1841 934 1899 sive
943 1844 1120 1918 nerle-spinas
1130 1860 1196 1899 esse
1210 1838 1387 1919 perfectissi-

239 1938 302 1979 mas
322 1940 439 1981 necesse
453 1934 507 1980 est,
549 1921 653 1987 Qualis
668 1935 698 1980 et
711 1923 740 1979 in
754 1922 871 1999 reliqua
879 1923 988 1999 ubique
1001 1921 1192 1999 dispositione
1206 1934 1264 1980 cst.
1302 1918 1387 1985 Quod

241 2000 278 2059 ad
297 2000 453 2060 dictionem
472 2014 578 2073 autem,
592 2003 658 2080 quis
680 2004 807 2087 negabit,
823 2002 959 2080 quaedam
979 2022 1042 2061 esse
1064 2003 1094 2060 in
1115 2001 1231 2069 Plauto,
1247 2022 1318 2079 quse
1338 2018 1386 2058 nec

240 2079 337 2143 locum
352 2095 437 2141 extra
450 2102 576 2152 scenam,
592 2104 685 2160 neque
700 2105 786 2143 usum
799 2084 945 2142 nisiinter
965 2081 1120 2141 histriones
1134 2083 1268 2142 habent?
1305 2079 1384 2139 Unde

241 2163 304 2223 soto
319 2176 348 2221 et
362 2164 471 2241 exiguo
488 2163 594 2223 theatri
615 2164 727 2223 ambitu
747 2164 1032 2223 circumscribuntur.
1075 2163 1152 2221 Nam
1172 2176 1202 2222 et
1221 2168 1386 2240 ἀγωνιστικὸν

240 2242 270 2302 in
285 2245 358 2314 loro,
372 2264 466 2321 neque
481 2245 575 2303 minus
587 2250 724 2322 γραφικὸν,
740 2245 802 2303 sive
816 2245 955 2304 usitatum
968 2245 997 2302 in
1012 2244 1167 2302 scribendo
1181 2244 1383 2311 characterem,

239 2322 326 2404 longe
341 2325 504 2384 excedunt:
527 2346 585 2403 quo
595 2326 704 2403 ubique
719 2345 804 2391 nova,
816 2325 917 2403 etjam
928 2324 1089 2395 emendata,
1102 2325 1221 2402 respicit
1232 2321 1382 2383 comoedia.

241 2402 343 2471 Quare
356 2404 453 2465 Varro
469 2427 535 2465 curn
549 2407 691 2465 sermonis
709 2406 826 2465 laudem
847 2405 889 2464 illi
902 2406 1014 2475 tribuit,
1029 2405 1107 2465 idem
1128 2405 1207 2482 quod
1230 2404 1339 2481 ubiqne
1358 2402 1384 2458 in

240 2486 365 2565 scriptis,
378 2488 479 2564 quanti
492 2488 601 2546 laceret
613 2487 826 2565 antiquitatem,
837 2486 1006 2565 profitetur:
1028 2485 1122 2564 utqui
1134 2492 1167 2545 πὸ
1179 2487 1381 2562 ἀπηρχαιωμένα,

240 2586 307 2643 quae
323 2567 352 2625 in
364 2566 470 2626 Plauto
484 2568 590 2645 partim
605 2588 701 2628 aevum
716 2588 775 2645 quo
795 2568 861 2626 haec
882 2567 1007 2645 scripsit,
1023 2568 1129 2644 partim
1148 2587 1217 2643 quae
1239 2566 1382 2645 plerisque

239 2642 345 2725 placei,
361 2648 423 2725 ipsa
436 2647 530 2711 desita
543 2662 665 2709 excusat
679 2648 844 2726 antiquitas,
860 2646 1052 2707 commendat.
1096 2644 1181 2705 Unde
1200 2660 1232 2706 et
1256 2647 1319 2724 ipse
1336 2641 1381 2720 qui

240 2730 282 2787 sic
291 2728 443 2806 judicavit,
454 2742 487 2787 ut
497 2730 617 2789 nimium
630 2728 812 2807 antiquitatis
826 2729 857 2786 in
871 2727 1026 2787 scribendo
1036 2727 1193 2795 studiosus,
1206 2746 1303 2804 neque
1316 2723 1381 2783 satis

240 2810 297 2869 aevi
317 2809 361 2867 sui
379 2829 499 2878 memor,
514 2809 609 2869 Varro
623 2812 660 2869 ab
674 2810 801 2887 antiquis
814 2809 923 2868 criticis
934 2822 1061 2867 notatur.
1104 2808 1248 2874 Quicum
1263 2805 1383 2867 sentiant

240 2890 291 2959 sic,
304 2889 514 2967 judicentque;
537 2892 621 2949 nobis
636 2891 686 2967 qui
700 2892 738 2949 ab
758 2889 814 2948 illis
834 2891 938 2948 merito
952 2889 1120 2967 pendemus,
1136 2888 1274 2965 equidem
1289 2901 1381 2973 meen-

238 2968 309 3029 dum
331 2990 406 3029 reor.
448 2971 562 3034 Auctor
580 2971 617 3031 de
634 2972 729 3030 causis
749 2970 924 3049 eloquentiae
945 2985 1109 3048 corruptae:
1131 2968 1282 3027 Neminem
1300 2984 1381 3025 nomi·

239 3050 329 3121 naim
349 3071 439 3130 genus
461 3051 599 3111 limninum
621 3051 750 3131 signasse
771 3060 931 3110 amnentur:
953 3048 1004 3109 aed
1023 3049 1099 3111 uobis
1122 3050 1218 3129 utique
1241 3053 1381 3107 natantur

239 3141 305 3191 onte
317 3134 419 3201 oculos,
434 3131 481 3211 qui
494 3131 632 3191 Lucilium
648 3152 703 3211 pro
716 3132 848 3201 Horatio,
863 3141 889 3189 et
903 3130 1062 3189 Lucretium
1072 3150 1128 3210 pro
1144 3130 1266 3209 Virgilio
1280 3129 1380 3206 tegant,

253 3274 254 3277 ,
277 3212 338 3271 ilua
349 3212 505 3291 eloquentia
519 3213 559 3271 tui
567 3212 675 3291 Aufidii
689 3213 786 3281 Batti,
797 3222 848 3272 out
858 3212 972 3271 Seruilii
982 3210 1117 3281 Noniani,
1132 3206 1382 3289 extemporum

239 3232 370 3352 diaeum
386 3303 436 3352 out
454 3292 713 3373 Vetrasinsordet.
755 3292 846 3363 Quod
863 3312 902 3351 ex
923 3294 1045 3353 vocibus
1063 3292 1190 3369 antiquis
1206 3302 1300 3370 patet,
1314 3303 1379 3364 quas

238 3394 278 3433 ex
300 3373 380 3433 libris
405 3373 468 3453 ejus
492 3375 585 3435 critici
605 3374 750 3453 legerunt,
764 3395 830 3433 cum
853 3394 912 3433 non
931 3394 1026 3452 pauca
1045 3373 1103 3433 alia
1125 3393 1164 3431 ex
1184 3371 1304 3450 scriptis
1321 3365 1379 3444 ejus

238 3454 298 3533 peti
326 3456 447 3533 possint.
490 3454 620 3533 Ideoque
647 3454 762 3523 Cicero,
789 3454 840 3533 qui
868 3454 905 3513 de
932 3455 1029 3514 aetatis
1055 3475 1117 3516 suae
1143 3467 1174 3513 et
1199 3468 1335 3539 sermone
1352 3454 1380 3503 et

239 3548 391 3595 venustate
405 3536 532 3595 maxima
544 3556 609 3595 cum
625 3557 694 3595 cura
708 3535 870 3614 judicabat,
883 3535 999 3594 laudem
1021 3535 1095 3594 hanc
1109 3534 1250 3593 Terentio
1263 3543 1379 3617 cessisse

238 3616 344 3678 merito
370 3616 550 3694 pronunciat.
594 3616 642 3676 Sic
665 3617 743 3675 enim
767 3616 803 3675 ad
831 3616 983 3674 Atticumr
1011 3614 1130 3674 Secutus
1153 3635 1223 3684 aum,
1247 3632 1302 3671 noa
1322 3606 1379 3695 tlte?

241 3696 404 3765 Coecttiam,·
427 3696 517 3756 Mane
541 3710 574 3756 ut
600 3718 638 3757 ex
662 3710 749 3777 portu
774 3698 803 3755 in
827 3696 991 3755 Piraeeum:
1011 3695 1103 3755 mahta
1125 3696 1198 3755 enim
1218 3690 1378 3777 Latinitttl}s

238 3788 336 3837 auctor
355 3788 415 3836 est:
438 3777 488 3836 aed
510 3778 675 3847 Terentium,
690 3780 769 3856 eujus
780 3776 906 3856 sobellae
921 3786 1039 3856 propter
1052 3776 1224 3856 elegantiam
1241 3784 1378 3834 mareau,

234 3858 412 3937 pandantur
425 3880 444 3916 a
458 3857 551 3917 Laelio
564 3858 667 3917 scribi:

378 3985 445 4039 Heri
457 3986 559 4058 aliquot
571 3984 763 4042 adolescentuli
776 3984 879 4039 coimus
890 3984 920 4038 in
931 3982 1071 4039 Fuscum.

238 4108 278 4166 Et
292 4107 411 4166 Servius
425 4107 602 4185 proprietate
618 4106 733 4165 caeteris
747 4106 938 4185 praepositum
952 4106 1030 4165 hunc
1044 4119 1137 4165 notat.
1171 4104 1255 4164 ldem
1269 4101 1305 4161 de
1317 4110 1375 4179 stu:

239 4189 345 4256 tentiis,
360 4208 434 4265 quas
448 4194 559 4248 διανοίας
573 4201 687 4257 vocant,
703 4186 829 4265 judicari
847 4200 954 4266 potest.
997 4186 1108 4247 Omnes
1122 4187 1199 4244 enim
1213 4186 1275 4244 lere
1289 4176 1375 4268 P1J¹¹f¹

238 4282 269 4328 et
289 4274 420 4343 depellant
441 4282 517 4338 sunt,
532 4282 562 4327 et
586 4270 624 4328 ab
646 4288 702 4327 usu
723 4268 836 4336 alienae,
859 4268 960 4346 quales
982 4269 1092 4346 passim
1110 4268 1207 4327 habet.
1249 4264 1374 4341 lnpnnus

238 4371 304 4419 curn
318 4349 540 4431 philosophatur
554 4358 594 4409 καὶ
608 4355 780 4428 γνωμοπνποῖ.
823 4348 867 4407 Ut
880 4368 968 4407 ecce:

377 4460 506 4515 lasanum
517 4471 558 4518 est
569 4462 681 4527 malum,
694 4459 724 4514 in
735 4458 885 4529 hospitium
896 4458 997 4514 divorti
1007 4456 1043 4514 ad
1053 4457 1226 4530 Cupidinum.
