2834 4759
231 208 255 274 ii
644 202 970 273 DEDICA'I'IO.

235 379 321 447 sorte
336 397 406 445 rrsr
420 378 555 464 probari
568 380 774 459 audivissem,
790 400 869 457 rus,
881 400 941 445 vus
956 396 1169 456 suavissimi,
1183 378 1385 455 auctoritate,

235 520 310 585 quae
323 498 413 583 apud
427 520 536 563 omnes
551 498 689 564 maxima
710 510 774 577 est,
790 500 867 563 setis
883 496 1114 563 defenderetur
1127 518 1167 562 ec
1181 496 1385 562 confirmare-

235 627 299 683 tur.
339 615 417 682 Huc
431 616 568 683 accersit
582 615 645 681 alia
659 639 769 695 censs,
784 639 857 682 mea
870 615 1002 701 quidem
1017 616 1176 681 sententia
1189 614 1279 681 haud
1292 616 1384 694 levis,

235 758 309 822 quse
323 758 373 801 me
388 734 508 801 adhoc
524 736 673 801 invitaret
695 735 872 801 consilium.
916 734 999 800 Cum
1012 734 1097 801 enim
1112 734 1185 800 olim
1201 756 1280 813 rus,
1295 756 1385 800 nnm-

236 874 367 919 cnrron
386 873 609 932 rinnnrssrna,
633 853 804 940 disciplina
826 875 932 918 essem
954 875 1046 931 usus,
1067 863 1101 918 et
1120 875 1224 937 usqne
1247 854 1385 939 posthac

234 972 494 1059 prudentissimis
517 991 591 1037 rurs
613 970 753 1037 consiliis
776 982 811 1039 et
832 972 1012 1058 patrocinio
1031 971 1164 1057 adjutus
1184 983 1218 1038 et
1238 972 1386 1038 subleva-

235 1101 308 1157 tus:
331 1090 426 1155 animi
452 1090 537 1176 grati
561 1112 634 1155 esse
658 1088 705 1174 (et
727 1089 815 1155 hunc
839 1090 983 1176 inprimis
1010 1100 1138 1176 spectes
1161 1089 1268 1175 velim)
1294 1091 1384 1168 duxi,

236 1207 324 1277 hunc
338 1226 414 1275 rum
427 1208 636 1275 institutionis
652 1206 804 1287 fructum,
817 1209 874 1295 qui
887 1208 956 1275 fere
970 1209 1094 1296 primus
1108 1232 1129 1273 a
1142 1229 1194 1275 me
1208 1209 1262 1275 edi
1275 1209 1386 1274 existi-

237 1327 374 1394 mandus
389 1337 451 1405 est,
466 1324 668 1393 offerendum
682 1349 754 1393 esse
770 1348 853 1406 rrnr,
867 1338 916 1406 ut,
933 1328 959 1392 si
979 1329 1085 1394 bonus
1100 1338 1198 1405 esset,
1215 1349 1292 1393 rurs
1308 1327 1386 1392 fidei

238 1456 392 1533 acceptus
406 1444 594 1523 referretur,
606 1456 674 1524 aut,
686 1446 714 1510 si
728 1446 928 1524 immaturus,
943 1470 964 1511 a
978 1467 1023 1512 ra
1036 1447 1261 1533 castigaretur.
1285 1446 1385 1521 Quod

239 1567 357 1633 sivero
378 1574 412 1631 et
431 1565 465 1629 in
484 1576 651 1651 posterum
665 1584 733 1629 rna
747 1586 838 1644 cura,
854 1584 1014 1629 rannone
1028 1584 1167 1644 orrrmr,
1181 1586 1234 1631 me
1253 1565 1387 1652 dignum

235 1682 452 1772 judicaveris:
475 1682 622 1769 profecto
636 1706 702 1749 non
716 1682 837 1749 stustra
849 1682 1076 1750 inlitteratum
1095 1682 1255 1750 curriculo
1274 1682 1386 1748 alsisse

239 1826 278 1870 ac
298 1804 434 1869 sudasse
453 1822 504 1869 me
523 1803 726 1868 existimabo.
771 1801 945 1887 Equidem,
960 1802 1158 1867 sanctissime
1179 1802 1336 1867 confirmo
1355 1810 1388 1866 et

239 1920 405 2011 polliceor,
421 1943 546 1987 omnem
560 1943 670 1987 curem
689 1942 728 1987 ac
746 1918 944 2005 diligentiam
963 1920 1138 1999 adhibebo,
1154 1943 1195 1986 ne
1211 1941 1278 1986 rus
1295 1921 1387 1985 disci-

239 2040 327 2127 plina
342 2051 375 2107 et
389 2040 514 2107 caeteris
528 2039 693 2105 beneficiis
714 2038 866 2125 indignus
883 2039 1045 2125 reperiam
1069 2050 1167 2126 atque
1182 2041 1210 2105 si
1224 2042 1291 2105 non
1305 2063 1342 2104 re
1355 2050 1387 2103 et

239 2158 346 2245 palam
368 2169 496 2246 gratum
518 2158 658 2223 animum
681 2156 847 2223 declarare
870 2168 1021 2243 potuero,
1043 2169 1132 2224 certe
1151 2159 1307 2244 precibus
1329 2181 1387 2244 pro

241 2300 319 2358 rus,
336 2298 447 2343 suurn
470 2296 585 2341 suumn
600 2294 837 2354 vrrrnsenrs,
852 2275 1036 2343 valetudine
1054 2288 1145 2342 recta
1163 2288 1200 2343 et
1220 2286 1386 2344 senectute

106 2410 114 2419 '
240 2397 369 2485 placida
396 2395 478 2463 clam
508 2396 664 2497 faciendis
694 2395 769 2461 Deo
799 2418 851 2461 me
878 2416 937 2461 rur
967 2396 1237 2462 studiosissimum
1264 2410 1300 2463 et
1328 2398 1387 2463 rei·

240 2512 380 2603 publice
394 2512 644 2580 amantissimum
656 2516 796 2601 probare
810 2512 964 2580 studebo.
1003 2512 1099 2594 Vale,
1114 2526 1149 2581 et
1162 2516 1197 2580 in
1209 2514 1386 2583 litterarum

240 2632 399 2704 bonrrmn
412 2632 550 2703 salutem
563 2630 633 2699 vale
647 2630 840 2711 diutissime,

541 2806 604 2876 Vir
623 2804 805 2893 magnifiee,
827 2817 925 2891 atque
946 2827 1069 2873 summe

669 2978 873 3059 venerandis,
893 2980 954 3046 tibi
975 2978 1224 3060 eddictissimus,

895 3166 964 3236 JO.
986 3168 1094 3239 CAR.
1118 3170 1346 3239 ZEUNIUS.
