2834 4759
439 579 810 642 ARGUMENTUM.

76 709 219 758 (Σιιιιιιι
229 709 338 770 Atticus,
348 717 419 776 pater
429 709 551 761 Pasibuloe
560 723 585 760 et
597 709 756 769 Philumene,
764 723 822 758 ctnn
833 723 864 758 es
874 707 915 758 bis
925 707 1020 758 dtisbns
1030 723 1058 758 se
1066 707 1206 760 l’ssibnlam

35 786 172 848 perdidisse
181 785 247 836 islso
256 785 375 844 crederet,
384 787 494 836 relicum
505 787 618 846 Athenis,
630 803 675 836 nec
685 787 765 836 vissm
775 796 862 850 postes
871 785 950 834 multo
961 797 1078 852 tempore,
1089 795 1206 850 tauquam

37 863 131 911 unicam
142 863 193 912 sibi
206 864 314 928 putabat
328 863 507 924 Philumenen,
523 879 595 927 quam
610 863 733 912 cmrinu·
747 862 890 912 adolescens
906 863 1066 913 Atheniensis
1078 863 1207 914 sdsmsbst

36 939 113 997 unice,
125 949 152 988 et
165 939 216 989 sibi
229 941 332 1004 petebat
342 955 452 990 tuorem.
486 941 535 990 Sed
545 949 614 1004 pater
625 955 678 990 essu
690 939 822 1004 Pamphilo
831 939 937 998 cuidam,
949 939 1057 990 dimonis
1068 939 1127 999 atto,
1141 940 1207 990 ultro

33 1016 212 1081 dapmsderst:
232 1016 277 1080 qni
289 1017 434 1082 Pamphilus
444 1027 531 1067 contra
539 1033 647 1068 sororem
658 1016 794 1082 Chrysidis,
805 1032 834 1066 sc
845 1017 1001 1082 peregrinsm
1014 1029 1066 1066 tum
1076 1017 1206 1076 medinm,

36 1093 177 1142 Pssibnlam
189 1093 378 1159 supradictam,
390 1094 492 1143 altenm
503 1094 641 1144 Chremetis
652 1093 736 1152 stim,
748 1094 795 1142 sub
806 1092 905 1142 nomine
916 1093 1033 1158 Glycerii,
1049 1093 1155 1143 latentes
1169 1094 1206 1144 sic

36 1171 130 1227 emerit.
144 1180 175 1219 ut
187 1186 222 1219 ex
234 1186 266 1219 ea
277 1170 355 1220 tilium
366 1170 515 1235 siucepisset
524 1171 601 1220 inscio
615 1181 692 1236 patre.
726 1169 783 1225 Qus
794 1185 822 1218 re
837 1168 970 1228 intellecta,
985 1179 1121 1220 omnmotus
1136 1169 1206 1219 Simo

35 1260 101 1310 puter
111 1246 252 1313 Pamphili,
261 1246 322 1296 dum
330 1263 376 1312 per
385 1247 457 1296 islsss
468 1249 567 1312 nuptias
575 1253 653 1297 tentet
662 1247 772 1296 animum
782 1245 913 1309 Pamphili,
923 1245 1007 1295 multis
1017 1245 1098 1296 modis
1106 1262 1123 1295 ι
1133 1246 1206 1296 Davo

36 1323 85 1386 ipse
95 1323 229 1374 deluditur
241 1339 326 1382 serso:
343 1323 500 1388 periculoque
511 1324 613 1374 Charini
624 1334 649 1372 st
660 1321 786 1387 Pamphili
801 1331 883 1372 motus
898 1337 966 1372 error
980 1322 1008 1372 in
1025 1323 1114 1382 hbuit,
1129 1337 1207 1386 usque

37 1399 65 1447 ad
75 1416 130 1449 eum
143 1401 226 1450 linem
240 1400 329 1449 ductus
339 1409 384 1460 est,
398 1400 457 1449 dum
472 1401 582 1450 Atheus:
594 1400 697 1449 veniens
712 1397 823 1449 Andrius
834 1399 934 1464 quidam
949 1400 1020 1449 Crito
1034 1416 1088 1450 rem
1104 1400 1206 1466 aperiet,

36 1489 59 1525 et
69 1478 161 1527 rubum
174 1477 271 1526 fabulae
281 1477 373 1526 solvet:
391 1493 436 1542 per
447 1493 519 1541 quem
532 1477 615 1541 sgnitn
628 1475 742 1526 Pasibula
753 1474 873 1540 recipitur
883 1476 1057 1540 aperemibus,
1067 1485 1093 1526 et
1101 1477 1208 1528 traditur

38 1554 165 1618 Pamphilo
175 1553 291 1603 amanti:
309 1553 458 1602 Philumena
467 1570 526 1604 sero
537 1553 645 1603 Cbrtino
654 1553 829 1618 despondetur,
840 1563 866 1602 et
878 1553 982 1604 trsditur
993 1553 1127 1618 exoptanti.
1146 1553 1205 1604 Per·

36 1641 116 1694 specto
127 1639 283 1695 argumento
294 1629 357 1678 scire
368 1631 485 1679 debemus
495 1630 558 1680 banc
570 1645 624 1680 esse
635 1629 753 1680 virtutem
763 1631 894 1696 poeticum,
904 1639 934 1679 ut
948 1644 964 1678 ι
977 1630 1119 1680 novissimis
1132 1645 1208 1696 argu·

36 1707 109 1756 menti
119 1709 199 1757 rebus
211 1706 345 1770 incipiens,
356 1705 455 1755 initium
464 1705 551 1756 fabula
560 1717 585 1756 et
595 1707 717 1772 originem
725 1707 849 1757 nuntius
858 1707 945 1756 reddat
952 1707 1138 1773 spectstorihm,
1146 1723 1205 1758 suc·

37 1795 162 1847 torusque
172 1794 327 1848 prasentem
339 1782 386 1832 sibi
398 1783 519 1842 exhibeat,
530 1783 573 1834 ubi
583 1783 642 1834 linis
652 1795 690 1834 est
701 1783 796 1834 nm
830 1785 908 1835 Hunc
918 1785 985 1834 enim
996 1785 1080 1834 orben:
1090 1795 1116 1834 st
1125 1785 1206 1835 circu·

36 1861 84 1910 lum
95 1863 205 1928 poetice
217 1861 318 1910 sumtis
329 1876 379 1910 non
391 1860 463 1910 modo
473 1861 551 1911 secuti
566 1872 624 1911 sunt
640 1860 727 1926 tragici
739 1860 876 1924 comiciqus
888 1870 1008 1921 emtores,
1022 1862 1067 1911 sed
1082 1861 1207 1913 Homerus

37 1939 107 1987 etism
118 1951 145 1988 et
157 1937 287 2002 Virgilius
298 1946 437 1986 tenuerunt.
465 1937 618 1987 Divisionem
629 1947 729 1988 sctuum
738 1938 766 1986 in
777 1937 874 1987 hstinis
884 1937 973 1987 fabulis
983 1937 1150 1988 internoscere
1158 1938 1207 1988 dit-

38 2015 97 2064 ficile
109 2027 163 2066 est:
182 2031 287 2066 causent
298 2015 443 2077 jamdudum
454 2016 681 2068 demonstravimus.
716 2017 789 2066 Unde
799 2027 890 2077 sutem,
901 2025 944 2066 sut
954 2017 1083 2081 qtsomodo,
1096 2017 1208 2082 quamvis

38 2107 106 2154 agre,
117 2102 208 2142 tamen
219 2091 328 2156 intelligi
339 2091 505 2156 distinguique
515 2092 618 2158 possint,
634 2103 671 2143 est
686 2109 768 2158 operm
782 2092 890 2158 pretium
903 2093 993 2142 dicen.
1027 2094 1153 2159 Principio
1168 2094 1207 2144 di·

38 2170 139 2218 cendum
157 2179 207 2228 est,
220 2168 315 2217 nullam
332 2184 461 2232 personam
477 2185 600 2232 egressam
617 2169 754 2234 quinquies,
771 2169 837 2220 ultre
854 2169 923 2220 exire
942 2186 1021 2235 posse.
1055 2171 1105 2219 Sed
1123 2171 1165 2220 illa
1178 2187 1206 2220 re

39 2245 182 2310 plerumque
201 2245 348 2310 decipimur,
364 2245 429 2309 quod
443 2261 580 2311 personam,
597 2262 653 2296 cum
668 2247 779 2306 ιιοιιιίι,
791 2261 914 2310 egressum
928 2247 990 2296 islso
1005 2256 1135 2310 putamus:
1152 2263 1208 2311 que

39 2322 200 2372 nibilominm
212 2321 239 2370 in
251 2321 382 2386 proscenio
392 2331 476 2371 tacens
486 2322 601 2385 loquendi
612 2333 709 2388 tempus
721 2332 855 2388 exqsectst.
889 2323 936 2372 Est
950 2321 1027 2387 igitur
1043 2331 1136 2372 attente
1151 2323 1206 2372 sni·

39 2399 253 2457 witmundum,
266 2398 308 2447 ubi
321 2409 346 2446 et
356 2397 453 2462 quando
464 2414 539 2448 scens
549 2415 625 2449 vscus
637 2399 670 2449 sit
680 2401 712 2450 ab
722 2399 837 2450 omnibus
851 2399 971 2466 personis,
983 2410 1012 2451 ut
1025 2398 1053 2450 ia
1067 2415 1097 2450 es
1109 2401 1208 2460 ebonis,

39 2477 75 2525 rel
90 2478 186 2528 tibicen
204 2477 288 2526 audiri
307 2476 398 2540 possit:
421 2477 485 2540 quod
502 2493 577 2542 quum
594 2477 736 2536 viderimus,
752 2477 788 2526 ibi
805 2487 889 2527 sctum
906 2492 960 2527 esse
975 2477 1074 2527 dnitum
1089 2477 1208 2528 debent!

38 2569 177 2617 agnoscere.
213 2553 353 2604 confundit
363 2569 429 2618 sepe
444 2554 560 2607 lectorem
576 2555 610 2614 id,
622 2555 686 2618 qnod
700 2569 806 2620 pmsons
817 2552 845 2604 iu
860 2553 982 2620 superiori
994 2569 1069 2605 scens
1083 2553 1207 2616 desinens,

39 2643 62 2680 et
76 2631 101 2680 in
117 2632 239 2698 proxima
256 2630 377 2695 incipiens
393 2630 467 2694 loqui,
483 2647 534 2681 non
550 2631 697 2696 intelligitur
713 2632 842 2695 ingressa:
869 2632 935 2695 quod
953 2632 1035 2697 ipsum
1051 2631 1208 2697 experientes

39 2709 118 2758 statim
129 2707 275 2772 dijudicent
285 2708 317 2756 de
327 2723 409 2756 rerum
421 2723 449 2756 ac
461 2717 598 2774 temporum
610 2709 761 2773 quontitste:
778 2717 861 2773 potest
872 2708 938 2757 enim
954 2707 1017 2768 deri,
1033 2717 1063 2757 ut
1077 2718 1103 2757 et
1118 2708 1152 2757 sit
1167 2707 1207 2758 in·

39 2801 119 2848 gressu
130 2803 160 2835 ac
172 2800 284 2849 egressa,
297 2799 369 2847 quern
380 2799 456 2848 prove
473 2785 595 2835 credimus
607 2785 637 2835 de
648 2785 778 2850 proscenio
793 2801 843 2834 non
860 2784 997 2834 recessisse.
1031 2785 1108 2834 Posse
1123 2793 1208 2834 sutem

39 2862 122 2926 qtn'nto
133 2863 222 2928 egredi
237 2877 377 2927 personam,
395 2877 444 2911 nou
462 2871 487 2911 et
501 2879 601 2912 necesse
615 2877 668 2911 esse
683 2862 796 2920 dicimus,
813 2870 842 2911 ut
857 2871 976 2926 appareat
993 2861 1059 2910 ultre
1071 2861 1140 2910 exire
1156 2876 1208 2910 non

39 2955 121 3004 poue:
147 2940 177 2988 in
198 2937 333 3002 Tragoedis
349 2947 375 2987 et
388 2937 486 3002 parcius
499 2939 574 3000 crire,
590 2948 616 2988 et
628 2939 708 2989 solere
722 2939 816 3004 pariter
830 2948 856 2988 et
867 2938 949 2988 licere.
983 2937 1082 2988 Primus
1095 2949 1165 2988 nctus
1179 2937 1208 2988 in

39 3021 131 3070 Andria
148 3019 324 3070 narrationem
341 3019 448 3070 Simonis
463 3019 529 3084 apud
546 3019 641 3069 Sosiam
658 3019 770 3068 continet
787 3018 940 3083 argumenti:
958 3018 1023 3082 quod
1037 3019 1143 3084 populus
1160 3018 1208 3068 bso

40 3099 165 3148 soessinnc
176 3095 302 3163 perdiscit
312 3111 370 3144 mox
381 3097 505 3160 querelam
516 3097 581 3161 spud
593 3111 619 3146 se
632 3097 697 3146 Dori
708 3097 741 3146 de
751 3096 859 3155 donnino,
871 3104 897 3144 et
913 3095 1022 3159 ejusdem
1036 3109 1092 3144 cunt
1107 3094 1208 3146 domino

40 3177 124 3226 verbs:
143 3187 171 3225 et
181 3189 271 3224 nurus
283 3173 393 3237 ejusden:
404 3174 467 3223 serui
480 3173 680 3224 deliberationem
691 3172 750 3238 quid
761 3188 844 3222 rerum
854 3181 931 3236 geret.
957 3171 1064 3220 Secundi
1075 3180 1144 3222 actus
1154 3171 1208 3222 bec

40 3263 108 3302 sunt:
125 3252 235 3302 Cbsrini
247 3252 322 3300 verba
332 3251 413 3316 primo
424 3267 480 3300 cunr
492 3250 596 3316 Byrrbin
607 3265 685 3309 serso,
698 3259 790 3315 etpost
801 3265 857 3298 cum
868 3249 923 3313 ipso
933 3247 1061 3312 Pamphilo
1070 3248 1101 3297 de
1112 3249 1208 3313 nuptiis

41 3329 209 3379 Phnoum:
230 3329 297 3377 Duri
312 3328 474 3386 interventis,
487 3338 512 3377 et
523 3343 579 3376 cum
590 3343 620 3375 eo
631 3325 766 3391 disputatio
777 3325 808 3375 de
819 3325 914 3389 nuptiis
928 3323 1065 3390 Pamphili:
1085 3324 1208 3390 Pamphili

40 3421 117 3456 termo
127 3423 187 3456 cum
199 3415 280 3470 pun-e,
292 3405 348 3453 dolo
358 3403 535 3454 consentientis
548 3404 575 3453 in
587 3403 700 3469 nuptiss:
720 3403 832 3468 llyrrhioe
844 3403 930 3452 verbs:
949 3401 1014 3452 Dari
1025 3401 1113 3452 callida
1128 3403 1207 3452 cretio

41 3483 168 3534 adversum
178 3497 274 3532 senem
298 3481 383 3532 'lertio
394 3482 460 3531 actui
471 3481 523 3530 buc
534 3480 714 3530 attribuuntur:
728 3479 834 3544 Mysidis
845 3495 901 3528 cum
911 3479 1041 3528 obstetrice
1050 3479 1206 3550 colloquium,

43 3558 111 3608 Davo
127 3576 158 3609 sc
176 3559 281 3608 Simone
298 3557 469 3608 audientibus:
495 3567 581 3622 partus
597 3555 706 3621 Glycerii
723 3570 852 3622 suspectus
868 3556 930 3615 seni,
947 3565 972 3604 et
990 3555 1055 3604 Dari
1070 3556 1137 3620 apud
1152 3570 1211 3605 eum

42 3635 198 3688 fraudulente
208 3636 396 3686 sermocinatio:
415 3635 523 3685 Simonis
533 3637 609 3686 rerba
619 3648 675 3682 cum
687 3633 819 3682 Chremete
830 3632 861 3682 de
872 3631 982 3697 nuptiis:
1001 3631 1066 3680 Dari
1076 3634 1206 3696 perturbe-

43 3713 75 3762 tio
85 3729 113 3763 sc
126 3713 262 3778 Pamphili.
295 3713 417 3769 Quartum
429 3721 510 3762 acuum
521 3727 566 3777 per
581 3713 634 3762 bec
652 3714 828 3778 intelligimus:
846 3713 928 3779 prims
941 3713 1044 3762 Charini
1059 3714 1134 3763 verbs
1148 3723 1209 3762 sunt

43 3789 202 3855 icffigmnds,
221 3789 288 3839 velut
304 3790 379 3840 iidem
396 3789 442 3838 sihi
460 3804 509 3839 non
525 3799 647 3840 serratim
663 3805 679 3839 s
695 3791 839 3856 Pamphilo:
864 3801 917 3839 tum
931 3789 1037 3854 Mysidis
1054 3790 1129 3838 verbs
1141 3789 1207 3854 spnd

45 3867 208 3934 Pmpbilum,
221 3867 377 3930 ejusdemque
389 3877 502 3929 questus:
521 3866 586 3916 Davi
596 3865 777 3917 sdministratio
788 3866 839 3916 doli
849 3867 967 3916 adversus
977 3867 1141 3915 Chremetem.
1175 3867 1209 3915 ln

44 3945 127 4006 quinto
141 3953 215 3993 actu:
234 3942 340 3993 Simonis
354 3953 380 3992 et
393 3942 531 3992 Chremetis
543 3958 621 4007 prope
633 3944 745 4008 iurgium
760 3942 908 4009 disputatio:
927 3956 980 3992 tum
993 3941 1099 3992 detectio
1113 3941 1207 3991 fallaci·

43 4035 111 4070 uum
127 4018 211 4070 Duri:
235 4029 285 4068 tum
300 4018 441 4082 indignatio
458 4019 535 4082 patris
550 4020 666 4070 adversus
685 4020 776 4070 lilium:
803 4030 855 4069 tunt
870 4019 979 4068 Critonis
995 4019 1164 4068 interventus:
1182 4030 1209 4069 et

43 4117 86 4165 per
96 4115 154 4150 eun:
165 4098 272 4162 cognitis
282 4101 357 4148 rebus
370 4098 396 4148 in
409 4099 566 4162 tranqusslunr
581 4113 621 4148 res
637 4107 698 4156 acts,
715 4097 862 4147 ducentibus
876 4111 975 4154 uxores,
987 4110 1048 4159 ques
1059 4097 1207 4162 concupive-

43 4191 103 4234 mnt.
115 4175 248 4241 Pamphilo
258 4187 282 4224 et
294 4175 413 4225 Charino.
445 4175 510 4225 Illud
521 4191 571 4224 non
582 4190 736 4224 commovere
747 4189 792 4224 nos
802 4173 884 4232 debet,
896 4173 961 4237 quod
971 4173 998 4222 in
1009 4172 1098 4222 horum
1108 4185 1209 4227 actuum

40 4253 199 4303 distinctim
210 4253 324 4302 ridentur
336 4253 368 4302 de
380 4253 509 4317 proscenio
523 4268 573 4302 non
590 4251 732 4302 discessisse
747 4266 860 4316 person:
869 4250 995 4315 quasdam
1012 4248 1056 4299 sed
1067 4258 1152 4301 tenere
1163 4253 1207 4302 de·

41 4329 132 4388 bemus,
143 4330 204 4378 ideo
215 4329 361 4378 Terentium
372 4327 506 4380 vicinitatis
517 4329 666 4378 mentionem
679 4328 766 4378 iecisse
776 4328 804 4378 in
815 4325 946 4392 principio,
955 4335 983 4374 ut
994 4326 1090 4375 modico
1105 4339 1208 4394 receptu

42 4417 65 4453 et
75 4409 161 4458 ndens
173 4417 201 4456 et
210 4407 294 4457 abesse
306 4421 438 4472 personam
450 4406 621 4472 intelligamus.
656 4405 726 4454 Nibil
737 4421 796 4471 ergo
807 4419 878 4455 secus
889 4404 979 4454 tectum
995 4411 1033 4453 est
1046 4405 1079 4453 ab
1091 4404 1207 4468 ationis,

43 4485 82 4547 qni
93 4486 124 4535 sd
136 4485 203 4536 bunc
215 4484 314 4536 modum
326 4483 488 4535 Terentianus
500 4485 593 4536 fabulas
607 4483 751 4534 diviserunt.
