2834 4759
226 792 542 885 ELOGIA
591 794 997 884 VETERUM

362 1012 432 1077 nn
462 1010 568 1078 eun.
596 1009 865 1079 rensuum.

243 1373 371 1451 Varro,
388 1374 608 1453 Parmenone3
630 1372 761 1441 Nonius
774 1374 809 1437 iii
823 1372 976 1439 Poscere.

43 1468 75 1536 lii
87 1478 266 1557 argumentis
282 1475 422 1537 Caecilius
437 1478 533 1556 percit
546 1476 691 1557 palmam3
714 1477 744 1537 in
757 1476 871 1537 etheriu
882 1475 1060 1547 Terentiura
1081 1475 1113 1537 in
1126 1494 1188 1538 etc·

46 1560 158 1621 mbas
172 1560 320 1621 Plautus.

295 1652 415 1719 Cicero
429 1653 472 1718 de
487 1654 609 1739 optimo
623 1676 743 1740 genere
758 1664 932 1720 oratorum.

78 1756 106 1815 In
121 1778 150 1817 re
171 1757 265 1837 quod
287 1756 431 1834 optimum
448 1758 488 1815 eit
503 1758 662 1835 quaeritur:
684 1758 715 1817 in
729 1758 895 1817 bominibus
907 1756 1023 1827 dicitur,
1038 1755 1118 1837 quod
1129 1768 1186 1817 est.

44 1835 129 1916 Inque
147 1839 223 1899 licet
246 1837 361 1906 dicere,
382 1850 412 1895 et
431 1836 561 1896 Ennium
583 1858 730 1897 ruminum
751 1839 867 1918 epicum
886 1851 1013 1917 poetam,
1033 1839 1059 1897 ei
1079 1838 1126 1897 ciii
1146 1837 1190 1897 ita

42 1920 141 1979 ridetur
155 1944 164 1991 3
202 1932 237 1980 et
268 1918 432 1977 Pacuvium
461 1918 603 1997 tragicum
617 1942 625 1989 ;
660 1932 691 1979 et
711 1916 863 1979 Caecilium
884 1920 1007 1979 formare
1034 1918 1188 1979 comicum.

42 1998 127 2059 Unum
144 2022 220 2060 vero
240 2014 291 2059 est
311 2019 404 2077 genui
422 1998 554 2077 perfecti,
568 2020 586 2058 a
600 2018 660 2078 quo
674 2001 726 2078 qui
739 2001 855 2070 abeunt,
868 2020 974 2079 genere
988 1998 1139 2071 differunt,
1152 2010 1188 2059 ut

42 2082 71 2139 ib
82 2081 169 2141 Accio
183 2080 365 2150 Terentius,
381 2078 433 2139 sed
446 2080 477 2139 iu
491 2080 594 2139 eodem
608 2101 665 2141 nou
679 2093 750 2141 sunt
763 2102 859 2160 pares.

532 2191 579 2256 Et
602 2191 695 2257 infra.

73 2294 160 2356 Iidem
173 2310 205 2355 et
218 2294 370 2354 Andriam
381 2304 410 2353 et
421 2292 620 2372 Synephebos,
631 2314 685 2354 nec
696 2295 793 2355 minus
803 2294 976 2355 Terentium
985 2306 1017 2354 et
1028 2292 1190 2367 circutum,

41 2394 115 2451 quein
135 2376 348 2437 Menandrum
368 2373 478 2453 legunt.
522 2374 612 2441 Quod
632 2388 678 2435 est
698 2376 787 2455 igitur
808 2397 911 2438 eorum
930 2377 962 2437 in
979 2374 1190 2436 oratiemiiure

41 2454 135 2517 Graeco
149 2456 313 2517 conversis
328 2455 485 2526 fastidium,
500 2454 614 2515 nullum
626 2476 693 2515 cuni
706 2458 745 2515 sit
758 2458 788 2517 iu
802 2458 946 2517 versibus.

371 2565 446 2632 Lib.
462 2568 514 2633 vii.
537 2567 633 2653 epist.
648 2568 680 2633 3.
705 2568 749 2632 ad
762 2566 865 2633 Attio.

74 2672 194 2733 Secutus
216 2692 299 2741 euin,
322 2690 380 2729 non
400 2670 466 2765 dieo
486 2667 648 2764 discilium,
670 2668 863 2730 Maneutex
876 2684 965 2765 portu
984 2670 1014 2729 in
1034 2668 1187 2739 Piraeeum,

41 2751 122 2811 malus
135 2755 215 2813 enini
224 2766 335 2812 auctor
344 2750 508 2810 Latinitatis
517 2765 571 2822 eet,
584 2752 636 2811 sed
647 2748 829 2821 Terentium,
842 2772 926 2831 eujus
934 2750 1060 2821 fabellae,
1070 2762 1190 2829 propter

42 2830 204 2909 elegantiam
226 2832 375 2893 sermonis
396 2832 574 2911 putabantur
587 2852 605 2890 a
619 2830 654 2890 C.
669 2830 763 2891 Laelio
777 2833 874 2902 scribi,
892 2832 968 2892 Heri
987 2830 1099 2910 aliquot
1118 2828 1190 2891 ado·

42 2910 180 2974 locentuli
195 2916 319 2975 coimus
332 2914 362 2971 iii
377 2912 532 2972 Piraeeum.

526 3008 566 3072 In
589 3006 703 3073 Laelio.

245 3111 283 3167 ln
296 3108 399 3165 Andria
410 3108 547 3165 familiaris
558 3126 636 3165 meur
647 3108 790 3164 Terentius
802 3108 878 3165 dixit.

296 3213 457 3279 Horatius
473 3212 529 3278 lib.
552 3212 659 3299 Epist.
675 3214 719 3279 ad
733 3212 931 3298 Augustum.

243 3314 358 3371 Dicitur
368 3313 465 3369 Airuni
476 3322 541 3385 toga
552 3312 709 3369 convenisse
722 3312 891 3379 Menandr03

246 3385 362 3440 Plautus
373 3382 407 3439 sd
419 3386 553 3455 exemplar
565 3384 649 3439 Siculi
679 3401 802 3455 reperere
814 3384 978 3456 Epicharmi,

243 3454 363 3511 Vincere
374 3454 499 3510 Caeeilius
510 3456 651 3526 gravitate,
689 3456 808 3510 ercntius
819 3464 894 3521 artu

244 3526 310 3581 Hui
322 3524 425 3591 ediscit,
439 3524 528 3580 ethos
539 3534 596 3581 arte
608 3527 706 3597 stipata
717 3525 824 3580 theatro

247 3594 359 3668 Spectat
371 3594 460 3651 Roma
470 3594 605 3668 irequeiir.

391 3699 529 3765 Ovidius
545 3698 600 3764 lib.
617 3700 657 3765 ii.
674 3699 845 3766 Tristiuin.

248 3800 309 3855 Nee
319 3800 388 3856 liber
399 3798 528 3855 indicium
540 3808 582 3855 ert
592 3799 675 3855 animi
685 3824 693 3866 ;
714 3799 762 3855 red
772 3799 887 3857 honesta
896 3800 1022 3857 voluntte

285 3871 403 3926 Plurima
414 3870 563 3925 mulcendis
575 3870 685 3925 ruribus
696 3880 760 3941 apta
769 3869 860 3927 refert.

245 3944 349 3995 Accius
361 3948 431 3996 esset
442 3950 537 3996 atrox:
557 3941 671 3995 conviva
682 3938 826 3996 Terentius
838 3949 923 4008 eseet3

284 4012 381 4067 Essent
395 4028 529 4083 pugnaces
540 4012 587 4083 qui
599 4012 656 4067 iera
665 4010 737 4066 beiti
747 4020 857 4066 canunt.

47 4108 50 4117 ¹
142 4114 316 4182 Vulcatius
332 4115 509 4201 Sedigitur,
525 4115 613 4201 apud
628 4112 671 4180 A.
689 4113 776 4180 Gell.
793 4114 848 4180 lib.
865 4138 920 4181 xv.
935 4139 1007 4203 cap.
1023 4116 1076 4183 24.

246 4214 355 4271 Multo·
367 4216 483 4271 incertos
496 4226 596 4271 certare
607 4215 747 4271 hencrein
758 4214 886 4283 vidimus,
1097 4230 1103 4240 ⁴

50 4392 56 4403 ·
141 4390 145 4397 ·
248 4286 863 4441 iffi-indidimus

115 4494 134 4519 Ι,
180 4497 184 4506 Ι
228 4426 821 4507 .ϋῑοοιῑηηᾳωηρῃιι,ῃὼῇωῃω,
923 4506 926 4512 ¹

612 4538 628 4578 0
