2834 4759
53 196 250 282 seruata]
509 148 778 266 inurent.
1156 197 1222 264 uu

108 334 254 402 Odium:
275 330 329 397 ille
345 330 427 396 alter
441 332 510 397 aine
524 328 636 397 labore
650 334 756 417 patria
771 333 894 418 potitur
909 332 1094 413 commodet:

106 430 205 496 illum
219 441 345 509 amant;
368 453 419 495 me
433 430 591 515 fugitant:
615 430 660 497 illi
674 432 812 499 credunt
826 430 960 499 consilia
974 432 1094 497 omnia:

104 530 202 597 illum
216 528 377 615 diligunt:
402 531 491 615 apud
506 529 594 595 illurn
611 542 687 596 aunt
701 532 817 609 ambo;
839 553 902 616 ego
918 530 1068 599 desertus
1084 552 1165 599 aum.

52 643 96 688 ’ω
107 624 203 693 Illum
213 639 250 693 ut
261 630 357 707 vivat,
368 640 497 715 optant:
512 639 730 697 meamautem
740 640 874 695 mortem
884 638 1076 715 exspectant
1085 628 1215 697 scilicet.

106 726 160 791 Ita
174 749 231 791 eoa
245 750 317 792 meo
332 727 443 792 labore
457 728 593 793 eductos
607 749 768 805 maxumo,
783 727 836 792 hic
850 727 928 793 fecit
942 749 1018 792 suos

108 823 215 890 Panlo
227 838 353 891 sumtu:
377 827 536 891 miseriam
547 849 672 892 omnem
683 848 746 911 ego
757 827 867 912 capi0;
889 826 942 890 hic
953 826 1077 913 potitur
1087 825 1216 910 gaudia.

107 923 201 1008 Age,
214 947 287 1009 aga,
301 946 387 990 nunc
402 927 607 1009 experiamur
621 936 747 1004 contra,
760 925 877 1009 ecquid
891 946 953 1009 ego
968 924 1108 1009 possiem

109 1022 239 1089 Blande
255 1024 374 1102 dicere,
390 1036 448 1088 aut
462 1026 602 1110 benigne
617 1025 735 1101 facere,
749 1023 881 1108 quando
895 1021 959 1088 hoc
973 1033 1137 1107 provocat.

54 1135 94 1182 25
107 1122 186 1207 Ego
200 1146 331 1209 quoque
346 1146 365 1188 a
379 1124 458 1188 meis
473 1145 524 1188 me
539 1123 648 1201 amari,
664 1133 698 1188 et
712 1122 919 1207 magnipendi
932 1120 1072 1207 postulo.

107 1220 146 1283 Si
161 1222 195 1285 id
211 1221 250 1287 fit
264 1222 386 1299 dando,
402 1232 499 1306 atque
513 1221 735 1307 obsequendo,
751 1242 816 1285 non
830 1220 1018 1305 posterioria
1032 1220 1143 1291 feram.

107 1317 244 1386 Deerit:
268 1320 302 1384 id
317 1341 390 1393 maa
403 1320 531 1385 minime
545 1320 657 1397 refert,
673 1318 730 1405 qui
744 1340 815 1383 sum
829 1329 908 1385 natu
921 1340 1100 1385 maxumus.

264 1573 456 1662 a'cTus
489 1584 705 1669 QUINTI
744 1584 935 1661 SCENA
968 1586 1013 1658 V.

498 1774 619 1824 Stltus·
652 1774 791 1825 DEMEA.

100 1900 221 1967 Heus!
245 1900 382 1977 Demea,
399 1910 494 1985 rogat
507 1898 607 1963 frater
621 1920 662 1963 ne
677 1900 775 1965 abeas
789 1898 928 1985 longius.

101 1999 174 2065 Da.
187 1999 272 2074 Quis
281 1998 400 2065 homo?
423 2022 444 2062 o
458 1998 541 2083 Syre
554 2008 677 2074 noster,
688 1996 795 2063 aalve:
819 1998 897 2083 quid
907 1997 968 2063 fitt
992 1998 1070 2082 quid
1083 1998 1212 2082 agitur?

101 2098 164 2163 Su.
178 2097 295 2163 Recte.
319 2096 387 2162 Dr..
401 2096 605 2187 Optume‘st:
622 2097 692 2182 jam
701 2116 787 2161 nunc
798 2096 869 2160 haec
881 2096 943 2161 tria
953 2096 1090 2181 primurn
1102 2094 1213 2163 addidi

91 2265 130 2317 rt.
143 2268 229 2315 Patrio
238 2268 327 2327 potitur
336 2262 462 2326 muodo]
474 2263 621 2313 ammaum
649 2262 882 2326 porurtorrrseram]
896 2262 1042 2311 subauditur
1050 2271 1147 2325 parter.-
1163 2270 1213 2321 aut,

52 2346 116 2379 caru
133 2329 230 2388 extulit,
241 2329 306 2392 quod
323 2344 367 2378 noa
378 2327 484 2381 ablativo
499 2328 619 2378 dicimur:
652 2330 773 2389 mpori
782 2327 873 2389 sociam
883 2326 972 2389 (Μ),
984 2327 1010 2375 id
1018 2337 1062 2385 eat,
1072 2342 1122 2376 non
1129 2326 1214 2377 vincar

53 2394 82 2443 id
94 2404 141 2453 act,
150 2398 230 2457 patrio
237 2397 327 2456 potitur
338 2397 455 2443 muodo,
488 2394 579 2442 Accius
594 2392 621 2441 in
653 2392 797 2443 aMiciona.
828 2392 862 2441 Et
878 2391 1004 2441 translatio
1020 2402 1059 2441 eet
1073 2407 1088 2440 a
1103 2392 1214 2456 partibur

53 2461 245 2523 Clytemneatra
259 2457 328 2521 seror
336 2463 456 2521 potiantur
470 2461 560 2521 plagae.
589 2458 621 2505 D.
654 2456 799 2506 histrionum
811 2456 837 2505 in
849 2456 936 2505 fabula.
960 2458 1013 2505 Noa
1026 2461 1163 2519 posteriores
1171 2456 1212 2520 sen

52 2526 178 2575 -Patrla
193 2529 284 2587 potitur
304 2523 431 2587 mnodo]
455 2522 554 2572 Serriua
576 2522 619 2571 ΙΕ-
652 2520 715 2585 ran]
734 2522 831 2571 Primus
847 2521 873 2570 in
891 2522 929 2570 bis
942 2536 991 2579 cro‚
1003 2521 1090 2585 inquit,
1101 2522 1128 2570 in
1139 2520 1177 2585 (ἰιι
1188 2540 1213 2571 ιο

54 2590 123 2639 neid.
141 2589 176 2639 iii.
193 2589 249 2640 278.
267 2588 298 2637 ad
316 2587 377 2639 illud
393 2592 511 2651 insperato
528 2591 621 2637 tandem
651 2604 697 2644 ero,
709 2591 792 2649 a'rqott,
803 2591 818 2637 ι’.
829 2603 848 2635 c.
860 2590 884 2635 r'rr
897 2584 972 2650 Mac)
984 2588 1063 2636 dando
1079 2597 1152 2651 atque
1169 2588 1212 2637 ob·

54 2656 227 2717 tellarepotr'ti.
250 2654 279 2702 L.
651 2652 783 2714 aequando.
818 2652 937 2701 1).-run
961 2655 1097 2713 pmtcriorcr
1120 2650 1211 2716 serora]

91 2720 131 2769 19.
160 2721 228 2767 rum
250 2721 369 2781 ὀίὶἰμιιει
396 2720 460 2779 opud
480 2720 545 2767 ιἸΙιιιιι
567 2724 621 2766 runt
653 2716 710 2765 Hoc
722 2726 766 2775 cat,
778 2732 827 2765 nou
838 2716 959 2782 posterior
970 2718 1082 2765 habebor.
1107 2717 1135 2765 Ε.

52 2788 140 2834 anor:
164 2801 206 2847 ago
227 2786 331 2833 dercrtru
351 2782 414 2846 rant]
441 2782 491 2831 Hic
513 2781 620 2832 ostendit
684 2782 724 2833 27.
736 2784 839 2831 Deerit?
856 2786 882 2831 t'd
892 2798 941 2833 men
949 2780 1130 2846 miairrcresrrt]
1141 2782 1212 2840 Vide,

52 2848 190 2899 Terentius
205 2863 291 2898 remur
306 2860 402 2912 patrem
415 2857 440 2897 et
456 2846 619 2897 molestiorem
651 2862 778 2897 remanere
794 2846 820 2895 in
835 2847 930 2895 Demea
941 2862 989 2895 non
1001 2846 1098 2911 penitua
1110 2850 1211 2908 ejectam

52 2925 81 2963 et
92 2912 562 2976 odioutmeaaemagiaadoleacentibua.
585 2912 617 2961 D.
651 2912 806 2962 securitatem
813 2908 973 2975 (severitatem
981 2910 1031 2973 Ζ.).
1047 2912 1213 2961 D.-Decrlt?

87 2980 130 3032 20.
150 2981 220 3027 Illam
236 2987 263 3028 rt
281 2982 352 3035 olm,
372 2976 466 3041 optant]
487 2975 618 3039 Σύλληψιι.
651 2980 678 3027 id
684 2994 734 3027 arca
742 2980 833 3025 artatam
840 2974 924 3040 refert]
943 2976 1025 3027 Facile
1038 2976 1212 3041 patrimonium

54 3044 124 3093 Nam
135 3043 172 3095 ric
183 3053 279 3093 vetarer
293 3043 461 3107 loquebantur.
496 3043 620 3091 Noavero
651 3041 842 3105 quaramunde
854 3040 985 3105 producam
998 3041 1080 3091 vitam.
1103 3042 1133 3089 R

51 3108 162 3158 dicimur
180 3110 222 3157 Itu
239 3116 337 3171 optaret:
362 3123 412 3161 nott
432 3111 503 3157 ulan.
537 3105 619 3169 Illum]
687 3109 707 3155 1.
726 3109 810 3157 Heart
826 3104 1129 3169 Deueurogotsrotrmrr
1143 3110 1213 3156 ulau

54 3173 202 3223 Micionem.
225 3174 257 3223 D.
652 3170 755 3235 malua]
769 3170 1212 3235 Hicoatenditpoeta,quamabrurde

87 3240 129 3287 23.
152 3241 222 3287 Narra
243 3236 399 3301 reperiamur]
423 3236 505 3300 Megia
527 3236 619 3285 comice
651 3236 755 3290 blandus
771 3246 874 3285 conetur
889 3236 1003 3300 eaae,qui
1018 3236 1169 3286 nonrolcrt:
1187 3246 1213 3286 et

51 3302 499 3368 pluralitereaperionardixitquam
514 3302 535 3350 ai
552 3302 618 3351 dice·
651 3317 724 3364 quarn
749 3300 879 3351 immodica
900 3301 933 3351 ait
954 3302 1083 3365 repentina
1104 3302 1211 3366 largitu,

51 3378 99 3426 ret,
111 3371 225 3430 aperior.
239 3368 372 3431 D.-Lega
383 3366 549 3430 etdiatingue,
560 3364 619 3429 'Age
652 3366 694 3415 ubi
710 3366 806 3415 animus
820 3381 836 3415 a
851 3366 969 3430 parcitate
986 3366 1062 3416 nimia
1074 3366 1101 3415 in
1113 3376 1210 3417 conun-

51 3451 114 3483 mc
129 3434 192 3496 jon,
214 3437 358 3495 experiemur
377 3449 446 3494 porro
465 3436 552 3488 corno,
575 3440 619 3482 rto.
651 3430 1113 3495 riumritiumprofuaionirertcurrerit.
1130 3434 1212 3481 Haeo!

52 3496 543 3561 NrmjmetporroertatinBembino.
570 3496 619 3545 Sed
652 3498 745 3554 Demea,
762 3504 830 3559 rogat
838 3496 966 3559 srutemu
980 3500 1049 3545 abror
1062 3496 1163 3561 longiae]
1177 3496 1213 3545 Ut

51 3575 81 3611 nt
93 3578 180 3612 verano
190 3572 246 3622 atet,
254 3562 385 3611 delendum
397 3574 435 3611 ert
444 3561 514 3625 priua
521 3579 571 3624 oga.
589 3562 617 3613 Β.
650 3570 759 3625 apparet,
768 3562 819 3623 jum
835 3562 965 3611 edormirit
980 3562 1103 3625 crapulam
1120 3562 1210 3625 Syruar

85 3630 127 3677 24.
147 3630 244 3679 Quaado
264 3630 308 3675 tac
327 3626 448 3689 provocor]
462 3627 528 3675 ‘Non
550 3625 619 3675 addit
650 3636 676 3675 et
691 3626 751 3675 aetio
767 3625 891 3675 moraliter
903 3624 1068 3689 dixitsrctar:
1084 3642 1130 3675 nec
1141 3624 1210 3675 addi·

52 3692 511 3820 qmarssedipltelligimmgtpdipilpluem
522 3690 617 3805 ampli-¹
649 3690 687 3805 pit
701 3696 761 3804 torale).
790 3690 887 3754 Frater]
902 3690 1037 3739 Moraliter.
1064 3690 1128 3739 Ntun
1143 3691 1212 3739 decet

51 3774 112 3807 cart.
163 3784 204 3805 .-
230 3775 255 3807 oe
502 3772 548 3805 co:
600 3772 618 3805 ιι
660 3773 710 3807 aar.
759 3790 766 3803 .

50 3826 103 3871 he.
138 3822 188 3871 Sed
211 3772 560 3884 mmwfiquoruriomore
575 3824 617 3871 loo
681 3822 703 3869 2
724 3824 813 3883 OSpre
821 3828 905 3878 notter,
916 3822 995 3869 robe:
1012 3819 1136 3883 quidfitt]
1153 3820 1210 3869 Jtun

114 3890 166 3938 leae
199 3885 324 3949 Provocat]
343 3886 374 3935 ln
389 3897 513 3936 certamen
526 3896 614 3935 vocat:
647 3900 698 3935 non
715 3886 766 3935 haec
786 3885 881 3942 blenda,
898 3884 941 3934 aed
963 3886 1024 3934 dura
1045 3893 1110 3933 aunt.
1145 3884 1209 3933 Nam

50 3904 134 4001 mut.
143 3954 216 4003 Curc-
224 3951 249 4001 it
259 3954 282 4000 8.
293 3951 331 4005 76.
342 3954 454 4001 Prooorot
461 3954 615 4010 mirabare,
646 3954 708 3999 soloe
720 3950 783 3999 dixit
794 3950 824 4008 ei,
838 3965 886 3997 non
898 3949 976 3999 nolum
986 3964 1057 4012 quem
1067 3964 1131 4013 caepa
1140 3948 1209 3999 vide.

50 4020 226 4081 ategoludoaa
248 4018 276 4065 Β.
646 4015 685 4074 rit,
700 4015 745 4063 aed
760 4030 816 4063 cum
831 4030 878 4077 quo
892 4014 965 4063 totier
981 4012 1119 4077 litigaverit
1150 4013 1213 4067 Quia

85 4084 126 4133 25.
137 4084 222 4146 Magri
229 4084 302 4145 pracli
308 4080 411 4145 motolo]
424 4080 502 4144 nitigi
512 4089 538 4129 et
548 4096 615 4130 ama·
642 4083 694 4141 stt?
722 4082 779 4145 quid
797 4079 908 4143 agiturl]
931 4079 1068 4141 interrogat
1088 4088 1114 4127 et
1135 4094 1210 4142 quum

50 4146 80 4197 ri.
106 4147 136 4195 Ε.
648 4145 717 4203 aciat,
729 4154 755 4192 et
764 4158 838 4205 quum
849 4145 949 4193 damnet
959 4154 1028 4193 actua
1038 4145 1097 4207 ejua.

85 4213 125 4261 26.
143 4214 170 4261 St
185 4214 254 4273 idfit
268 4214 352 4271 doado,
370 4220 439 4273 atquo
464 4209 615 4274 obsequendo]
682 4212 705 4258 8.
722 4208 806 4273 Recte]
823 4210 891 4257 Bene
902 4208 1115 4273 reaponditrectrr
1133 4210 1171 4259 baa
1183 4226 1208 4259 e·

51 4278 122 4327 Bene
137 4288 252 4326 naturam
267 4286 366 4327 raeutuo
380 4287 424 4334 eat,
436 4276 478 4339 qui
489 4287 566 4325 artem
576 4276 615 4339 ig·
648 4275 700 4325 nim
711 4274 915 4337 interrogationes
925 4274 957 4323 de
968 4273 1045 4323 salute
1056 4282 1129 4338 atque
1141 4274 1209 4324 inco·

50 4352 130 4400 norat,
148 4352 239 4407 putam
254 4342 295 4405 agi
311 4342 392 4391 rerbia
415 4341 497 4391 omnia
518 4341 615 4398 debere,
647 4340 760 4389 lumitate
771 4342 824 4401 eiua
835 4348 900 4398 runt,
912 4339 954 4402 qui
963 4338 1133 4403 interrogatur.
1152 4344 1211 4389 Hac

51 4422 101 4457 non
117 4406 199 4456 dando
214 4415 241 4455 ct
257 4406 418 4469 obseouendo.
452 4410 479 4455 δι’
494 4404 571 4469 ufir]
586 4404 617 4455 ld
649 4404 709 4467 trio]
723 4404 885 4454 Deeatoeroo.
905 4404 1024 4455 D.-Jom
1035 4422 1094 4454 aare
1104 4409 1211 4454 ltaectrto

51 4484 97 4531 ert,
114 4472 172 4521 Jrun
188 4487 204 4520 a
220 4470 305 4521 liberie
319 4470 340 4521 si
352 4471 535 4535 magnipendat.
564 4474 618 4521 Non
647 4474 747 4533 primam
759 4472 841 4583 ogdldr'
850 4478 936 4533 preter
946 4468 1065 4532 rutarum]
1082 4470 1212 4535 Expressit

800 4548 820 4582 Μ
1055 4557 1056 4561 ,
