2834 4759
225 164 292 231 aas
668 156 947 226 ranaurrr
1210 156 1371 241 [semu.

266 299 336 366 Au.
353 298 598 373 Quamobrem?
636 294 701 361 Ge.
719 294 846 359 Omitto
864 292 1034 380 proloqui:
1056 313 1133 357 nam
1143 290 1224 357 nihil
1237 292 1284 356 sd
1297 291 1373 356 hauc

330 418 398 463 rem
414 408 475 474 est,
492 393 652 480 Antipho.

268 494 336 561 Ubi
350 498 383 561 in
398 518 585 581 gynaeceum
602 494 649 559 ire
664 494 801 578 occipio,
817 512 900 577 puer
914 490 956 555 ad
970 512 1023 555 me
1037 490 1178 555 accurrit
1191 488 1306 553 Mida:

268 594 360 659 Pone
376 593 595 679 apprehendit
609 590 726 678 pallio:
749 592 934 675 resupinat:
957 590 1114 675 respicio:
1137 610 1229 673 rogo,

269 694 490 768 Quamobrem
511 695 649 758 retineat
670 712 742 756 mc:
772 690 818 753 ait
842 710 916 753 csse
936 689 1072 752 vetitum
1091 688 1178 751 intro
1199 687 1244 751 ad
1272 685 1373 751 heram

332 794 498 859 accedere.

225 905 256 953 2⁶
269 892 442 977 Sophrona
453 890 550 956 modo
559 889 691 955 fratrem
700 887 900 971 huc,inquit,
908 887 993 951 senis
1003 884 1185 949 introduxit
1193 882 1371 949 Chremem

233 1038 236 1046 -
268 990 419 1075 Eumque
429 1010 516 1054 nunc
529 1010 602 1053 esse
613 990 700 1051 intus
713 1009 785 1052 cum
799 984 879 1049 illis:
895 983 959 1048 hoc
968 984 1025 1048 ubi
1036 1006 1099 1069 ego
1107 983 1228 1059 audivi,
1241 981 1286 1046 ad
1297 980 1373 1045 fores

265 1090 437 1175 Suspenso
452 1087 557 1174 gradu
573 1086 699 1172 placide
715 1087 763 1150 ire
777 1084 927 1170 perrexi:
950 1084 1091 1147 accessi:
1114 1083 1249 1147 adstiti:

230 1232 237 1243 .
266 1186 418 1255 Animam
428 1186 618 1272 compressi:
633 1206 744 1249 aurem
755 1182 897 1249 admovi:
910 1181 1190 1265 itaanimumcoepi
1199 1180 1372 1255 attendere,

268 1285 344 1351 Hoc
359 1286 456 1350 modo
472 1306 651 1349 sermonem
666 1295 812 1368 captans.
846 1280 917 1347 Aa.
931 1280 997 1360 Eu,
1011 1281 1118 1346 Geta!
1147 1280 1217 1344 Ga.
1231 1280 1300 1345 Hic
1312 1278 1372 1364 pul·

311 1383 517 1450 cherrumum

224 1494 256 1541 oo
267 1481 406 1547 Facinus
423 1482 549 1546 audivi:
572 1480 681 1565 itaque
697 1501 781 1565 pene
795 1478 904 1543 hercle
919 1476 1094 1544 exclamari
1109 1477 1244 1563 gaudio.

267 1580 337 1645 Aa.
352 1580 476 1653 Quod?
500 1578 567 1643 Ga.
578 1577 755 1652 Quodnam
770 1578 951 1641 arbitrare?
981 1575 1050 1641 Au.
1066 1576 1199 1641 Nescio.
1240 1576 1310 1641 Gn.
1322 1572 1372 1638 At·

332 1678 388 1764 qui
404 1677 690 1742 mirificissumum:

268 1775 411 1841 Patruus
422 1788 497 1839 tuus
513 1786 606 1860 pater
617 1787 668 1841 est
678 1776 828 1838 iuventus
838 1773 964 1839 Phanio
976 1773 1072 1838 uxori
1083 1784 1161 1837 tuoe.
1188 1772 1264 1839 An.
1278 1772 1368 1837 Hem!

268 1875 360 1948 Quid
382 1876 451 1939 aial
491 1872 558 1937 Ga.
576 1872 660 1937 Cum
685 1875 758 1959 ejus
781 1874 949 1939 consuevit
970 1872 1046 1937 olim
1068 1885 1171 1936 matre
1196 1872 1233 1936 in
1259 1870 1371 1937 Lemno

332 1971 524 2038 clanculum.

268 2070 333 2137 Pu.
351 2071 537 2135 Somnium!
561 2070 640 2135 ntin’
654 2069 727 2135 haec
740 2070 905 2154 ignoraret
925 2092 1020 2134 suum
1039 2072 1188 2155 patrem?
1228 2070 1299 2135 Ga.
1314 2066 1371 2134 All-

331 2170 411 2254 quid
427 2168 562 2245 credito,

223 2280 254 2327 ³⁵
268 2267 432 2343 Phormio,
448 2289 520 2332 esse
536 2288 662 2331 causae:
686 2267 746 2331 sed
760 2288 811 2331 me
824 2267 952 2332 cenaen’
966 2268 1113 2353 potuisse
1128 2268 1238 2332 omnia

266 2365 452 2452 Intelligere
467 2376 561 2430 extra
576 2365 704 2442 ostium,
721 2366 808 2429 intus
822 2388 896 2450 quae
911 2366 996 2431 inter
1011 2388 1083 2431 sese
1097 2367 1160 2450 ipsi
1175 2366 1325 2450 egerint?

267 2463 452 2549 PraAtque
464 2462 574 2529 hercle
586 2485 648 2547 ego
659 2485 791 2548 quoque
803 2462 889 2527 illam
903 2464 1048 2530 inaudivi
1060 2464 1212 2530 fabulam.
1241 2465 1309 2530 Ga.
1318 2464 1372 2528 Im

330 2584 381 2629 mo
397 2563 493 2627 etiam
508 2561 606 2640 dabo,

256 2734 294 2781 22.
313 2734 358 2780 Ubi
373 2734 397 2779 in
411 2746 543 2795 gyneceum
558 2734 593 2779 s'rs
608 2728 706 2793 occipio]
725 2728 786 2788 hob
818 2729 899 2786 sciret,
910 2729 983 2779 crede
998 2730 1092 2793 aliquid
1103 2746 1157 2780 esse
1172 2746 1263 2791 σιω,
1277 2747 1321 2781 sur
1334 2743 1371 2778 nc·

222 2799 315 2861 Graece,
335 2796 422 2845 Latine
443 2794 537 2844 mulier.
575 2794 637 2844 lnde
652 2812 786 2859 gysaesssss
817 2794 880 2843 sciat
894 2810 965 2843 suum
980 2806 1083 2859 patrem,
1096 2811 1141 2845 nec
1152 2810 1192 2845 roe
1209 2796 1370 2860 potuisssu·

222 2862 296 2916 locus.
307 2862 348 2910 ubi
360 2860 473 2909 mulieres
484 2870 623 2924 operantur.
647 2860 676 2908 R
818 2860 867 2915 nia,
878 2875 933 2921 qua
943 2860 1011 2909 intus
1020 2860 1162 2923 agebantur,
1173 2860 1247 2911 scire.
1271 2858 1371 2911 uasis

256 2930 294 2975 28.
304 2931 410 2976 Asinam
419 2924 552 2988 conpressi]
563 2924 681 3001 Spiritum
689 2940 786 2973 vocem-
818 2936 962 2988 argumenta
982 2925 1140 2987 proisnrntur
1156 2926 1215 2985 hnc,
1231 2927 1299 2991 qnod
1313 2936 1371 2989 pete

222 3008 270 3057 qus
281 2992 394 3057 repressi.
418 2992 485 3055 Virg.
499 2989 595 3039 [En-ir.
608 2990 717 3041 tram
727 2987 786 3052 saa·
822 2989 907 3038 Phanii
929 2990 963 3038 sit
984 2990 1110 3048 Chremes,
1132 2990 1255 3054 siqnidem
1277 2988 1370 3041 esdra

223 3061 370 3106 moashaerit.
396 3056 424 3104 Ε.
819 3066 928 3119 patruus
949 3054 1370 3107 a-nuoesuosunvess-srm

256 3124 294 3171 29.
310 3121 490 3169 Palciccrrinam
503 3118 600 3182 saciant
615 3118 706 3182 andini]
731 3119 787 3167 lla·
820 3120 875 3182 lege
893 3121 942 3167 sta’
954 3123 1009 3169 lec.
1032 3120 1118 3169 Horat.
1135 3129 1191 3170 sess
1210 3130 1288 3186 sagn
1303 3132 1371 3183 Μ

219 3186 327 3250 jusmodi
346 3187 411 3234 locos
423 3197 502 3249 poeta
513 3184 635 3233 actoribus
645 3184 786 3247 indulgent:
820 3187 903 3233 Dm
914 3187 995 3233 latu!
1018 3184 1047 3233 li.

223 3251 287 3315 quod
297 3251 324 3299 in
335 3250 374 3299 his
386 3249 474 3298 actoris
486 3254 597 3307 (autoris
607 3250 653 3298 Ma
663 3250 697 3297 H.
708 3261 734 3297 et
747 3249 787 3311 Β.)
853 3250 892 3300 37.
904 3252 981 3312 Atqse
992 3252 1067 3299 hercle
1082 3266 1124 3313 ego
1138 3266 1224 3313 qaoque
1237 3255 1300 3301 teta
1313 3252 1369 3297 iass-

223 3327 262 3367 est
276 3314 461 3363 commendatio.
487 3312 734 3363 D.-Pclchcrrimcm
743 3312 786 3376 fa·
820 3316 869 3363 dici
879 3312 1000 3377 sabaha]
1019 3315 1121 3363 Plautus
1136 3315 1163 3364 in
1176 3314 1369 3379 Mitisegtodoeo

222 3380 419 3509 titii-“tit
434 3378 789 3505 tttltttt‘f‘atfislt
820 3377 1369 3508 thidal‘ffim‘st:

222 3526 286 3576 pene
304 3509 436 3559 exclamavi
455 3508 658 3573 progenuisse
677 3507 788 3571 cognovi,
821 3509 883 3557 Mas.
904 3508 977 3557 lectio
996 3520 1040 3565 est,
1061 3525 1134 3572 quum
1153 3511 1268 3561 Βουιωι
1287 3520 1369 3573 quoquc

223 3576 286 3640 quod
296 3587 397 3641 patruus
411 3585 466 3623 tuus
476 3575 545 3621 uxori
559 3588 606 3621 tuas
616 3573 709 3621 Phanio
718 3584 788 3636 pater
820 3574 937 3636 agnoscit.
968 3575 1107 3623 L-liecte
1131 3575 1261 3625 bentlcius
1279 3591 1308 3624 sa
1325 3572 1367 3621 ood-

223 3644 262 3692 sit.
282 3640 393 3689 lt—rro
401 3642 467 3702 Engo
476 3638 588 3687 meliores
598 3638 687 3687 Faerni
695 3648 787 3686 ctuos-
819 3639 896 3687 Acad.
919 3640 992 3688 rerba
1012 3638 1223 3702 atqu-sabaim,
1246 3634 1368 3703 trophoni

223 3707 254 3756 tri
267 3706 322 3755 libri
335 3704 452 3753 exhibent
463 3706 508 3753 Ea.
532 3705 561 3751 B.
819 3704 948 3753 tribuenda
960 3719 1013 3753 csse
1023 3716 1115 3752 censet.
1143 3704 1209 3753 Nam
1220 3708 1322 3771 primun
1336 3716 1367 3749 ss·

255 3774 294 3820 81.
308 3770 426 3825 Quodsrcss
445 3766 726 3831 nasammonas
743 3766 786 3817 lib.
818 3783 897 3831 quens
909 3777 1007 3831 points:
1023 3780 1049 3818 et
1063 3768 1112 3818 alia
1129 3769 1248 3829 indicant,
1259 3768 1365 3832 Antipho·

222 3836 257 3885 iii.
282 3836 310 3885 L.
819 3849 875 3882 nem
887 3846 1010 3883 anteesse
1025 3834 1141 3884 locutura.
1161 3835 1257 3885 Deinde
1272 3836 1321 3885 sinc
1334 3845 1365 3879 rt·

255 3904 295 3949 82.
308 3904 411 3949 Patruus
422 3906 475 3947 toas
483 3906 517 3947 est
527 3906 595 3960 poter
606 3901 711 3947 inventus
721 3901 786 3946 Phc-
819 3898 1063 4011 pugnantiaqustlarn
1071 3900 1123 3949 hoec
1134 3915 1183 3949 non
1194 3911 1296 3965 ponunt
1305 3892 1366 3946 nimi

222 3970 261 4015 :sio
272 3970 338 4014 ascri
350 3962 409 4027 tna]
427 3964 462 4011 Ut
474 3963 603 4012 Sallustius
614 3962 641 4011 in
653 3964 740 4028 primo,
756 3967 786 4011 ts·-
842 3964 970 4019 bormioni,
982 3964 1024 4027 qui
1040 3964 1114 4027 paulo
1130 3976 1188 4015 ante
1203 3981 1256 4015 rem
1267 3974 1365 4026 tanquan

224 4034 284 4081 hstis
301 4032 351 4093 qus
368 4032 492 4077 nouacula:
512 4037 569 4077 crat.
596 4028 701 4076 D.-Ne
719 4036 788 4090 pater
819 4028 1036 4077 fictametsanam
1050 4030 1214 4079 damnaverat.
1244 4030 1365 4091 Deniqcet

223 4097 249 4145 in
264 4094 326 4145 thesi
338 4092 562 4157 delitescat,plscet
574 4092 688 4141 Rsmbini
700 4094 787 4141 etDo·
820 4092 914 4157 legibus
933 4094 1037 4143 scenicis
1055 4095 1166 4159 Antipho
1186 4107 1316 4145 commotius
1332 4089 1365 4137 di!

224 4160 275 4211 nati
287 4161 415 4208 verborum
430 4156 564 4216 collocatio,
575 4167 610 4207 sat
622 4164 692 4221 pater
708 4162 786 4207 mosa·
820 4156 873 4207 sinc
882 4158 1079 4222 interpellatione
1088 4161 1308 4210 mosrsnondsbtt.
1318 4156 1363 4204 Hm

224 4236 268 4276 tos.
291 4225 318 4273 B.
820 4223 922 4280 accedit,
933 4224 998 4286 quod
1009 4224 1171 4273 verodmilius
1185 4236 1225 4274 est
1234 4241 1284 4274 rem
1297 4217 1363 4271 occul·

255 4293 295 4340 tt.
306 4290 405 4351 Aliquid
415 4292 508 4347 credito,
519 4290 687 4345 Phoenicem
698 4286 788 4351 cusa]
822 4298 873 4337 tarn
887 4299 945 4337 aute
961 4300 987 4337 st
1003 4288 1106 4339 celatam
1124 4290 1247 4340 audivisse
1258 4286 1363 4350 Anaphe-

223 4356 305 4415 Quum
324 4352 440 4403 Phormio
456 4352 548 4402 faceret
562 4351 730 4415 questionem,
748 4354 789 4402 An
821 4368 879 4401 nem
898 4353 1015 4417 cupidum
1032 4364 1059 4402 ct
1071 4355 1203 4414 onrioenm,
1218 4370 1288 4419 quam
1297 4352 1361 4402 rm·

224 4418 355 4472 verisimile
366 4426 439 4478 esset,
450 4427 479 4467 ut
494 4417 537 4467 illa
552 4429 648 4483 patrem
659 4432 788 4477 suumne·
821 4417 929 4469 miousra
938 4418 1212 4485 ahenumctigaotnm.
1236 4421 1263 4471 Z.
