2834 4759
229 184 291 249 118
682 180 958 247 TERENTII
1221 180 1339 264 [acrus
1353 201 1382 243 v.

268 318 318 382 Si.
334 315 491 402 Agefiat.
530 315 620 379 Pau.
637 314 686 379 At
696 324 834 379 matura.
874 314 924 379 Si.
941 314 995 379 Eo
1009 314 1105 379 intro.
1145 313 1235 379 Pan.
1253 313 1286 377 Ο
1302 313 1382 378 faus-

334 424 402 479 tum
417 425 451 479 et
464 412 592 479 felicem
605 412 694 477 huuc
709 414 815 478 diem!

436 684 628 758 ACTUS
661 683 879 767 QUINTI
914 684 1108 759 SCENA
1135 686 1180 757 V.

578 871 772 919 crithinus·
822 871 1038 920 PAMPHILUS.

272 996 422 1061 Puovlso
437 995 517 1079 quid
540 1006 617 1078 agat
638 992 850 1077 Pamphilus:
874 1003 973 1079 atque
989 1016 1113 1059 eccum.
1153 993 1244 1058 Pau.
1261 992 1385 1078 Aliquis

336 1092 448 1157 forsan
462 1114 513 1156 me
527 1102 623 1176 putet

271 1190 351 1256 Non
360 1201 476 1275 putare
485 1188 548 1253 hoc
557 1210 688 1252 verum:
713 1187 835 1251 etmihi
847 1210 933 1253 nuno
947 1190 993 1253 sic
1005 1210 1078 1253 ease
1090 1189 1153 1255 hoc
1162 1212 1278 1255 verum
1288 1190 1385 1254 lubet.

272 1287 348 1372 Ego
364 1286 514 1351 Deorum
527 1286 625 1350 vitam
638 1295 815 1369 propterea
830 1287 1057 1370 sempiternam
1072 1308 1145 1351 esse
1161 1288 1316 1364 arbitror,

272 1386 373 1461 Quod
386 1384 569 1469 voluptates
580 1405 693 1448 eorum
704 1384 847 1468 propriae
859 1392 945 1448 sunt.
980 1382 1068 1447 Nam
1079 1384 1157 1447 mihi
1168 1383 1386 1450 immortalitas

245 1496 260 1543 t
273 1484 426 1559 Parta’at,
443 1484 470 1547 si
483 1480 571 1546 nulla
584 1481 746 1565 aegritudo
759 1479 836 1545 huic
849 1479 971 1564 gaudio
984 1480 1216 1546 intercesserit.

273 1580 340 1645 Sed
356 1602 453 1665 quem
467 1602 530 1666 ego
544 1578 622 1643 mihi
636 1577 841 1663 potissimum
855 1586 964 1663 optem
980 1600 1077 1656 nunc,
1093 1579 1146 1643 cui
1164 1578 1237 1644 haee
1253 1601 1386 1656 narrem,

337 1678 431 1742 darii

264 1902 303 1950 5³.
326 1903 421 1950 Matura
438 1901 467 1949 T.
489 1902 569 1949 Faber
587 1910 654 1949 recte
676 1900 792 1965 reposuit.
826 1899 933 1949 alienum
962 1899 1052 1949 efficiat
1078 1914 1185 1958 sensum,
1211 1909 1283 1950 muta
1309 1900 1335 1949 in
1360 1903 1386 1947 tt·

230 1965 329 2014 Deinde
341 1969 401 2014 tuae
416 1965 486 2013 abeat
502 1964 528 2013 in
546 1965 667 2013 Bembino
682 1976 709 2013 et
725 1964 792 2021 allier
827 1965 920 2027 parth.
929 1980 949 2012 e.
962 1974 1065 2022 constat,
1077 1974 1171 2013 certum
1179 1975 1225 2013 ert.
1253 1966 1314 2014 cod.
1327 1966 1385 2013 Aca·

230 2039 256 2077 et
264 2044 297 2078 ex
304 2029 481 2079 consuetudine
489 2028 606 2091 loquendi
617 2030 702 2077 aberae
713 2044 792 2093 potae,
826 2028 936 2077 demioua
945 2029 1020 2077 habet
1031 2032 1091 2077 licet.
1117 2029 1145 2077 B.

230 2104 297 2143 reote
309 2093 371 2143 vidit
383 2094 500 2142 Faernua
525 2094 554 2141 ll.
860 2094 882 2141 3.
900 2095 1051 2156 Egodeoruai
1060 2096 1386 2155 vitomproptereoeempiter·

265 2159 286 2207 l.
307 2161 401 2206 Ρνωὶιο
417 2161 474 2221 qaid
490 2166 547 2219 agot
564 2156 712 2220 Pamphilus]
732 2156 793 2205 Haec
825 2174 878 2205 nom
893 2174 942 2206 ease
959 2156 1074 2219 arbitror]
1093 2158 1173 2205 Omne
1192 2159 1260 2219 quod
1277 2157 1387 2206 habemur

230 2238 305 2271 aoeua
321 2223 425 2271 alteram
441 2237 559 2285 generum
578 2221 704 2269 Chremeti
727 2236 793 2269 com·
826 2230 869 2270 aut
880 2230 992 2270 mutuum
1004 2230 1048 2279 eat,
1061 2231 1103 2270 aut
1120 2222 1256 2285 proprium.
1287 2224 1386 2270 uuam

229 2297 315 2351 parat:
339 2302 372 2335 ne
389 2297 432 2335 aut
449 2286 572 2336 Charinus
592 2286 670 2334 untia
687 2286 793 2345 recedat,
826 2296 864 2334 eat
885 2284 1000 2349 quicquid
1023 2286 1055 2334 ad
1076 2294 1173 2349 tempua
1195 2286 1323 2344 habemur,
1346 2300 1387 2332 neo

230 2361 274 2400 aut
292 2367 342 2400 uon
361 2351 486 2415 provisum
503 2350 614 2399 videatur
633 2350 793 2397 Philumenae.
825 2350 980 2413 postmodum
991 2362 1102 2398 nostrum
1112 2350 1220 2399 futurum
1232 2360 1279 2407 eat,
1288 2360 1315 2399 ut
1323 2364 1386 2407 uxor,

229 2418 325 2465 Prooiro
340 2419 398 2479 quid
412 2415 483 2478 agat]
501 2415 557 2462 Hoc
573 2413 721 2476 colloquium
738 2423 795 2477 poat
826 2414 994 2472 domumilla,
1004 2414 1077 2472 servi,
1088 2424 1113 2463 et
1123 2424 1212 2462 caetera
1223 2415 1252 2463 iu
1264 2416 1329 2463 hune
1340 2428 1387 2461 rnn-

231 2480 289 2543 (pro
302 2488 355 2541 port
370 2479 424 2543 lege
439 2496 497 2541 per.-
513 2479 544 2527 ci.
563 2479 675 2526 Donatus
691 2478 723 2526 ad
735 2494 757 2525 v.
770 2479 793 2526 6.
826 2479 903 2527 dum:
920 2482 1046 2540 proprium,
1062 2488 1091 2527 ut
1106 2478 1185 2528 virtue
1204 2480 1292 2537 animi,
1310 2488 1334 2526 et
1348 2478 1387 2525 bo·

231 2545 247 2591 5
265 2553 291 2592 et
307 2543 343 2605 8.)
360 2544 532 2607 compendium
548 2542 636 2591 fabulae
653 2542 792 2590 inducitur=
826 2558 885 2591 num
902 2543 1087 2606 sempiternum,
1099 2543 1163 2605 quod
1180 2543 1283 2607 propria
1299 2542 1330 2591 de
1345 2542 1387 2589 uin

230 2616 316 2656 utum
325 2608 464 2656 narratione
474 2608 547 2655 etiam
557 2606 680 2670 negotium
692 2606 795 2655 Charini
826 2607 930 2656 dicitur:
949 2622 998 2655 non
1014 2608 1080 2654 enim
1097 2606 1196 2655 aliunde
1206 2618 1338 2664 venerunt,
1349 2606 1388 2654 aed

230 2672 333 2736 tranaigi
349 2672 433 2735 poaait.
467 2675 562 2721 Proviso
576 2674 634 2734 qaid
650 2670 720 2734 agot]
739 2671 793 2719 Du·
827 2672 892 2736 apud
901 2686 927 2719 ae
936 2672 1003 2736 iproa
1012 2680 1181 2735 auntaemper.
1211 2671 1248 2720 Et
1258 2672 1387 2736 Epicurum

230 2735 329 2800 pliciter
336 2752 376 2785 rea
387 2738 418 2785 ab
428 2736 505 2785 oculia
516 2744 681 2800 spectatorum
691 2750 793 2784 moven—
825 2744 924 2784 recatus
941 2736 987 2783 hoc
1003 2734 1079 2783 dixit:
1101 2736 1204 2800 Proprie
1221 2751 1284 2799 ergo
1300 2736 1329 2784 de
1344 2734 1388 2782 diia

231 2811 285 2849 tur:
310 2809 353 2848 aut
370 2800 436 2849 euim
454 2802 535 2850 futura
552 2800 736 2863 promittuntur,
752 2809 795 2848 aut
825 2802 986 2861 sempiternum
1005 2798 1102 2848 dieitur.
1137 2801 1203 2848 Nam
1224 2800 1293 2849 iuter
1309 2802 1386 2861 arripi-

230 2864 296 2913 iaota
310 2874 448 2913 narrantur.
476 2867 577 2922 Prmiro,
591 2863 641 2912 duo
656 2864 792 2927 significat:
827 2872 915 2912 teram
929 2874 954 2912 et
968 2872 1104 2925 perpetuari
1119 2863 1165 2912 hoo
1183 2864 1305 2913 intereat:
1329 2862 1387 2927 quod

231 2941 257 2978 et
265 2928 382 2994 provideo
393 2939 419 2978 et
429 2929 542 2993 procedo.
566 2929 727 2976 D.-Prom'so
738 2931 795 2991 quid
825 2927 1388 2994 amptumumaddemperpetaunpropriead

231 2993 301 3056 agat]
321 2994 383 3041 Hae
399 3009 473 3042 neena
488 2993 589 3041 Charini
606 2992 738 3041 adventum
756 3002 792 3040 te-
825 2992 938 3041 homiuea
964 2992 1080 3055 pertinet
1122 2995 1174 3056 Ego
1201 2997 1296 3042 aaran
1322 2996 1388 3041 ιίιιιιι

230 3067 281 3115 net,
293 3067 321 3106 ut
333 3068 359 3106 et
374 3057 422 3121 ipai
439 3058 523 3105 laetitia
539 3056 652 3120 generari
668 3056 746 3121 posuit
762 3072 794 3105 ex
822 3056 958 3119 propterea]
978 3057 1051 3106 Hane
1070 3057 1217 3106 aeuteutiam
1238 3067 1315 3107 totam
1336 3056 1387 3105 lle·

231 3121 377 3184 cognitione.
405 3122 431 3169 Si
440 3122 505 3170 enim
516 3120 644 3184 Pamphilo
652 3121 793 3184 Glycerium
825 3122 913 3169 naudri
924 3120 956 3169 de
968 3122 1089 3170 Eunucho
1105 3121 1243 3178 manatulin
1262 3132 1288 3170 et
1299 3122 1388 3170 hoceet

232 3185 311 3244 datur,
328 3185 381 3233 dari
397 3186 502 3249 potenti
533 3185 704 3234 iPhilumena
721 3198 794 3248 quam
827 3186 892 3247 quod
903 3184 1000 3243 dieitur,
1011 3189 1168 3234 Contaminari
1178 3204 1221 3234 aaa
1233 3190 1314 3235 decere
1318 3184 1387 3248 soba-

231 3249 355 3314 diligebat,
364 3265 419 3311 quae
427 3250 504 3325 Pomp
522 3250 556 3298 ilo
566 3249 719 3298 offerebamr.
740 3253 793 3299 Ait·
827 3252 868 3297 loa
897 3252 949 3313 Ego
960 3253 1052 3299 deorum
1067 3249 1151 3312 mom]
1168 3251 1226 3299 Nou
1243 3251 1316 3309 dixit,
1327 3248 1388 3314 quod

231 3312 406 3377 gairsorritoa]
419 3315 522 3363 Laetitiae
538 3315 626 3378 plenus
644 3314 794 3377 Pamphilum,
827 3314 995 3375 aoit(ra'tZ.):
1013 3314 1229 3377 aedquodrerum
1246 3324 1324 3379 putet.
1357 3314 1388 3361 lit

231 3376 341 3434 forsitan,
352 3377 439 3441 inquit,
450 3388 521 3442 putet
532 3378 594 3429 aliua
609 3394 648 3426 me
664 3378 718 3435 hoc,
731 3380 795 3442 quod
827 3388 865 3426 eat
876 3376 954 3439 δόγμα
966 3378 1116 3442 ἐπικούρων,
1126 3378 1190 3441 quod
1201 3394 1216 3427 a
1227 3380 1325 3428 ueteris
1335 3378 1387 3444 phi-

231 3442 294 3491 mihi
312 3442 423 3505 contigit,
443 3458 528 3491 verum
546 3459 596 3491 non
615 3442 722 3491 credere.
760 3443 795 3493 At
827 3442 936 3506 loaophia
955 3443 1105 3555 repudiatur,
1122 3442 1153 3491 de
1172 3443 1222 3491 otio
1243 3445 1346 3493 deonrm
1361 3457 1388 3489 ae

231 3522 291 3555 vero
301 3506 337 3555 rio
349 3508 524 3570 eaae,egohoo
536 3523 593 3556 vero
604 3507 677 3555 eredo
692 3518 718 3555 et
733 3522 793 3571 gau-
826 3508 929 3571 perenni
950 3516 1083 3571 vouptate.
1116 3508 1286 3557 D.-Deoran
1307 3505 1387 3568 mon]

231 3572 285 3630 deo,
293 3579 320 3619 ut
330 3575 421 3619 deorum
430 3576 499 3621 uitam
506 3580 627 3634 propterea
635 3574 726 3620 medam
735 3588 792 3621 aem-
826 3571 1003 3636 Apollodorus:
1022 3573 1050 3620 οὐ
1060 3573 1133 3620 raino
1143 3573 1172 3620 τὸ
1184 3571 1229 3635 ζῇν
1240 3572 1295 3621 lori
1305 3572 1335 3619 rh
1348 3590 1387 3619 ιιιι-

227 3640 352 3699 pr'temm,
372 3639 434 3699 qood
451 3653 527 3685 aaran
548 3638 676 3697 voluptates
692 3641 794 3699 propria
826 3634 943 3697 λούμενοι
954 3639 1020 3684 Θεῶν
1029 3635 1123 3694 matos
1132 3634 1198 3692 βιόνι
1213 3636 1241 3685 ἰιι
1254 3636 1387 3685 Heautont.

231 3710 292 3749 ruat.
320 3700 387 3764 Ergo
398 3701 600 3763 quemadmodum
617 3700 735 3764 intelligo,
747 3702 793 3749 hoo
825 3702 925 3749 Deorum
937 3704 1008 3749 uitam
1017 3704 1074 3763 epu
1090 3700 1218 3764 u-Lege
1227 3702 1302 3749 metri
1314 3700 1389 3764 gratia

230 3780 317 3814 verum
328 3773 355 3814 ut
368 3769 529 3813 immortaliter
540 3774 627 3825 parata
642 3768 681 3823 rit,
692 3768 714 3813 st
730 3769 794 3814 auita
825 3781 853 3813 aa
863 3773 971 3827 propter:
988 3764 1116 3814 aiclaudat
1126 3764 1206 3815 locum
1217 3766 1327 3814 Serriua.
1350 3765 1378 3812 B.

228 3834 346 3893 goadr’oae
379 3832 441 3877 'tudo
456 3832 617 3878 tateroemerr't.
641 3829 794 3878 E.-Forron
859 3832 882 3877 4.
901 3828 1005 3891 Proprie
1021 3828 1088 3891 eunt]
1106 3829 1242 3893 Perpetua,
1260 3830 1388 3894 aempiter·

230 3903 342 3957 naputet
369 3894 417 3943 Ma.
430 3894 460 3941 R.
473 3894 540 3942 etV.
552 3896 580 3943 C.
585 3892 696 3955 sortitura
721 3894 749 3942 L.
826 3893 1268 3957 nae,quaenouauntaooommodatae
1281 3894 1311 3943 ad
1329 3904 1388 3941 tem·

264 3962 287 4007 2
305 3962 406 4007 Aemilii
417 3975 478 4006 auae
493 3962 528 4006 etr
543 3974 591 4007 erre
607 3961 648 4005 hoc
663 3973 740 4006 oerum
757 3962 792 4007 la-
826 3972 880 4021 pur,
892 3974 920 4006 ao
932 3966 1036 4006 mutuae:
1054 3958 1090 4005 aio
1102 3968 1128 4005 et
1141 3972 1223 4021 supra,
1236 3960 1335 4007 Nihilne
1344 3974 1389 4006 em

232 4023 283 4086 tet]
300 4027 340 4099 Sia
357 4023 461 4098 delicate
477 4022 688 4086 pronunciandum
707 4032 752 4080 eat,
769 4032 794 4071 et
823 4025 941 4085 proprium
953 4026 1077 4085 cuiquam!
1101 4023 1133 4071 D.
1369 4085 1374 4095 Ι

231 4086 795 4213 irp‘h‘lhimlriffdihi‘ielillh
826 4088 885 4199 1502}
895 4088 1082 4199 illitati·
1083 4086 1388 4205 ‘ffirltfftttlltz

232 4224 283 4263 eat:
302 4215 344 4263 alii
363 4225 459 4278 putent,
480 4226 508 4265 ut
525 4213 627 4263 volunt:
644 4230 690 4278 ego
712 4225 794 4264 autem
827 4214 853 4262 Si
863 4166 1388 4279 propriainquit,llaeohieritroluptm‚deua

232 4294 318 4328 varum
340 4294 397 4390 erp:d
416 4281 563 4394 conli1)rmo‚N
559 4280 624 4342 quod
642 4278 703 4359 mihi
727 4279 795 4406 &ung
826 4294 888 4390 aur‘u.
900 4278 1098 4391 Sed—Parma
1121 4279 1387 4392 lld'lmehmli

231 4358 317 4393 verum
339 4358 366 4391 or
397 4359 446 4393 ere.
495 4370 535 4393 .—
562 4361 606 4392 one
627 4360 661 4391 nc
679 4360 727 4392 erae
876 4377 882 4391 .
1083 4362 1096 4391 o
1170 4358 1267 4392 oeroeu
1297 4360 1322 4391 m
1344 4358 1365 4389 aa

231 4412 265 4458 ric
282 4398 308 4456 in
331 4406 380 4456 Ma.
401 4408 476 4459 deest.
500 4408 629 4460 L-lllud
649 4412 719 4467 labet,
738 4424 793 4457 oum
826 4407 926 4456 affectus
936 4360 1168 4465 esffieiiaumre
1176 4407 1301 4470 gaudium.
1320 4406 1388 4455 Unde
