2834 4759
615 214 797 276 ELOGIA
823 216 1072 279 VETERUM.

478 340 586 397 Caecilio
597 344 714 413 palmam
725 342 813 399 Statio
825 343 862 400 do
873 346 988 401 comico.

478 412 589 467 Plautus
601 414 734 470 secundus
745 414 822 470 imile
834 426 974 486 exsuperat
986 422 1105 471 eeteros.

476 480 549 537 Dein
562 483 672 539 NaevIus
685 488 731 557 qui
743 494 840 550 servet,
854 488 970 556 pretium
980 487 1108 543 tertiu'st.

478 552 578 618 sterit,
592 555 665 625 quod
678 566 783 627 quarto,
796 555 903 611 dabitur
914 556 1028 611 Licinio.

476 623 543 678 Post
553 626 657 696 insequi
669 625 803 680 Licinium
815 626 884 681 facio
896 628 1020 685 Atilium.

478 694 511 748 In
524 704 600 749 sexto
612 697 733 767 sequitur
743 696 794 750 hos
805 698 867 752 loeo
878 696 1029 753 Terentius.

478 764 618 835 Turpilius
627 767 781 837 septimum,
794 767 899 822 Trabea
909 778 1036 823 octavum
1047 767 1159 825 obtuse

476 832 558 890 Nono
569 838 630 890 loco
643 854 699 891 esse
711 834 790 891 lacile
799 838 869 892 facio
881 838 1019 893 Luscium.

473 903 618 961 Decimum
630 907 700 961 addo
713 926 793 962 causa
804 909 971 980 antiquitatis
983 909 1111 964 Ennium.

601 1002 746 1069 Velleius
762 1004 965 1081 Paterculus,
981 1003 1037 1069 lib.
1051 1006 1078 1069 1.·

308 1104 475 1183 Dulcesque
495 1104 592 1165 Latini
611 1106 720 1185 leporis
741 1108 853 1167 facetiae
873 1128 926 1187 per
946 1106 1108 1180 Caecilium,
1126 1107 1366 1188 Terentiumque,
1384 1124 1411 1168 et

268 1186 423 1246 Afranium
436 1187 556 1265 suppari
568 1200 655 1247 aetate
669 1188 829 1247 nituerunt.

540 1298 620 1363 Fab.
638 1299 847 1386 Quinctilium
864 1299 919 1365 lib.
936 1324 969 1364 x.
985 1322 1046 1387 cap
1064 1303 1092 1365 1.

306 1402 341 1461 In
357 1402 501 1483 comoedia
513 1402 640 1461 maxime
654 1402 870 1474 claudicamus,
901 1403 971 1463 licet
993 1402 1088 1463 Varro
1108 1404 1195 1475 ditat,
1217 1404 1323 1465 Musas
1345 1406 1411 1466 AElii

267 1482 395 1543 Stolonis
416 1476 552 1542 PlautIno
572 1504 703 1543 sermone
724 1481 873 1543 locuturas
893 1485 992 1555 luisse,
1014 1487 1039 1544 si
1059 1486 1162 1545 Latine
1181 1486 1262 1565 loqui
1284 1487 1409 1546 vellent:

265 1564 334 1625 litet
355 1564 506 1623 Caeeilium
526 1563 661 1624 laudibus
682 1565 796 1623 serantt
822 1565 892 1624 licet
912 1565 1045 1625 Terentii
1065 1567 1175 1646 scripta
1191 1567 1229 1625 sd
1247 1566 1411 1647 Scipionem

267 1646 439 1705 Africanum
450 1645 629 1704 referantur:
652 1665 718 1723 quse
732 1657 828 1705 tamen
838 1658 906 1705 sunt
916 1648 945 1705 in
955 1648 1012 1706 hoc
1025 1668 1132 1725 genere
1146 1647 1374 1726 elegantissima,
1384 1664 1411 1707 et

265 1727 336 1805 plus
346 1725 442 1785 adhuc
455 1726 591 1785 habitura
604 1727 717 1805 gratiae,
732 1726 757 1785 si
771 1727 847 1786 intra
861 1748 963 1787 versus
978 1727 1126 1788 trimetros
1140 1728 1303 1790 stetissent.

522 1837 612 1902 Idem
629 1838 809 1903 Declamat.
825 1839 869 1903 ix.
887 1840 955 1903 sive
971 1838 1155 1905 Gladiator.

306 1918 486 2011 Terentium,
502 1960 588 2019 quem
603 1942 677 1999 inter
691 1955 814 2000 caeteros
827 1942 968 2021 captivos,
980 1942 1107 2001 secundo
1121 1941 1233 2002 Punico
1247 1943 1337 2014 bello,
1352 1942 1411 2003 Sci-

263 2020 314 2101 pio
328 2020 485 2081 Africanus
498 2021 621 2081 vinculis
635 2022 811 2092 exsolverat,
825 2024 973 2081 memoria
989 2023 1135 2083 tradidere
1149 2023 1285 2102 majores,
1300 2026 1411 2103 insigne

264 2116 391 2183 receptae
404 2102 546 2163 libertatis
560 2102 637 2182 pileo
651 2114 806 2162 testantem
819 2104 849 2161 iu
863 2104 1010 2182 triumpho
1023 2104 1106 2164 ducis
1119 2124 1184 2163 esse
1198 2120 1398 2184 conspectum.

630 2212 755 2279 Plinius
768 2213 824 2280 lib.
840 2216 861 2278 i.
877 2216 972 2300 epist.
992 2216 1041 2280 16.

304 2314 390 2395 Legit
409 2315 480 2375 mihi
500 2334 593 2394 nuper
613 2316 761 2395 epistolas,
780 2337 853 2396 quas
873 2318 975 2377 uxoris
993 2338 1058 2378 esse
1073 2320 1198 2391 dicebat,
1214 2320 1354 2380 Plautum
1368 2320 1412 2380 vel

265 2394 435 2457 Terentium
448 2410 543 2456 metro
556 2396 684 2456 solutum
696 2398 755 2476 legi
770 2398 891 2457 credidi.

587 2506 630 2574 A.
648 2508 776 2574 Gellius
797 2508 853 2573 lib.
871 2509 923 2574 vii.
939 2532 1011 2595 cap.
1030 2510 1082 2575 14.

305 2612 385 2675 Vera
402 2625 499 2673 autem
517 2624 548 2671 et
559 2612 679 2691 propria
691 2610 858 2691 hujusmodi
873 2613 1033 2672 formarum
1045 2612 1182 2692 exempla
1195 2615 1224 2673 in
1238 2612 1347 2675 Latina
1357 2616 1411 2693 lin-

264 2712 323 2775 gua
343 2690 389 2752 M.
405 2692 500 2753 Varro
521 2712 585 2752 esse
606 2694 686 2764 dicit,
708 2694 850 2753 ubertatis
871 2694 1042 2764 Pacuvium,
1063 2695 1235 2773 gracilitatis
1256 2696 1410 2766 Lucilium,

263 2774 472 2835 mediocritatis
485 2774 667 2834 Terentium.
847 2802 850 2808 ·

641 2876 733 2944 Idem
747 2878 803 2944 lib.
820 2880 872 2943 vii.
889 2902 961 2964 cap.
977 2879 1030 2945 21.

304 2982 409 3060 Neque
429 3002 535 3060 magno
556 2980 710 3040 intervallo
733 2996 837 3060 postea
860 2982 900 3049 Q.
922 2969 1053 3051 Ennius,
1066 2996 1096 3042 et
1114 2983 1203 3061 juxta
1223 2983 1364 3046 CoeciIIus
1384 2997 1412 3043 et

264 3061 427 3134 Terentius,
439 3083 473 3122 ac
487 3060 791 3122 subindePacuvius:
812 3075 841 3121 et
856 3061 985 3123 Pacuvi0
994 3062 1057 3142 jam
1071 3084 1139 3129 sene
1154 3064 1273 3137 Accius,
1288 3066 1411 3126 clarior·

264 3164 321 3222 que
335 3154 404 3203 tunc
417 3144 447 3203 in
460 3142 602 3223 poematis
615 3163 717 3201 eorum
731 3143 929 3202 obtrectandis
943 3142 1074 3203 Lucilius
1088 3144 1155 3207 tuit.

476 3245 642 3312 Ausonius
658 3246 690 3309 in
706 3247 906 3332 protreptico
921 3247 963 3311 ad
977 3246 1154 3333 Nepotem.
1239 3295 1241 3298 -

436 3345 481 3402 Tu
493 3360 600 3430 quoque
611 3346 661 3429 qui
671 3342 779 3400 Latium
789 3348 861 3429 lecto
873 3362 996 3429 sermone
1007 3345 1118 3404 Terenti
1229 3389 1233 3393 -

437 3416 531 3472 Comus
543 3427 569 3472 et
581 3416 709 3471 adstructo
721 3434 854 3487 percurris
883 3418 968 3487 ulprta
980 3434 1071 3485 socco,

435 3488 482 3543 Ad
492 3502 564 3543 nova
574 3487 620 3542 vis
632 3504 780 3543 memorem
790 3434 911 3543 divalia
921 3489 988 3560 coge
1000 3497 1144 3545 senectam.

190 3673 194 3679 Α
574 3591 725 3658 Lactant.
741 3592 783 3658 de
798 3592 880 3657 falsa
894 3615 964 3679 sap.
980 3616 1052 3679 oap.
1067 3595 1100 3659 4.

301 3699 397 3757 Nemo
416 3709 515 3775 potest
536 3696 572 3755 dc
593 3716 624 3755 se
644 3707 725 3755 recte
740 3694 884 3774 judicare,
898 3696 981 3776 quod
992 3697 1098 3758 nobilis
1112 3712 1202 3777 poeta
1215 3710 1352 3771 testatur,
1367 3700 1413 3759 Ita

261 3781 337 3841 enim
351 3792 547 3857 comparatam
561 3796 625 3835 esse
639 3776 791 3836 hominum
803 3790 947 3848 naturam,
962 3791 1019 3837 etc.

457 3888 596 3954 Hieron.
612 3888 644 3952 ln
660 3888 834 3967 Chronico,
850 3887 982 3974 Olymp.
1003 3891 1073 3954 155.
1089 3914 1163 3956 ann.
1180 3892 1212 3956 3.

299 3996 334 4055 P.
349 3994 504 4053 Terentius
519 3990 767 4070 Carthaginiensis
785 3990 997 4052 comoediarum
1014 3993 1140 4071 scriptor
1161 3995 1199 4053 ob
1218 3994 1368 4073 ingenium
1382 4006 1411 4053 et

260 4077 384 4137 sormam
399 4074 537 4147 libertate
558 4072 692 4140 donatus,
713 4072 744 4130 in
761 4071 888 4131 Arcadia
901 4074 1042 4132 moritur:
1065 4074 1116 4151 qui
1129 4075 1253 4153 primam
1266 4076 1411 4135 Andriam

258 4166 415 4235 antequam
429 4152 583 4225 AEdilibus,
599 4152 720 4213 Caeessio
732 4152 856 4211 multum
872 4172 903 4211 se
917 4154 1032 4212 miranti
1045 4154 1128 4233 legit.

477 4265 588 4331 Idem:
612 4265 653 4330 de
669 4264 791 4350 optimo
807 4287 927 4349 genere
940 4266 1186 4351 interpretandi.

298 4371 453 4433 Terentius
469 4368 674 4439 Menandrum,
690 4366 812 4427 Plautus
830 4380 861 4427 et
878 4366 1015 4428 cesetius
1034 4382 1151 4429 veteres
1171 4370 1298 4431 comicos
1319 4371 1410 4431 inter·

257 4453 364 4533 pretati
384 4463 470 4513 sunt:
499 4448 643 4529 numquid
662 4450 780 4511 lraerent
796 4448 828 4509 in
848 4449 972 4511 verbis?
998 4467 1108 4512 acuon
1122 4452 1259 4513 decorem
1272 4454 1367 4533 megia
1380 4465 1410 4510 et
