2834 4759
223 41 391 125 Cognatus
406 40 485 105 mihi
498 52 585 107 erat:
610 64 674 106 una
688 66 708 107 a
722 46 833 128 pueris
848 44 989 129 parvolis

223 141 343 206 Sumus
358 141 505 207 educati:
529 164 594 205 una
609 162 738 225 semper
750 141 871 207 militiae
884 155 918 208 et
932 143 1019 208 domi

173 252 212 299 5⁰
224 239 374 304 Fuimus:
398 250 623 326 paupertatem
637 262 702 305 una
715 240 906 325 pertulimus
920 262 1061 327 gravem.

223 337 436 423 Quapropter
451 340 546 416 nitar,
560 337 685 415 faciam,
700 340 861 423 experiar,
877 340 1016 425 denique

222 436 373 501 Animam
388 436 565 523 relinquam
579 439 700 522 potius,
717 460 813 523 quam
826 436 897 512 illas
912 437 1069 502 deseram.

222 533 314 608 Quid
330 534 409 603 mihi
420 536 621 621 respondes?
660 535 727 599 Da.
745 535 891 601 Fratrem
905 538 1102 613 conveniam,
1117 535 1243 621 Hegio:

221 633 256 698 ls
271 635 361 719 quod
376 634 453 699 mihi
468 636 510 700 de
524 635 586 699 hac
599 657 634 700 re
649 634 778 700 dederit
792 633 969 712 consilium,
984 634 1020 698 id
1035 656 1163 719 sequar.

173 745 208 791 tt
223 732 294 796 Ha.
312 732 391 810 Sed,
407 732 543 811 Demea,
558 732 621 798 hoc
636 745 671 798 tu
687 732 784 799 facito
798 754 872 797 cum
886 734 990 796 animo
1006 734 1142 818 cogites,

223 829 333 904 Quam
347 854 404 895 ros
421 829 578 897 facillume
595 833 701 917 agitis,
717 853 813 916 quam
827 832 904 897 estis
917 854 1065 897 maxume

221 928 392 1005 Potentes,
408 928 504 1007 dites,
520 928 686 1007 fortunati,
702 929 844 1008 nobiles3

220 1026 307 1091 Tam
322 1050 470 1091 maxume
486 1050 543 1091 vos
558 1049 652 1112 aequo
667 1028 772 1092 animo
787 1051 880 1113 aequa
895 1048 1029 1093 noscere

222 1124 376 1210 Oportet,
393 1127 421 1189 si
435 1149 492 1191 vos
507 1125 600 1191 voltis
616 1127 782 1213 perhiberi
796 1128 928 1212 probos.

96 1296 97 1299 Ἴ
171 1234 207 1282 to
221 1222 292 1287 Da.
308 1222 449 1288 Redito:
472 1224 563 1303 fient,
580 1248 653 1311 quae
667 1226 739 1290 fieri
754 1226 933 1311 aequom’at,
949 1226 1065 1289 omnia.

94 1323 96 1325 ’
219 1321 291 1386 Hir.
309 1321 417 1387 Decet
431 1335 464 1388 te
478 1323 596 1389 facere.
636 1325 735 1402 Geta,
752 1324 817 1389 duc
829 1346 883 1407 me
895 1324 980 1388 intro
995 1323 1038 1387 ad
1051 1322 1239 1388 Sostratam.

206 1459 249 1505 48.
263 1459 379 1522 Cognata:
386 1461 442 1507 msa:
452 1458 515 1522 erat]
528 1460 607 1509 Caura
618 1459 737 1524 exposita,
770 1460 885 1521 spondere.
919 1460 1032 1521 &eaden
1041 1456 1118 1519 Wie.)
1128 1459 1202 1506 verba
1211 1458 1310 1507 fundere

169 1525 226 1587 jam
245 1523 297 1585 agi:
318 1523 399 1586 Hegio
416 1524 447 1572 de
465 1540 569 1588 persona
587 1540 637 1583 aua,
656 1536 738 1574 utrum
770 1536 805 1582 ut,
814 1526 1039 1587 Fandltquehmore
1047 1526 1156 1585 querelae
1179 1526 1311 1586 Respondet.

171 1596 244 1637 recte
255 1586 342 1636 saciat:
360 1599 387 1637 ut
398 1604 470 1652 quam
479 1604 608 1653 personam
616 1588 711 1639 inducit
721 1594 737 1624 θ
770 1588 905 1653 posteriore
911 1588 964 1637 loco
971 1588 1058 1636 dicere
1081 1590 1312 1637 Fratreacouvenim

172 1651 293 1703 ostendat
313 1652 441 1703 habiturus
464 1653 543 1717 (quam
563 1672 680 1717 personam
700 1658 737 1702 ia·
771 1656 809 1702 He
826 1652 859 1717 ἱο]
871 1652 1312 1717 Vultuosepronunciandumhocquo

174 1720 266 1773 deerit,
282 1734 351 1779 porro
368 1734 392 1766 se
408 1722 512 1767 ostendat
528 1722 665 1768 debiturum.
690 1719 741 1781 Ζ.).
774 1672 873 1777 addidit,
881 1720 972 1782 Hegio:
989 1716 1146 1781 quetidicat3
1164 1718 1242 1767 resin
1253 1732 1313 1767 man*

174 1784 262 1839 Quum
273 1782 435 1831 amicitiarum
443 1784 491 1833 duo
499 1798 589 1847 genera
599 1784 655 1843 sint,
665 1800 742 1833 unum
774 1782 857 1832 fratris
868 1792 905 1831 est
915 1782 1053 1841 constituta,
1064 1797 1113 1829 nou
1125 1798 1186 1830 mea.
1211 1784 1242 1831 D.

85 1856 95 1920 ³.
174 1847 353 1904 necessarium,
365 1846 445 1905 idest,
458 1848 626 1923 propinquitas
642 1849 741 1924 sanqui-
807 1850 846 1896 54.
865 1848 943 1896 Toms
960 1848 1135 1923 vereus'abest
1153 1847 1179 1895 in
1195 1847 1314 1923 ‘Bembim

173 1912 231 1961 nia:
245 1911 351 1960 alterum
360 1913 529 1972 voluntarium,
537 1929 585 1977 quo
591 1914 661 1963 nobis
669 1924 741 1962 etiam
774 1917 857 1976 Atque
869 1913 982 1961 Muretus
993 1926 1104 1976 spurium
1119 1923 1221 1976 putant,
1232 1928 1288 1961 cum
1299 1914 1314 1961 d

174 1975 324 2025 alienissimi
331 1980 518 2041 coniunguntur.
542 1978 675 2027 Micionem
682 1978 743 2027 dicit
775 1977 887 2027 AEschini
906 1978 979 2025 rebus
997 1976 1059 2025 nihil
1077 1977 1167 2025 laceret
1187 1977 1280 2025 Demea
1299 1994 1315 2026 e.

85 2100 86 2105 ¹
175 2056 205 2091 ec
220 2042 349 2099 Demeam,
362 2052 387 2089 et
402 2043 477 2102 vivos,
490 2054 515 2091 et
525 2043 675 2092 voluntarios
686 2053 740 2093 tan·
773 2042 875 2092 consilio
887 2041 1009 2090 Micionia
1038 2042 1072 2090 Et
1080 2051 1146 2089 certe
1158 2042 1270 2091 Donatus
1280 2058 1316 2091 no:

175 2105 293 2155 tumsibi
309 2106 399 2155 amicos
412 2122 472 2156 esse.
507 2107 625 2157 Simulum
639 2124 704 2166 vero,
718 2117 743 2158 et
774 2107 871 2156 videtur
885 2105 955 2155 illum
970 2106 1066 2170 legisse,
1083 2122 1139 2154 cum
1155 2106 1226 2164 dicat,
1246 2110 1315 2156 lieri

176 2182 312 2229 mortuum,
327 2180 351 2219 et
362 2186 412 2220 non
428 2172 506 2221 solum
518 2172 649 2231 voluntate,
662 2172 706 2221 sed
718 2182 743 2223 et
773 2172 932 2235 monafrotra's
942 2178 977 2219 ert
987 2174 1117 2231 comitutu,
1128 2188 1171 2219 nor:
1181 2188 1238 2220 mea.
1262 2172 1289 2219 Z.

85 2236 94 2297 ᾗ·
175 2236 362 2285 necessitudine
374 2234 477 2285 amicum
489 2237 564 2287 luisse
575 2240 739 2300 conjunctum.
805 2238 843 2285 55.
857 2239 909 2295 Sed,
921 2239 1015 2294 Demea,
1026 2239 1066 2284 loc
1077 2234 1195 2299 tusacito]
1208 2235 1317 2300 'Eritepd

178 2302 210 2349 ln
220 2316 271 2364 qua
279 2315 306 2349 re
316 2311 340 2348 et
350 2300 385 2348 illi
393 2302 562 2361 nondeeritet
569 2303 607 2351 his
614 2314 739 2367 purgatur.
771 2300 1035 2365 rsurumpralrabitae
1044 2300 1244 2350 comminationis.
1264 2302 1318 2349 D.-

87 2380 98 2429 j
176 2364 227 2414 Sed
240 2376 267 2414 et
280 2368 396 2429 Cognata:
405 2370 461 2414 mint
472 2376 530 2423 arat,
543 2367 611 2416 vultu
626 2368 739 2430 adJuvat:
772 2370 824 2424 Sed,
836 2370 929 2422 Demea,
938 2368 978 2414 lroe
987 2366 1025 2429 ta]
1037 2365 1159 2420 Quoniam
1168 2366 1262 2415 Demea
1272 2382 1319 2416 sen

96 2439 98 2441 ’
176 2432 237 2495 quia
250 2445 301 2479 non
312 2446 327 2479 a
337 2431 507 2493 conjunctione
521 2432 643 2497 inceptiva
654 2432 741 2481 sumsit
772 2431 873 2479 tentiam
882 2430 994 2495 petitioni
1002 2430 1076 2479 talem
1082 2431 1189 2488 dederat,
1196 2442 1223 2479 ut
1231 2431 1319 2480 lratren

87 2538 108 2561 ἦ
177 2495 318 2544 exordium.
361 2498 475 2559 Cognatas
494 2500 550 2545 mant
570 2496 633 2561 erat]
655 2497 742 2546 Officia
773 2512 800 2544 re
811 2496 903 2544 diceret
913 2505 1102 2544 conventurum:
1117 2497 1168 2557 jam
1177 2495 1217 2544 hic
1226 2496 1320 2560 ampliu:

177 2560 259 2609 multe
269 2570 355 2609 contra
366 2560 471 2609 officium
482 2576 558 2610 unum
569 2562 669 2610 Demeae
679 2562 741 2610 ami·
773 2560 824 2625 agit
834 2572 860 2609 ut
870 2559 1021 2625 persuadeat,
1032 2560 1098 2609 aliud
1108 2561 1161 2608 lieri
1171 2576 1219 2608 non
1229 2560 1316 2610 debere

177 2624 415 2674 citiaeacMicionia
432 2626 741 2689 D.—Cognatusmittarat]
773 2635 903 2702 propterea
924 2625 1037 2688 quoniam
1058 2624 1152 2674 nobiles
1171 2625 1217 2674 viri
1240 2637 1321 2689 quant:

87 2732 93 2755 z.
177 2690 251 2739 Dicit
262 2688 311 2738 sibi
322 2690 491 2739 necesritatem
503 2691 641 2751 maximam,
654 2703 682 2740 ut
692 2692 743 2740 vir·
774 2690 834 2739 clar:
845 2700 902 2739 sunt
913 2690 998 2753 mam’s,
1008 2700 1074 2738 tanto
1085 2690 1140 2754 plua
1148 2689 1238 2738 debent
1249 2690 1321 2739 omni:

88 2756 90 2776 ³
177 2757 264 2819 ginem
281 2754 401 2813 defendat,
414 2755 435 2804 si
450 2756 546 2805 deserta
557 2756 637 2814 suerit,
650 2772 681 2805 ex
695 2758 741 2804 hoc
770 2757 836 2818 justa
847 2754 975 2821 complere,
988 2754 1009 2803 si
1020 2754 1096 2804 velint
1107 2754 1194 2803 lamam
1210 2755 1322 2818 integrari

177 2820 554 2870 cumul....sibisueratcum
569 2820 656 2885 puellas
672 2832 742 2885 patre
773 2820 811 2868 sui
838 2819 944 2869 nominis
965 2820 1097 2869 continere.
1131 2821 1209 2875 Quam
1231 2836 1283 2869 rem
1306 2836 1320 2869 e

178 2886 222 2947 (ea
233 2888 275 2933 hoc
286 2887 387 2933 mmulm
392 2888 430 2947 stt,
442 2889 502 2949 quod
512 2884 743 2947 multasamtltarr'tn:
774 2886 930 2950 persuasione
939 2885 1071 2949 impetrant
1081 2884 1199 2947 (impenm
1208 2884 1256 2947 Z.)‚
1266 2887 1323 2949 quoi

90 2966 92 2968 ’
178 2946 265 3011 sitis.
285 2966 304 2997 e.
321 2966 344 3011 p.
360 2968 383 3012 p.
409 2950 457 3011 Ζ.).
496 2950 626 2999 E.-Illud
644 2954 742 3013 parvoli,
774 2949 971 2999 voluerataenex.
999 2949 1111 3012 Denique
1119 2951 1220 2999 demeat
1230 2961 1323 2999 senten·

85 3027 103 3049 τ
178 3014 247 3079 quod
259 3014 286 3062 in
297 3014 366 3063 libris
376 3015 520 3078 quibusdam
532 3025 606 3073 extat,
618 3026 655 3065 est
669 3016 742 3080 plane
774 3015 822 3065 tia:
834 3018 1018 3078 Μεμβινί
1029 3032 1118 3078 aquam
1126 3023 1167 3073 ert,
1180 3018 1260 3064 mute
1284 3016 1314 3064 Ε.

85 3095 91 3107 ¹·
177 3081 302 3145 ineptum.
326 3080 354 3127 B.
807 3080 846 3127 66.
867 3083 939 3132 Qum
957 3097 996 3129 ors
1009 3078 1124 3141 facillime
1143 3080 1229 3144 agitis]
1250 3080 1286 3128 Ut
1305 3094 1324 3129 et

213 3145 255 3193 49.
268 3143 324 3192 Nisi
341 3160 385 3208 pro
402 3148 493 3193 educati
508 3144 575 3209 legas
591 3143 675 3202 educti,
688 3160 742 3193 ver-
774 3160 855 3209 supra,
867 3147 967 3193 Facilem
974 3148 1057 3193 victam
1065 3153 1134 3208 paret
1143 3145 1247 3207 (Forsan
1257 3161 1325 3194 eme·

93 3268 97 3286 Ἴ,
180 3219 462 3273 suasmrenonpotest
488 3210 516 3259 B.
775 3208 852 3257 moria
861 3208 969 3258 laudarit
979 3209 1060 3258 locum
1075 3210 1140 3259 Eun.
1151 3209 1177 3258 ii.
1190 3212 1212 3258 2.
1226 3212 1264 3259 ³0.
1297 3214 1326 3259 lo

214 3275 254 3321 to.
267 3274 430 3336 Paupertatem
438 3292 484 3323 uua
491 3271 741 3337 pertulimargraeere]
775 3272 922 3337 tonsoctlem
930 3278 1013 3323 oletum
1020 3274 1141 3337 ᾳιιινονε).
1158 3286 1184 3323 et
1191 3274 1247 3323 vide
1259 3290 1326 3337 quam

180 3338 336 3401 'Eswaoopd
354 3347 404 3387 est:
428 3339 486 3402 quia
513 3339 590 3402 magia
616 3339 743 3403 conjungit
774 3338 1327 3402 oratoriolaudeasumserit(exciditrecaadun

92 3422 95 3425 ·
178 3402 303 3451 malorum
314 3402 470 3461 consortium,
481 3420 554 3467 quam
566 3406 690 3453 bonorum.
709 3404 740 3452 D.
775 3402 817 3467 Z.)
828 3414 971 3468 argumenta
981 3404 1105 3453 suadendi
1128 3405 1160 3452 D.

85 3470 92 3500 ἒ
215 3469 255 3516 51.
272 3468 353 3527 Nitor,
367 3466 463 3531 socium,
481 3467 598 3532 experior]
616 3468 657 3517 Sic
673 3468 741 3527 dicit,
807 3470 845 3517 66.
861 3472 938 3533 AEquo
953 3472 1027 3517 animo
1043 3486 1109 3531 equo
1124 3483 1214 3517 earcere
1230 3468 1328 3532 oportet]

181 3546 214 3581 ue
225 3532 293 3581 dieat
304 3535 435 3582 medicato:
453 3531 583 3596 quodvult
599 3533 676 3596 magis
691 3534 741 3597 sig·
775 3534 844 3582 Bene
859 3532 929 3591 dixit,
941 3550 1004 3596 equo
1018 3537 1109 3581 auimo:
1126 3533 1183 3595 quia
1199 3534 1329 3597 potentiori

91 3611 93 3623 <
182 3596 310 3646 uilitatum
329 3612 389 3655 esse,
402 3612 473 3660 quam
491 3598 590 3647 dictum.
624 3598 658 3646 Et
672 3613 703 3646 ne
719 3598 743 3647 ei
775 3610 800 3647 et
808 3598 901 3647 fortiori
910 3607 994 3646 contra
1003 3609 1113 3647 naturam
1124 3607 1161 3646 eat
1169 3597 1276 3661 equitas.
1298 3598 1329 3646 D.

86 3690 88 3695 ν
182 3662 313 3720 diceretur,
322 3666 382 3710 nihil
390 3666 490 3724 poterin
507 3661 571 3725 quod
580 3662 611 3710 ad
621 3662 742 3727 incipien-
807 3664 846 3710 60.
859 3660 954 3725 Redite]
968 3662 1161 3725 Prosequebatur
1172 3676 1330 3724 eum,quem-

85 3744 91 3803 ſs
182 3728 241 3775 dum
253 3726 351 3785 sufficit,
363 3727 433 3784 dixit,
445 3732 558 3789 erperter.
584 3728 616 3776 D.
775 3728 904 3776 admodum
919 3726 1163 3791 appareteaverbia.
1191 3728 1330 3790 D.-Lege,

215 3794 255 3841 tr.
269 3796 375 3840 Animam
386 3795 512 3856 relinquam
527 3791 615 3855 potius]
629 3792 744 3841 Modesta
775 3795 874 3841 Recito:
882 3790 1283 3855 fient,sieriqueaequomat,mnaia.
1301 3792 1330 3840 D.

182 3856 351 3905 comminatio:
364 3856 433 3921 prius
441 3856 550 3919 quidaibi
558 3858 635 3921 possit
645 3858 743 3906 evenire
808 3859 846 3905 61.
862 3859 933 3905 Decet
945 3864 967 3904 te
974 3854 1069 3918 secere]
1082 3856 1190 3905 Sollicita
1203 3856 1331 3919 obsequela

85 3926 89 3937 ‘⁴
182 3920 696 3985 dixitquamquidpassurussitAEsehinua
710 3922 742 3969 D.
777 3920 1330 3985 Hegioniamltimainloquendo,ostenditim·

216 3988 255 4034 ta
271 3986 333 4041 Quid
354 3990 410 4035 milri
426 3984 578 4049 responderl]
601 3989 744 4049 Respondere
776 3986 1330 4051 potentiorempersonamcontraAEschinum;

246 4051 283 4099 rie
297 4050 480 4114 dicitur,quum
493 4054 586 4116 (queis.
599 4051 690 4113 eai)lis
703 4052 743 4099 in·
776 4067 824 4114 quo
851 4050 929 4113 magis
954 4050 1069 4113 gaudium
1091 4051 1178 4099 crescit
1199 4051 1331 4108 comaediae,

185 4126 225 4163 ten
243 4116 301 4164 itur.
335 4119 478 4179 Reapmrdere
496 4117 561 4165 enim
581 4128 618 4164 eat
637 4116 744 4181 priorem
776 4114 962 4179 quandotaliac
974 4125 1042 4163 tanto
1051 4115 1182 4179 pauperior
1189 4116 1276 4180 puella,
1288 4118 1331 4165 sed

184 4180 281 4245 alloqui,
304 4180 372 4244 quasi
396 4182 543 4247 respondere
565 4180 643 4245 (quast
665 4198 745 4229 rursu:
777 4192 858 4230 tamen
869 4180 958 4244 cupita,
967 4182 1090 4243 jungetur.
1113 4180 1145 4229 D.
