2834 4759
249 210 367 269 xxxviii
637 208 749 270 DAN.
772 208 1012 271 HEINSIUS

248 358 336 478 me
356 338 420 396 lieri
442 348 571 415 putatur.
615 339 713 406 Quale
732 352 786 409 est,
804 360 905 419 pugno
915 340 1062 420 frangere
1079 337 1227 417 elephanto
1246 336 1392 407 brachium,

304 418 359 477 'olo
373 418 402 476 ia
415 419 513 477 coelum
523 421 680 497 peruenire.
718 419 758 477 Et
773 435 819 479 est
837 420 985 499 frigidum,
1005 440 1073 479 eum
1089 420 1132 478 ita
1147 440 1166 478 a
1185 418 1318 479 familiari
1337 439 1392 477 ser-

248 520 334 559 mone
348 500 442 559 oratio
456 500 576 569 recedit,
592 515 624 559 ut
638 501 676 559 ad
689 520 776 559 usum
790 501 915 580 amplius
931 502 1082 560 transferri
1100 513 1234 578 nequeat.
1270 499 1341 558 Tale
1353 512 1393 558 ast

249 580 323 639 illud
337 581 464 638 ibidem:

319 672 348 728 Si
360 682 422 727 ants
432 674 521 727 lucem
532 672 571 726 ire
584 674 700 745 occipias
713 692 802 729 amec
813 675 902 745 primo
914 676 1033 740 nomine,

318 744 490 799 Concubium
502 744 537 797 sit
549 744 647 810 noctis,
661 745 820 815 priusquam
830 744 865 799 ad
876 754 1044 815 postremum
1055 744 1217 816 penensfie.

249 832 364 892 Crescit
379 844 475 891 tamen
491 834 639 911 frigidum,
654 854 722 893 cum
736 834 819 893 addit
833 834 928 893 alter:

318 926 395 997 Opus
407 927 465 981 sees
477 936 517 982 est
529 937 556 983 et
568 927 666 982 viatico
678 926 713 981 ad
725 936 804 983 tuum
815 946 925 994 nomeu,
938 936 970 982 ut
981 936 1013 983 tu
1025 926 1164 998 praedicas

248 1014 327 1083 Quae
348 1017 373 1074 si
393 1014 497 1095 pedem
517 1036 608 1075 unum
626 1028 711 1075 extra
728 1036 845 1075 scenam
859 1019 945 1082 ieras,
960 1018 1095 1095 protinus
1116 1017 1287 1093 putisoent3
1310 1036 1393 1093 neque

250 1098 288 1157 ad
301 1117 386 1155 usum
401 1096 540 1175 applicari
555 1110 703 1177 poterunt.
737 1096 848 1162 Qualia
861 1118 914 1157 nec
928 1098 1027 1176 Scipio
1044 1118 1099 1156 nec
1112 1097 1233 1167 Laelius,
1249 1099 1305 1157 flos
1318 1098 1393 1155 nobi·

249 1177 351 1248 litatis,
366 1176 412 1235 vel
427 1179 455 1235 in
472 1199 558 1237 scena
572 1180 793 1256 approbassent.
830 1178 1005 1239 Plutarchus
1024 1191 1113 1247 certe,
1134 1192 1220 1239 extra
1239 1178 1395 1238 liberalium

250 1259 363 1317 theatra
377 1278 410 1317 ac
424 1258 587 1329 doctorum,
605 1258 697 1318 libere
715 1258 836 1337 relegat.
872 1259 999 1320 Ridiculi
1014 1259 1091 1317 enim
1105 1279 1140 1317 ac
1154 1260 1246 1338 inepti
1261 1273 1337 1327 sunt,
1351 1258 1394 1334 qui

250 1339 361 1417 plebeis
376 1351 487 1398 tantum
507 1340 594 1399 scribi
613 1340 788 1399 comoediam
802 1340 991 1411 existimant:
1014 1360 1081 1400 cum
1095 1360 1154 1399 non
1169 1343 1267 1401 minus
1282 1340 1395 1401 cruditis

250 1421 404 1480 scribatur.
440 1420 531 1486 Quod
545 1434 575 1479 et
589 1420 712 1479 Flaccus
726 1422 831 1492 scivit:
853 1422 905 1499 qui
918 1443 978 1481 non
993 1422 1054 1480 sine
1069 1440 1176 1481 causa:

320 1512 455 1578 Creditur,
469 1532 502 1568 ex
513 1513 603 1569 medio
615 1515 678 1587 quia
690 1531 732 1569 res
744 1515 863 1580 arcessit,
877 1516 976 1571 babere

320 1583 432 1639 Sudoris
444 1585 602 1650 minimum
624 1585 670 1638 red
683 1585 765 1639 babet
776 1585 908 1641 cornoetlia
919 1595 996 1641 tauto

320 1654 386 1709 Plus
399 1656 500 1721 oneris,
514 1666 616 1726 quanto
628 1656 714 1709 venia
725 1658 823 1712 minus.

250 1742 365 1803 Deinde
387 1756 483 1801 autem
505 1743 602 1802 Plauti
624 1757 654 1802 et
674 1743 820 1803 Dossenni
843 1746 936 1804 utitur
959 1746 1106 1825 exemplo,
1131 1767 1206 1824 qnos
1228 1766 1345 1805 securos
1363 1743 1394 1801 de

246 1824 366 1902 judiciis
381 1824 532 1882 doctorum
548 1826 597 1883 ait.
640 1824 680 1883 Et
701 1826 765 1884 haec
777 1824 815 1884 ad
827 1826 968 1896 divinum,
984 1841 1016 1885 ut
1032 1828 1094 1905 jam
1108 1827 1180 1896 dixi,
1195 1848 1230 1885 ac
1251 1828 1394 1886 subactum

250 1906 280 1964 in
296 1905 341 1963 bis
362 1904 534 1982 principem,
549 1905 632 1983 cujus
647 1926 700 1966 nec
718 1906 863 1983 judicium
877 1927 930 1965 nec
946 1922 1120 1967 caeterorum
1136 1908 1271 1985 ignorare
1285 1928 1319 1965 ea
1331 1920 1394 1964 tem·

250 1999 364 2065 pestate
379 1986 484 2063 potuit.
528 1985 567 2043 Et
581 1984 664 2063 cujus
677 1984 823 2065 judicium
837 1988 932 2047 vereri
946 1988 1104 2058 debuisset,
1120 1990 1175 2046 nisi
1190 1988 1269 2047 idem
1283 1986 1395 2046 aliorum

250 2066 363 2125 fuisset.
405 2064 471 2125 Jam
492 2064 541 2125 illa
562 2066 729 2144 Epicharmi
751 2068 885 2138 imitatio,
907 2083 940 2126 ut
960 2069 1156 2137 festivissima,
1180 2069 1229 2139 ita,
1249 2070 1274 2127 si
1289 2069 1326 2126 sit
1345 2066 1394 2123 sre-

251 2167 352 2224 quens,
375 2146 484 2225 frigore
505 2166 565 2205 non
586 2160 674 2206 caret.
719 2148 798 2213 Quae
820 2148 862 2217 fit,
885 2169 951 2207 cum
972 2148 1018 2207 vel
1041 2149 1113 2208 falsa
1134 2166 1333 2228 opponuntur,
1352 2158 1395 2204 aut

251 2227 417 2306 subjeetum
432 2228 508 2285 idem
523 2240 568 2285 est
582 2249 648 2286 cum
664 2228 834 2307 praedicato.
879 2228 922 2287 Ut
936 2250 1002 2288 cum
1017 2230 1214 2309 Epicharmus
1229 2229 1325 2288 dixit:

330 2332 397 2383 Τόκα
410 2329 456 2399 μὲν
470 2330 497 2383 ἐν
509 2328 593 2398 rimer
606 2329 656 2402 ἐγὼ
669 2328 708 2397 ἦν,
724 2331 786 2385 τόκα
798 2330 827 2385 di
840 2332 910 2402 παρὰ
923 2330 1017 2400 rivers.

332 2418 410 2473 Tunc
423 2418 566 2474 interillos
579 2436 629 2489 ego
643 2435 726 2483 eram,
739 2426 806 2475 tunc
817 2418 890 2489 apud
902 2420 972 2475 illos.

251 2516 302 2576 Bis
316 2518 393 2575 enim
415 2517 491 2575 idem
506 2518 594 2587 dicit:
617 2538 684 2594 quae
704 2530 749 2575 est
763 2517 842 2575 frans
857 2516 886 2574 in
905 2518 1003 2575 verbis
1017 2532 1125 2594 praeter
1144 2517 1393 2595 exspectationem.

251 2596 335 2656 ldem
348 2612 445 2657 autem
460 2610 505 2656 est
526 2618 592 2656 oum
613 2596 776 2675 praedicato
790 2596 975 2676 subjectum:
998 2613 1031 2655 ut
1051 2598 1082 2656 in
1096 2598 1154 2657 illis
1168 2598 1290 2657 Curcul.
1305 2609 1357 2655 act.
1369 2611 1393 2648 ι.

252 2698 338 2738 scena
351 2684 380 2737 4.

321 2772 393 2838 Quoi
405 2772 509 2827 homini
522 2771 558 2826 dii
571 2780 634 2827 sunt
646 2772 766 2842 propitii,
780 2772 873 2825 sinon
885 2788 942 2825 csse
954 2772 1037 2826 iratos
1049 2780 1125 2841 puto.

252 2862 353 2921 Sticho
367 2884 374 2921 :

320 2956 343 3010 Ε
356 2956 432 3011 malis
444 2956 547 3021 multis,
560 2955 662 3011 malum
673 2954 748 3026 quod
761 2955 904 3011 minimum
915 2964 966 3021 eat,
980 2954 1008 3011 id
1020 2956 1165 3011 minimum
1175 2966 1217 3012 est
1228 2957 1336 3013 malum.

254 3044 388 3125 Captivis
400 3065 408 3103 :

321 3140 381 3195 Hos
393 3157 461 3211 quos
473 3138 569 3193 videtis
582 3146 651 3192 stare
663 3138 786 3209 captivos
797 3137 877 3203 duos,

321 3226 360 3281 Hi
372 3234 453 3292 stant,
466 3243 523 3279 nou
535 3222 637 3279 sedent.

251 3318 329 3384 Quae
346 3315 408 3393 jam
422 3314 500 3373 docti
513 3312 704 3390 collegerunt.
748 3311 834 3371 Unde
855 3326 884 3371 et
904 3312 989 3371 istam
1010 3315 1115 3373 summi
1136 3315 1229 3374 critici
1251 3324 1391 3375 censuram

252 3412 360 3456 meruit
370 3418 376 3455 :

321 3490 432 3544 Plautus
444 3488 478 3543 sd
491 3490 626 3560 exemplar
639 3487 723 3543 Siculi
734 3503 878 3557 properare
891 3486 1046 3558 Epicharmi

320 3559 440 3615 Dicitur.

251 3650 428 3728 Quanquam
452 3668 521 3707 sane
545 3648 613 3707 alibi
635 3668 692 3707 non
715 3648 869 3705 invenuste
890 3646 926 3705 iis
948 3668 1019 3705 usus
1039 3661 1094 3706 est.
1137 3648 1217 3714 Quae
1240 3640 1390 3707 Menander

250 3746 357 3797 tamen,
373 3742 402 3789 et
422 3731 519 3807 imago
539 3729 613 3807 ejus,
628 3728 665 3787 de
687 3748 747 3805 quo
766 3748 844 3786 nunc
865 3728 970 3804 agitur,
989 3728 1156 3797 Terentius,
1175 3745 1312 3807 tanquam
1332 3736 1390 3781 cum

250 3811 381 3892 periculo
396 3810 560 3888 conjuncta,
580 3810 656 3868 serio
670 3810 819 3886 fugerunt.
861 3808 938 3867 Haec
956 3828 1010 3886 pro
1024 3810 1088 3867 viro
1110 3812 1239 3869 maximo
1258 3803 1389 3868 Horatiot

250 3912 344 3971 neque
359 3892 500 3950 adversus
515 3890 650 3948 Plautum
666 3888 745 3947 dicta
760 3902 837 3957 sum,
853 3909 940 3965 quem
954 3910 1094 3960 amamus,
1109 3892 1291 3969 suspicimus,
1306 3880 1391 3968 diligi

250 3996 325 4045 mus,
341 3994 375 4031 ac
391 3991 579 4041 veneramur;
603 3990 715 4037 verum,
729 3982 762 4027 ut
774 3969 918 4047 judicium
941 3972 982 4027 sic
1000 3990 1156 4041 acuamus:
1178 3971 1264 4030 simul
1279 3982 1311 4027 ut
1323 3973 1391 4023 acutl

250 4056 308 4119 isti,
330 4052 411 4131 quod
433 4052 567 4110 videntur
590 4052 655 4119 sibi,
679 4052 720 4109 ita
738 4050 948 4108 facetissimum
969 4052 1141 4129 scriptorem
1164 4066 1272 4120 ament,
1293 4048 1388 4122 legant,

251 4148 377 4195 tractent
397 4146 485 4211 atque
499 4133 631 4190 ediscant
644 4131 738 4208 (quod
756 4143 787 4188 et
807 4144 885 4188 recte
900 4144 931 4189 et
951 4132 1053 4189 ordine
1073 4135 1110 4191 ab
1132 4134 1167 4190 iis
1182 4132 1245 4191 fieri
1259 4132 1387 4190 fatemur:

251 4234 347 4293 neque
362 4214 437 4272 enim
453 4214 523 4272 satis
539 4212 734 4271 commendari
749 4218 860 4290 potest)
875 4224 907 4269 ut
921 4230 975 4269 nec
989 4211 1074 4290 plane
1088 4226 1118 4271 et
1132 4214 1242 4291 ubique
1255 4206 1389 4291 veteribus

250 4299 389 4375 probasse
401 4314 431 4352 se
446 4295 647 4353 meminerint:
668 4306 707 4361 et,
722 4291 803 4369 qnod
814 4292 861 4349 bic
876 4293 1023 4370 praecipue
1035 4306 1211 4371 spectamus,
1224 4294 1262 4353 de
1276 4288 1388 4348 Horam

249 4379 373 4456 ejusque
396 4374 473 4443 crisi,
499 4375 595 4433 minus
621 4374 712 4433 libere
737 4372 913 4450 loquantur:
943 4373 1076 4432 Terentii
1101 4388 1200 4434 autem
1227 4374 1337 4434 miram,
1359 4374 1388 4417 ³⁰

246 4479 340 4538 prope
359 4454 536 4516 ineflabilem
556 4455 766 4521 amoenitatem,
779 4452 964 4531 elegantiam,
983 4454 1139 4533 judicium,
1156 4477 1190 4515 ac
1209 4458 1400 4516 renuentem,
