2834 4759
66 158 180 209 acnua
193 138 264 228 11·]g
519 138 759 205 HECYRA.
1153 139 1218 205 aot

112 272 202 339 Pan.
216 271 298 339 Non
310 272 407 351 meae,
422 294 483 338 nec
495 274 604 339 mitten
617 274 751 359 quidem
765 275 888 339 uisendi
903 296 1001 341 cauea
1015 294 1220 360 quemquam.

115 370 274 456 Numqui
288 383 374 436 amet
387 372 440 437 cui
454 372 530 436 odio
543 372 633 457 ipeue
648 384 709 451 est,
725 374 775 438 bis
791 373 897 439 fecere
913 372 1010 438 stulte
1026 374 1129 441 duco:

72 524 81 539 .
116 468 280 535 Laborem
292 470 419 535 inanem
432 470 523 555 ipsus
538 470 637 555 capit,
652 484 686 536 et
699 470 745 535 illi
758 471 936 537 molestiam
951 472 1058 537 affert.

71 578 104 627 1⁰
116 567 205 633 Tum
219 580 327 633 autem
341 567 427 632 filius
444 581 519 633 tuus
533 570 656 633 introiit
670 569 792 649 videre,
807 581 844 635 ut
858 571 957 647 renit,
973 571 1052 655 quid
1067 580 1153 653 agat.

115 666 172 733 So.
188 666 280 741 Quid
302 667 367 731 aie!
391 688 433 731 an
454 666 542 731 venit
563 666 774 752 Pamphilus!
820 669 907 734 Pan.
923 669 1035 735 Venit.
1085 668 1143 734 So.
1160 668 1223 733 Die

71 820 81 833 .
169 766 317 850 gratiam
329 764 447 829 babeo.

117 862 216 941 Hem,
229 865 311 928 istoc
321 863 421 927 verbo
432 862 555 928 enimus
566 862 644 927 mihi
656 864 763 942 rediit,
775 876 809 931 ct
818 886 897 931 cura
908 888 950 930 ex
962 865 1060 931 corde
1073 866 1225 931 excessit.

116 961 205 1027 Pan.
220 962 350 1027 Jamea
364 961 407 1027 de
421 979 520 1027 cauea
532 984 682 1027 maxime
695 985 781 1029 nunc
795 962 860 1029 huc
873 964 1006 1029 introire
1020 961 1116 1029 nolor

74 1121 77 1126 .
117 1061 206 1127 Nam
220 1062 249 1125 ei
262 1061 428 1125 remittent
441 1061 608 1146 quippiam
622 1060 822 1127 Philumenae
835 1062 978 1141 dolores,

73 1172 105 1221 15
118 1159 258 1225 Omnem
271 1181 340 1223 rem
355 1160 510 1236 narrabit,
526 1160 604 1237 ecio,
621 1160 774 1225 continuo
789 1158 858 1225 sola
873 1160 950 1226 soli:

74 1268 82 1281 '
117 1260 205 1333 Quoe
220 1261 304 1324 mter
318 1281 376 1323 voa
390 1260 609 1337 intervenerit,
625 1258 713 1323 unde
728 1270 836 1323 ortum
850 1269 901 1324 est
916 1260 1041 1325 initium
1055 1260 1123 1325 irae.
1216 1302 1220 1309 -

117 1357 230 1443 Atque
250 1378 362 1422 eccum
382 1357 477 1422 video
499 1360 606 1443 ipsum
625 1357 757 1441 egredi:
780 1378 877 1442 quem
891 1358 991 1422 triatis
1007 1361 1076 1423 estl
1115 1356 1173 1420 So.
1190 1355 1223 1421 Ο

183 1457 227 1519 mi
240 1458 359 1539 gnate!

118 1553 208 1619 Pau.
225 1553 305 1617 Mea
319 1564 431 1631 mater,
447 1552 544 1619 salve.
577 1553 635 1619 So.
652 1552 794 1619 Gaudeo
810 1554 935 1620 venisse
950 1554 1088 1620 salvom:
1104 1553 1224 1619 salvan’

72 1754 180 1789 nonem:
204 1738 240 1787 eie
256 1738 305 1793 hic,
325 1755 415 1787 arerem
434 1742 550 1801 Pamphili
570 1738 633 1787 dixit
699 1738 1104 1803 14.Nnmetremiltentquippinn]
1116 1740 1226 1789 Verbum

72 1804 160 1867 magia,
178 1820 251 1866 quam
271 1803 454 1853 Philumenam:
478 1814 506 1852 ut
525 1803 633 1852 animum
665 1803 771 1852 activum
780 1803 848 1867 quasi
858 1814 971 1854 neutrum
978 1806 1066 1869 poerdt.
1084 1808 1225 1853 Philumena

72 1880 100 1918 et
110 1868 217 1918 officium
228 1868 336 1930 ejusdem
345 1883 429 1917 acerne
441 1878 467 1917 et
482 1869 567 1917 matris
577 1870 633 1917 bre-
665 1867 765 1931 dolores]
777 1872 931 1931 Δραματυεῶς
939 1881 1016 1918 errat:
1035 1869 1158 1918 nonenim
1169 1884 1225 1917 vere

72 1934 141 1983 viter
151 1934 336 1993 &mecummet
359 1934 391 1981 D.
665 1932 735 1981 dolor
755 1932 833 1982 morbi
850 1943 895 1990 eet,
913 1948 968 1982 cum
987 1936 1020 1983 eit
1039 1950 1130 1998 pertua.
1159 1935 1226 1982 D.—

107 1999 198 2050 7.Non
207 1997 344 2061 virmero]
362 1998 443 2046 Unam
458 2013 509 2047 rem
523 1997 632 2046 Sostrata
664 2000 804 2046 Philumena
815 1998 914 2062 dolores]
926 2000 955 2047 V.
968 2000 995 2047 C.
1010 2002 1171 2048 Philumenam.
1195 1999 1224 2047 Ι..

72 2063 205 2121 muniuit,
216 2063 545 2127 hicdeduabuercepondet:
563 2077 632 2110 nem-
664 2062 752 2111 -Etei
764 2064 904 2112 Philumena
917 2064 981 2127 apud
998 2064 1114 2113 Rufinum
1130 2078 1226 2125 qunque

72 2143 124 2193 que
133 2127 237 2177 atillam
246 2143 295 2177 non
306 2127 360 2176 vult
369 2127 473 2191 ingredi,
485 2138 511 2176 et
520 2136 592 2175 earet
601 2143 633 2175 ne
664 2126 731 2175 inde
744 2127 833 2176 Metrie
843 2127 942 2178 comicie
954 2128 1074 2187 laudetur,
1086 2130 1117 2177 ab
1128 2143 1173 2177 ueu
1188 2126 1226 2177 lo-

71 2194 128 2257 ipee
150 2192 274 2242 mittatur:
299 2204 325 2241 et
342 2194 412 2250 bene,
432 2209 579 2256 quenquam:
602 2208 634 2241 ne
665 2191 755 2254 quendi
767 2207 816 2241 non
827 2192 951 2250 abhorret,
960 2202 985 2241 et
995 2193 1145 2257 quorundum
1154 2192 1225 2241 codd.

72 2267 160 2323 aperte
172 2273 217 2321 pro
231 2273 259 2306 ee
276 2258 341 2320 loqui
358 2257 477 2307 rideatur.
501 2256 634 2320 D.-Lege
665 2256 809 2306 auctoritate
826 2258 1013 2321 comprobatur:
1038 2272 1119 2307 tamen
1136 2258 1167 2307 ob
1186 2272 1224 2305 ee-

72 2325 130 2377 Noa
146 2326 227 2371 rien?
249 2323 430 2385 interrogative.
470 2321 567 2371 Deinde
589 2337 635 2386 pro
666 2319 765 2384 quentia
786 2325 835 2369 tolo
855 2324 897 2371 toli
918 2322 1048 2371 lectionem
1067 2325 1225 2371 Philumenam

71 2404 116 2437 aee
127 2402 220 2451 repone
232 2404 268 2444 ue,
280 2388 311 2436 ob
322 2387 418 2436 codices
428 2402 515 2435 omnen
530 2402 599 2435 mene
610 2397 635 2435 et
666 2386 776 2450 prefero.
800 2386 827 2434 Si
843 2386 909 2437 enim
921 2389 1076 2437 Philumenen
1091 2386 1184 2444 turibii,
1196 2401 1226 2435 ee

74 2452 173 2507 Faerni.
198 2451 226 2501 Β.
666 2461 704 2499 eet
723 2450 771 2503 iata
791 2454 857 2507 eolo,-
878 2451 916 2501 ein
936 2455 1084 2510 Philumene,
1105 2467 1159 2515 que
1177 2450 1226 2501 ieta

107 2518 131 2565 8.
149 2519 212 2565 Nam
231 2519 271 2579 qui
289 2524 359 2574 nnat,
379 2520 417 2565 cui
435 2519 485 2565 odio
504 2521 567 2578 ipeue
584 2514 632 2578 eat]
666 2514 877 2572 tolneitueeclee.
905 2517 934 2565 B.

72 2581 158 2631 Aliam
179 2596 278 2631 munem
299 2582 443 2644 eubJ'unait:
468 2582 526 2645 quia
546 2582 634 2631 durum
701 2582 809 2638 aaron,
825 2585 991 2631 continuorum
1006 2580 1061 2645 mli]
1078 2582 1120 2639 Ut,
1138 2582 1196 2631 AEn.
1208 2581 1225 2629 i.

72 2646 156 2695 haeret
165 2646 213 2709 ipei
225 2648 340 2695 Sostratae
351 2646 407 2703 dici,
419 2646 483 2710 quod
497 2662 573 2710 eupre
582 2644 633 2693 dic·
667 2646 723 2694 tal.
739 2648 809 2703 houd,
820 2649 893 2703 credo,
905 2650 991 2696 turim
1002 2649 1137 2703 celestibus,
1154 2663 1226 2695 atoue

72 2724 128 2760 tum
145 2722 190 2759 eet.
219 2714 281 2760 Nam
298 2714 338 2773 que·
357 2711 434 2774 anat]
455 2711 511 2759 Une
529 2725 635 2759 mimae
670 2710 758 2759 Vinus
775 2714 858 2773 empta
891 2712 925 2760 Et
943 2712 986 2769 eie,
1004 2714 1052 2761 eolo
1070 2714 1113 2761 soti
1128 2710 1226 2769 dicitur,

72 2776 197 2827 uertenda
214 2775 307 2824 morali.
336 2775 570 2839 compensat]
583 2776 635 2823 De·
666 2775 787 2839 quomodo
813 2788 914 2837 present
935 2779 1051 2838 praemi.
1090 2776 1131 2825 Sic
1155 2776 1224 2840 viru.

72 2851 182 2898 eetean,
193 2840 232 2889 vel
242 2858 299 2889 eun.
323 2840 355 2888 D.
667 2840 726 2888 ΕΠ.
737 2838 769 2889 ir.
781 2842 821 2889 8³.
838 2844 903 2889 illum
916 2844 996 2891 ndreae
1012 2844 1127 2890 abentem
1143 2844 1223 2891 audit·

108 2907 131 2955 9.
149 2908 262 2954 himen
278 2908 368 2954 inm
386 2908 450 2967 ipaua
467 2908 538 2967 rapit,
556 2912 580 2954 et
598 2907 636 2954 tut
667 2907 831 2968 quamdetque.
855 2906 887 2953 D.

72 2973 200 3021 murdac·
221 2968 303 3031 affert]
328 2970 384 3018 Hoc
406 2968 581 3019 validiaaimum
603 2968 635 3018 ad
701 2969 738 3017 16.
753 2969 1067 3034 Quaiaterocrinteruenit]
1080 2969 1225 3029 Melituaic,

72 3034 324 3088 diuuedendumluit
340 3031 634 3097 Etillimolestiamaffert]
666 3049 739 3097 quam
755 3034 777 3083 ei
792 3033 892 3092 diceret,
911 3038 968 3088 Qua
983 3038 1019 3083 ille·
1028 3034 1123 3098 secer-ie.
1161 3038 1227 3085 Unde

73 3100 146 3153 Bene
157 3099 314 3161 hoeedjeeit:
332 3115 364 3148 ne
375 3100 416 3163 qui
424 3110 497 3154 amat,
507 3100 552 3147 hoc
561 3098 634 3156 dicat,
666 3108 740 3149 cruat
755 3098 804 3162 eet]
821 3100 870 3148 Pro
888 3104 927 3159 eit,
943 3098 1103 3151 drmdhoutou
1119 3098 1226 3149 tertium.

73 3166 203 3222 tannem,
211 3164 269 3212 dum
277 3179 424 3227 promerear,
431 3179 503 3226 quem
511 3164 635 3224 arnoldo·
668 3163 959 3228 D.-Vulgointeruenit,·
977 3166 1060 3214 nemu.
1072 3168 1225 3215 interemerit.

73 3234 150 3281 teu
170 3247 215 3278 m
234 3232 311 3289 perdo,
331 3232 385 3277 dan
402 3246 533 3292 monerem
553 3232 581 3277 de
600 3244 633 3286 eo,
666 3228 1225 3294 arleg.tntrmner1·nt,·qnodetvenuepro·

72 3312 208 3358 que-m.
226 3294 275 3356 Z.).
305 3294 336 3343 D.
665 3294 753 3349 buter
770 3294 861 3343 Donati
877 3295 1071 3359 ruentiruenti
1087 3294 1122 3345 ite
1137 3295 1226 3359 lemme

75 3396 79 3403 .
110 3362 148 3408 1⁰.
171 3362 228 3409 Tun
245 3367 322 3408 uun
335 3356 414 3420 filies]
436 3358 493 3407 Alia
509 3373 583 3408 cenea
603 3358 635 3407 ab
666 3358 769 3408 videtur.
793 3358 822 3407 B.

73 3434 173 3473 eventu.
201 3426 291 3481 Videre,
302 3432 328 3473 et
338 3426 473 3486 venitqeid
482 3422 635 3486 ngothod
701 3425 739 3474 17.
758 3424 831 3477 Qum
848 3423 1005 3489 trietieeetl]
1031 3424 1227 3489 mmmmm

72 3492 247 3553 eupmieere.
281 3490 322 3537 An
336 3492 415 3544 obera,
427 3487 499 3537 offleii
516 3498 554 3537 eat
569 3488 635 3552 apud
667 3486 856 3552 (npnomouopla.
883 3490 936 3537 Pet.
951 3488 1042 3539 Victor.
1056 3490 1086 3539 V.
1098 3490 1126 3538 1..
1138 3490 1225 3539 xxxiii.

71 3570 166 3617 agree:
189 3557 273 3611 ridere,
292 3552 455 3617 cognitionis?
478 3562 504 3601 et
519 3552 576 3601 ideo
590 3553 634 3601 ad·
667 3553 833 3609 24.)loeuturi
842 3554 971 3619 Pamphili
997 3554 1147 3618 Omignate]
1160 3555 1227 3604 Ordo

71 3619 162 3676 ditm
183 3622 241 3682 qaid
261 3626 324 3681 agat
358 3618 468 3667 D.-0b
490 3633 636 3667 comeneum
667 3618 780 3675 eetomi
789 3629 869 3683 gnate,
877 3619 971 3681 gaudeo
981 3628 1005 3668 te
1013 3620 1106 3669 ealcum
1116 3620 1227 3677 veniae,

73 3682 363 3746 Paemincetrorumque
377 3683 494 3732 librcnrm
511 3682 565 3746 lege
578 3684 636 3731 Ten
667 3683 711 3731 ned
733 3682 863 3731 intercedit
883 3684 1025 3747 Pamphilus
1047 3683 1131 3733 trietia.
1161 3685 1228 3733 1).-

66 3752 251 3811 ,flle‘utaruint
275 3748 304 3796 Β.
668 3747 734 3795 lllud
750 3755 785 3796 eet
802 3763 898 3797 vernum
914 3764 970 3797 cum
987 3758 1079 3805 oneret,
1096 3748 1167 3797 dele:
1184 3759 1228 3798 eut

107 3815 147 3863 11.
158 3811 435 3875 demoraremur]
450 3811 517 3860 Bene
526 3810 636 3862 imitatur
666 3811 722 3875 lege
742 3828 809 3875 quone
832 3815 943 3869 trietie'tr
965 3812 1005 3861 rel
1027 3816 1101 3862 tristia
1120 3819 1171 3863 eet!
1195 3816 1228 3863 ari

72 3878 196 3929 effectum.
225 3878 341 3926 D.—Pro
358 3880 458 3940 gratim,
474 3877 539 3939 quod
555 3886 593 3925 eet
609 3877 635 3925 in
664 3876 841 3940 mteninen
866 3876 895 3925 Β.

71 3943 144 3993 lihn‘a
162 3942 315 4007 quihnedam,
337 3941 484 4005 amplectere
505 3941 635 3991 lectionem
702 3943 739 3989 18.
748 3942 839 3989 thar'
849 3944 984 3991 Philumena
994 3950 1028 3992 ert
1035 3940 1060 4005 t]
1078 3941 1134 3990 Cito
1142 3942 1229 4005 probat

71 4008 143 4061 ende
155 4008 287 4057 multorum
294 4010 404 4070 gratian.
429 4006 458 4055 Β.
666 4004 795 4081 Pamphilo
806 4022 832 4055 ee
845 4022 926 4055 amare
937 4022 1033 4065 nurum,
1047 4021 1102 4055 eum
1118 4016 1175 4071 poet
1187 4022 1227 4055 aa·

106 4070 633 4135 12Bm1]1nteq·eoeiofeminimaema-
665 4071 810 4119 lutationem
832 4070 893 4119 nihil
913 4071 989 4137 priua,
1009 4070 1130 4134 quamde
1150 4070 1228 4121 salute

71 4138 183 4189 uenalia.
217 4140 255 4187 132
276 4140 343 4187 eorde
364 4135 472 4200 mouit]
495 4136 636 4186 Geminavit
666 4134 751 4185 uxorio
770 4138 823 4199 eJue
842 4136 956 4199 inquiret.
989 4139 1080 4186 Salm’
1095 4139 1230 4187 Philemo

71 4201 280 4268 prepuiticnem.
302 4202 334 4251 D.
666 4198 735 4263 cett]
753 4200 820 4250 Mire
831 4200 926 4251 obviam
943 4202 990 4251 eibi
1004 4214 1134 4251 exeuntem
1150 4201 1228 4251 lilium

107 4270 146 4317 la
158 4264 456 4328 Herae-clemoium]
468 4266 555 4321 Canni
567 4266 636 4315 uenit
667 4264 729 4313 nihil
749 4264 823 4324 aliud,
840 4266 888 4315 niei
909 4267 940 4315 de
959 4267 1104 4317 Philumene
1122 4266 1227 4316 interro·

72 4331 293 4446 Pamphiluebnon
314 4331 347 4381 eit
364 4330 545 4390 introeundum,
562 4346 636 4381 caina
667 4330 747 4445 cidit:
765 4339 794 4379 ut
810 4333 949 4449 ofitenderet
966 4335 1019 4396 ejus
1036 4333 1147 4383 morbum
1164 4346 1229 4381 curn

71 4406 195 4450 mabar.
245 4431 254 4445 .
668 4410 681 4447 e
705 4410 788 4448 reete.
838 4431 854 4449 .,
