2834 4759
222 176 288 245 642
645 172 940 245 ITERENTlI
1208 178 1337 261 [acroa
1352 196 1385 239 v.

266 313 375 389 Quam
389 314 603 401 despondiati,
619 316 758 382 ducam:
782 317 832 381 ain
847 325 898 381 eat
911 325 949 380 ut
962 313 1042 380 velia

265 411 403 479 Manere
418 412 503 478 illam
517 414 607 499 apud
621 424 666 493 te,
682 415 742 480 doa
757 414 810 480 hic
825 416 1081 491 omniamaneat,
1097 411 1278 497 Demipho.

265 508 354 575 Nem
368 521 498 576 nonest
514 532 640 597 aequom
654 534 704 577 me
720 523 855 598 propter
868 534 925 577 voa
940 511 1048 597 decipi
1060 535 1068 574 r

223 622 255 669 aa
267 608 379 683 Quum
392 633 455 695 ego
469 611 570 675 vostri
584 610 716 675 honoris
729 632 828 675 causa
841 611 1014 695 repudium
1028 608 1121 673 alteri

266 706 469 787 Remiserim,
486 732 559 795 quae
574 708 660 773 dotia
675 710 864 774 tantundem
877 710 989 773 dabat.

266 804 334 870 Da.
351 806 368 871 Ι
383 805 458 873 hinc
471 808 505 871 in
518 806 633 873 malam
648 830 716 875 rem
730 830 804 873 cum
817 808 898 871 iatac
913 805 1163 891 magnificentia,

265 902 432 989 Fugitivo:
455 906 552 970 etiam
566 928 652 971 nuuc
666 906 772 972 credie
787 916 821 972 te
835 906 1024 991 ignorarier,

265 1001 337 1067 Aut
351 1013 407 1069 tua
421 1003 507 1070 lacta
521 1006 625 1071 adeol
663 1004 728 1071 ΡΗ.
745 1005 870 1070 Irritor.
908 1003 976 1069 Da.
992 1002 1090 1068 Tune
1105 1002 1190 1067 hanc
1205 1002 1365 1079 duceres,

223 1098 305 1164 rosi
319 1102 379 1166 tibi
393 1102 470 1167 data
485 1106 594 1168 esaetl
631 1102 695 1167 Pa.
711 1102 778 1169 Fac
792 1102 958 1189 periclum.
995 1102 1064 1167 Da.
1082 1101 1131 1167 Ut
1144 1101 1231 1165 filius

267 1196 351 1263 Cnm
364 1197 418 1264 illa
431 1199 557 1267 habitet
571 1202 660 1287 apud
675 1214 719 1279 te,
733 1201 796 1266 hoc
810 1212 955 1266 vostrum
969 1198 1138 1265 consilium
1152 1200 1224 1265 fuit.

266 1294 332 1362 Pu.
349 1297 484 1377 Quaeso,
501 1300 579 1383 quid
595 1303 730 1365 narras?
767 1298 835 1365 Da.
853 1300 942 1373 Quin
958 1311 994 1365 tu
1006 1298 1084 1363 mihi
1099 1309 1274 1384 argentum
1288 1298 1384 1364 cedo.

266 1393 332 1460 Pu.
350 1395 450 1461 Immo
466 1420 543 1462 vero
556 1419 690 1462 uxorem
702 1407 742 1463 tu
757 1398 849 1463 cedo.
889 1396 958 1461 Dc.
975 1398 1014 1461 In
1025 1398 1080 1483 jua
1096 1395 1235 1461 ambula.

266 1491 332 1557 Pu.
349 1493 388 1559 In
398 1496 475 1579 jus!
499 1496 660 1561 enimvero
676 1497 702 1561 si
717 1518 816 1581 porro
831 1518 902 1561 ease
918 1497 1022 1560 odiosi
1037 1496 1183 1580 pergitis.

223 1602 255 1650 tt
267 1589 334 1655 Du.
351 1591 442 1666 Quid
456 1592 580 1659 facieal
617 1593 682 1660 Pa.
701 1594 842 1680 Egone?
864 1617 922 1659 voa
932 1616 987 1659 me
1000 1594 1155 1659 indotatis
1169 1594 1272 1658 modo

270 1688 470 1755 Patrocinari
485 1690 623 1757 fortasse
638 1692 853 1758 arbitramini:

265 1786 376 1852 Etiam
390 1788 509 1854 dotatis
525 1787 623 1854 soleo.
662 1790 726 1856 Cri.
744 1791 834 1865 Quid
848 1790 882 1855 id
896 1794 1030 1856 nostra?
1068 1790 1134 1855 Pa.
1147 1788 1263 1855 Nihil:

266 1883 333 1951 Hic
355 1887 516 1971 quandam
539 1909 661 1967 noram,
685 1890 780 1975 cujus
803 1889 852 1953 vir
873 1912 1020 1954 uxorem.
1067 1887 1131 1954 Cu.
1155 1888 1267 1953 Hem!
1316 1887 1385 1953 Da.

331 1983 422 2058 Quid
434 1988 511 2051 eatl

265 2081 331 2147 Pu.
344 2082 459 2148 Lemni
466 2082 694 2151 habuitaliam.
727 2084 793 2151 Cu.
803 2084 924 2150 Nullus
934 2088 1027 2150 aum!
1060 2084 1126 2150 Pu.
1140 2083 1194 2149 Ex
1204 2106 1275 2169 qua
1284 2084 1386 2151 filiam

223 2193 254 2240 ao
267 2180 438 2267 Suscepit:
461 2192 495 2247 et
509 2204 581 2248 eam
595 2182 677 2248 clam
691 2185 820 2251 educat.
858 2184 922 2250 Cu.
939 2182 1095 2270 Sepultus
1110 2186 1198 2247 sum!

266 2279 331 2345 Pu.
349 2280 433 2345 Haec
448 2281 530 2345 adeo
545 2303 607 2367 ego
620 2282 664 2346 illi
675 2284 743 2369 jam
757 2283 951 2348 denarrabo.
989 2282 1054 2347 Cu.
1070 2282 1238 2347 Obsecro!

265 2376 320 2442 Ne
336 2377 445 2443 facias.
484 2378 548 2445 Pu.
566 2379 642 2445 Hol
666 2392 744 2445 tune
759 2382 786 2446 is
802 2384 900 2446 eras?
938 2380 1005 2446 DE.
1023 2380 1072 2445 Ut
1084 2378 1179 2445 ludoa
1193 2378 1296 2445 facit!

265 2477 330 2541 Cn.
347 2476 486 2543 Missum
500 2488 533 2543 te
548 2478 692 2544 facimus.
732 2478 796 2545 Pu.
812 2478 964 2544 Fabulae!
1003 2478 1067 2543 Cu.
1085 2478 1240 2552 Quidvis
1256 2479 1349 2545 cibit

255 2646 293 2693 33.
306 2644 462 2709 fficnaneot]
475 2644 505 2694 V.
513 2646 541 2694 C.
554 2648 591 2694 ln'c
602 2650 673 2695 oman
684 2654 781 2695 moneat.
814 2644 948 2709 Enimvero]
966 2648 1094 2703 Enimvero,
1113 2642 1263 2709 principium
1283 2655 1324 2695 eat
1341 2646 1387 2695 ali·

223 2709 354 2759 L.--lllud
366 2714 436 2759 omnis
452 2725 466 2758 a
484 2710 587 2769 Faeruo,
599 2710 680 2760 Bentl.
692 2724 717 2760 et
728 2711 783 2760 aliia
815 2711 872 2774 quid
880 2725 925 2775 per
934 2710 1083 2759 iracundiam
1091 2708 1193 2758 dicturi:
1210 2718 1239 2758 ut
1246 2710 1303 2758 Cic.
1314 2712 1388 2760 Verr.

223 2792 272 2824 non
285 2775 377 2824 editum
389 2783 433 2824 eat.
458 2774 485 2823 Ζ.
817 2778 837 2824 1.
851 2776 891 2824 26.
915 2776 963 2824 fflc
980 2778 1099 2824 tumolina
1115 2777 1298 2837 eracapere«,
1312 2780 1387 2825 enin·

255 2842 293 2889 35.
308 2840 338 2889 ln
350 2839 433 2889 multia
442 2838 511 2889 libris
523 2838 619 2899 Falerni,
632 2840 709 2904 iisque
719 2840 782 2905 opti·
814 2855 867 2889 vero
893 2844 933 2889 lico
953 2840 1040 2903 seret?
1067 2848 1109 2889 etc.
1145 2840 1342 2890 Delirat-roera
1368 2845 1390 2890 a·

223 2904 277 2965 mia,
295 2914 332 2954 eat
351 2908 447 2961 altam
475 2916 502 2953 ut
524 2904 550 2955 in
574 2906 664 2953 Heaut.
685 2908 717 2955 ld
732 2910 784 2969 ipsa
816 2904 900 2969 diost]
917 2904 1137 2953 Turbatuaaenum
1153 2903 1388 2955 iracundiaetrio·

223 2972 303 3019 altera
316 2972 369 3019 dunt
379 2978 467 3018 παπαὶ.
492 2970 520 3018 Β.
816 2969 891 3018 lautia
904 2969 1025 3026 Phormio,
1034 2971 1087 3032 jam
1099 2969 1150 3017 vult
1183 2969 1303 3018 rocedere
1316 2970 1388 3033 (pro-

257 3034 295 3087 37.
314 3035 559 3094 llemb.habet,1ln
575 3036 716 3085 molantem
732 3038 784 3083 ltine
815 3037 870 3084 dere
894 3034 943 3097 Ζ.),
966 3034 1031 3097 quod
1052 3034 1125 3082 aliam
1149 2985 1269 3082 ebremes
1298 3035 1389 3084 habuit

223 3108 333 3159 cum,etc.
365 3100 427 3148 Puto
438 3100 575 3163 legendum,
589 3102 624 3148 In'
638 3102 690 3149 linc
701 3104 784 3148 malam
817 3100 903 3148 Lemni
921 3115 1030 3148 uxorem.
1060 3099 1208 3146 E.—Verba
1230 3101 1260 3146 la
1274 3100 1323 3161 ju
1343 3101 1388 3151 de-

223 3182 277 3222 rem,
292 3164 462 3213 adverbialiter
479 3174 504 3212 et
519 3164 643 3220 absolute3
662 3174 689 3214 ut
706 3165 784 3213 Plaut.
816 3164 890 3214 lenda
911 3176 978 3229 puto
1013 3164 1077 3212 Nam
1097 3164 1146 3211 huo
1168 3163 1286 3211 videntur
1308 3176 1388 3213 tracta

224 3226 417 3277 Poeantia.
446 3231 533 3278 Malam
547 3246 634 3279 noem
650 3232 687 3278 tto
699 3233 784 3292 potius.
817 3245 870 3279 eaae
881 3244 913 3277 ex
924 3245 996 3279 verau
1008 3232 1047 3287 38,
1059 3228 1100 3277 ubi
1117 3228 1197 3276 locum
1213 3228 1323 3285 habent:
1342 3230 1387 3279 aed

224 3292 288 3342 Vide
306 3294 394 3342 Donat.
412 3293 443 3342 ad
459 3294 556 3343 Phorm.
574 3294 599 3342 ii.
617 3297 639 3343 3.
658 3296 696 3343 21.
708 3306 734 3343 et
750 3294 784 3343 iii.
816 3294 857 3343 hic
870 3303 1008 3359 repugnant
1019 3292 1107 3351 versui,
1120 3308 1165 3342 uec
1176 3294 1328 3342 occurentia
1339 3296 1384 3343 ‹la-

225 3360 246 3406 3.
260 3358 298 3406 30.
322 3358 351 3406 Β.
816 3359 961 3408 alderantur.
1003 3360 1062 3424 lpse
1085 3359 1197 3407 Donatm
1219 3372 1270 3406 noa
1295 3359 1387 3423 legmue

230 3436 234 3441 ·
257 3424 295 3471 33.
313 3421 348 3470 Vt
358 3426 427 3471 etiem
442 3422 489 3471 rite
501 3433 572 3471 acuat
582 3422 693 3472 ultimam
704 3424 735 3472 ob
746 3439 784 3472 ae·
819 3424 920 3473 videtur.
945 3424 973 3471 B.

224 3502 301 3552 quens
312 3486 449 3547 encliticom
460 3502 552 3563 repone
563 3492 631 3537 ettam
642 3506 701 3537 num.
726 3488 755 3537 B.
777 3530 787 3541 .
850 3486 1294 3551 45.Indototia]lloceat,utl’bauio.
1319 3490 1387 3537 1).-

256 3554 295 3601 40.
309 3553 363 3602 Prae
381 3552 493 3601 Bembim
505 3556 531 3602 Si
542 3555 692 3602 titillaretur
706 3552 787 3617 placet
822 3552 1042 3617 Voamtndotatta]
1055 3554 1121 3602 Uaua
1133 3552 1222 3617 plurali
1238 3568 1286 3617 pro
1297 3552 1384 3629 alago-

139 3667 143 3677 ,
223 3617 331 3681 vulgaria
350 3618 428 3666 lectio.
463 3617 526 3666 Nam
543 3617 579 3666 aic
597 3618 661 3666 nna.
681 3620 737 3667 Nisi
752 3636 787 3668 ma
818 3618 863 3667 lari
874 3618 937 3667 dixit
947 3622 1064 3675 indotata
1080 3634 1126 3682 pro
1143 3618 1245 3673 Phanio,
1257 3634 1315 3680 qua
1330 3634 1384 3667 nne

224 3685 461 3741 meermannianam,
473 3680 620 3745 etsalaarpe
633 3686 783 3745 produceres:
815 3685 872 3733 dote
884 3694 1006 3747 nupserat.
1034 3681 1244 3739 Dototiarermid
1255 3694 1302 3739 eat,
1312 3684 1384 3731 uxori

224 3758 250 3798 et
266 3763 346 3829 supra,
363 3750 461 3823 Altqnp'd
477 3752 627 3829 carrariam,
644 3756 713 3811 atquc
732 3751 785 3798 hinc
816 3749 960 3823 Chremetis,
979 3748 1019 3797 cui
1035 3747 1184 3861 pptrocinari
1202 3746 1303 3796 volebat
1325 3764 1384 3813 pro-

224 3813 786 3941 ‘itnnzctancntil³n..
816 3813 1082 3930 lilim...
1097 3875 1168 3940 ...1
1185 3876 1221 3925 υ.
1237 3876 1383 3926 aa...

224 3952 327 4006 utroque
346 3958 402 3991 cum
424 3942 528 3991 clamore
550 3942 598 3991 dici
616 3942 785 4007 accipiendum
817 3953 856 3993 tae.
880 3944 911 3991 D.

220 4018 268 4057 est.
294 4008 325 4055 D.
849 4010 889 4056 49.
902 4010 988 4056 Nullus
997 4005 1330 4070 sonJPerii,mornrussum.
1351 4009 1383 4056 D.

257 4070 509 4137 43.1njnscml›ula]
530 4071 569 4119 lld
582 4071 690 4135 judicem
702 4088 785 4121 eamua
851 4075 888 4121 ⁵0.
902 4075 1008 4137 Sepultus
1020 4071 1082 4135 suar]
1100 4072 1207 4133 Αὕξησις.
1242 4072 1311 4120 Nam
1326 4073 1383 4137 plua

224 4136 324 4186 acillcet.
363 4136 426 4185 Nam
442 4137 486 4200 jus
507 4152 551 4201 pro
573 4135 627 4185 loco
650 4148 693 4187 eat.
733 4138 785 4187 cic.
818 4148 947 4201 anquam
959 4140 1109 4185 Nalluraum.
1134 4137 1311 4198 D.—Sepaltrtr
1321 4138 1383 4201 nn]

226 4200 292 4250 Mur.
310 4202 347 4249 12
364 4204 541 4266 quandoquidem
553 4209 575 4251 te
589 4204 613 4250 in
622 4202 679 4264 jure
695 4206 784 4267 conapt'·
819 4204 898 4253 Plaut.
915 4202 1038 4267 Amphitr.
1051 4201 1217 4263 Autajoauom
1227 4204 1335 4265 sepultas
1342 4204 1385 4265 je·

225 4269 266 4316 cio.
291 4266 323 4314 D.
817 4276 868 4318 eet.-
886 4278 911 4317 et
921 4267 987 4326 alibi,
998 4270 1093 4329 Sepulto
1104 4269 1153 4315 lec
1162 4283 1200 4315 m
1210 4274 1252 4315 eat.
1276 4266 1306 4315 1.

258 4330 297 4380 44.
309 4332 458 4385 trimma
465 4347 533 4393 porro
541 4334 612 4381 odiosi
618 4348 665 4381 me
673 4328 785 4395 pergitis]
851 4334 890 4381 33.
905 4336 968 4385 Quid
975 4336 1009 4381 ola
1021 4334 1086 4380 titt?
1100 4340 1221 4395 urgeam
1231 4334 1293 4395 quod
1307 4334 1383 4391 lates,

224 4396 302 4447 Vultu
324 4396 459 4458 juvandum
477 4406 515 4445 est
535 4404 560 4445 et
584 4396 787 4465 pronunciatione
818 4396 1012 4460 ammanite]
1029 4398 1070 4445 Via
1082 4396 1172 4445 iterum
1188 4394 1383 4446 mbaudieodum

224 4462 278 4521 boc,
301 4460 367 4527 quod
392 4472 443 4513 tam
466 4461 594 4513 minaciter
621 4462 785 4527 autpenditur.
818 4472 871 4513 eat:
888 4472 917 4513 ut
932 4462 975 4523 ait.
989 4464 1031 4513 Vra
1046 4464 1237 4527 argentumqaod
1252 4464 1383 4511 botteler
