<?xml version="1.0" encoding="UTF-8"?>
<!DOCTYPE html PUBLIC "-//W3C//DTD XHTML 1.0 Transitional//EN"
    "http://www.w3.org/TR/xhtml1/DTD/xhtml1-transitional.dtd">
<html xmlns="http://www.w3.org/1999/xhtml" xml:lang="en" lang="en">
 <head>
  <title>
</title>
<meta http-equiv="Content-Type" content="text/html;charset=utf-8" />
  <meta name='ocr-system' content='tesseract 3.04.00' />
  <meta name='ocr-capabilities' content='ocr_page ocr_carea ocr_par ocr_line ocrx_word'/>
</head>
<body>
  <div class='ocr_page' id='page_1' title='image "./publiiterentiic01lindgoog_0075.png"; bbox 0 0 2834 4759; ppageno 0'>
   <div class='ocr_carea' id='block_1_1' title="bbox 266 190 998 254">
    <p class='ocr_par' dir='ltr' id='par_1_1' title="bbox 266 190 998 254">
     <span class='ocr_line' id='line_1_1' title="bbox 266 190 998 254; baseline 0 -1"><span class='ocrx_word' id='word_1_1' title='bbox 266 194 278 253; x_wconf 94' lang='lat' dir='ltr'><strong>l</strong></span> <span class='ocrx_word' id='word_1_2' title='bbox 668 192 731 253; x_wconf 86' lang='lat' dir='ltr'><strong>DE</strong></span> <span class='ocrx_word' id='word_1_3' title='bbox 757 190 998 254; x_wconf 82' lang='lat' dir='ltr'><strong>THEATRO.</strong></span> 
     </span>
    </p>
   </div>
   <div class='ocr_carea' id='block_1_2' title="bbox 263 321 1395 3791">
    <p class='ocr_par' dir='ltr' id='par_1_2' title="bbox 264 321 1386 483">
     <span class='ocr_line' id='line_1_2' title="bbox 264 321 1386 400; baseline -0.001 -17"><span class='ocrx_word' id='word_1_4' title='bbox 264 323 346 395; x_wconf 90' lang='lat' dir='ltr'><strong>utile,</strong></span> <span class='ocrx_word' id='word_1_5' title='bbox 360 322 430 400; x_wconf 89' lang='lat' dir='ltr'><strong>quid</strong></span> <span class='ocrx_word' id='word_1_6' title='bbox 443 322 619 383; x_wconf 70' lang='lat' dir='ltr'><strong>evitandum.</strong></span> <span class='ocrx_word' id='word_1_7' title='bbox 663 322 750 383; x_wconf 88' lang='lat' dir='ltr'><strong>Unde</strong></span> <span class='ocrx_word' id='word_1_8' title='bbox 763 324 804 382; x_wconf 90' lang='lat' dir='ltr'><strong>ait</strong></span> <span class='ocrx_word' id='word_1_9' title='bbox 817 321 931 395; x_wconf 86' lang='lat' dir='ltr'><strong>Cicero,</strong></span> <span class='ocrx_word' id='word_1_10' title='bbox 946 322 1121 383; x_wconf 75' lang='lat' dir='ltr'><strong>comoediam</strong></span> <span class='ocrx_word' id='word_1_11' title='bbox 1134 342 1200 383; x_wconf 87' lang='lat' dir='ltr'><strong>osse</strong></span> <span class='ocrx_word' id='word_1_12' title='bbox 1210 322 1386 383; x_wconf 77' lang='lat' dir='ltr'><strong>&#39;imitationem</strong></span> 
     </span>
     <span class='ocr_line' id='line_1_3' title="bbox 266 403 1070 483; baseline -0.002 -18"><span class='ocrx_word' id='word_1_13' title='bbox 266 405 344 473; x_wconf 78' lang='lat' dir='ltr'><strong>vitae,</strong></span> <span class='ocrx_word' id='word_1_14' title='bbox 359 403 509 483; x_wconf 89' lang='lat' dir='ltr'><strong>speculum</strong></span> <span class='ocrx_word' id='word_1_15' title='bbox 522 404 748 472; x_wconf 87' lang='lat' dir='ltr'><strong>consuetudinis,</strong></span> <span class='ocrx_word' id='word_1_16' title='bbox 762 404 916 482; x_wconf 76' lang='lat' dir='ltr'><strong>imaginem</strong></span> <span class='ocrx_word' id='word_1_17' title='bbox 929 405 1070 464; x_wconf 83' lang='lat' dir='ltr'><strong>veritatis.</strong></span> 
     </span>
    </p>

    <p class='ocr_par' dir='ltr' id='par_1_3' title="bbox 265 484 1390 1532">
     <span class='ocr_line' id='line_1_4' title="bbox 305 484 1387 555; baseline 0 -12"><span class='ocrx_word' id='word_1_18' title='bbox 305 484 414 543; x_wconf 84' lang='grc' dir='ltr'><strong>Νιιιιιι</strong></span> <span class='ocrx_word' id='word_1_19' title='bbox 433 486 522 544; x_wconf 90' lang='lat' dir='ltr'><strong>hsbet</strong></span> <span class='ocrx_word' id='word_1_20' title='bbox 542 484 684 553; x_wconf 74' lang='lat' dir='ltr'><strong>comedia,</strong></span> <span class='ocrx_word' id='word_1_21' title='bbox 699 484 777 544; x_wconf 90' lang='lat' dir='ltr'><strong>vela</strong></span> <span class='ocrx_word' id='word_1_22' title='bbox 796 484 899 553; x_wconf 83' lang='lat' dir='ltr'><strong>como,</strong></span> <span class='ocrx_word' id='word_1_23' title='bbox 920 484 976 544; x_wconf 86' lang='lat' dir='ltr'><strong>deo</strong></span> <span class='ocrx_word' id='word_1_24' title='bbox 996 485 1222 555; x_wconf 75' lang='lat' dir='ltr'><strong>comessationis,</strong></span> <span class='ocrx_word' id='word_1_25' title='bbox 1243 484 1289 544; x_wconf 87' lang='lat' dir='ltr'><strong>vel</strong></span> <span class='ocrx_word' id='word_1_26' title='bbox 1308 486 1341 544; x_wconf 90' lang='lat' dir='ltr'><strong>ab</strong></span> <span class='ocrx_word' id='word_1_27' title='bbox 1357 504 1387 543; x_wconf 86' lang='lat' dir='ltr'><strong>eo</strong></span> 
     </span>
     <span class='ocr_line' id='line_1_5' title="bbox 267 566 1387 645; baseline -0.002 -20"><span class='ocrx_word' id='word_1_28' title='bbox 267 566 345 645; x_wconf 92' lang='lat' dir='ltr'><strong>quod</strong></span> <span class='ocrx_word' id='word_1_29' title='bbox 366 567 492 645; x_wconf 89' lang='lat' dir='ltr'><strong>primum</strong></span> <span class='ocrx_word' id='word_1_30' title='bbox 509 566 702 624; x_wconf 85' lang='lat' dir='ltr'><strong>Athenienses</strong></span> <span class='ocrx_word' id='word_1_31' title='bbox 722 586 776 643; x_wconf 89' lang='lat' dir='ltr'><strong>per</strong></span> <span class='ocrx_word' id='word_1_32' title='bbox 789 566 869 624; x_wconf 85' lang='lat' dir='ltr'><strong>vicos</strong></span> <span class='ocrx_word' id='word_1_33' title='bbox 882 566 977 625; x_wconf 90' lang='lat' dir='ltr'><strong>adhuc</strong></span> <span class='ocrx_word' id='word_1_34' title='bbox 991 566 1114 645; x_wconf 88' lang='lat' dir='ltr'><strong>dispersi</strong></span> <span class='ocrx_word' id='word_1_35' title='bbox 1129 588 1167 625; x_wconf 83' lang='lat' dir='ltr'><strong>ex</strong></span> <span class='ocrx_word' id='word_1_36' title='bbox 1181 567 1311 625; x_wconf 90' lang='lat' dir='ltr'><strong>omnibus</strong></span> <span class='ocrx_word' id='word_1_37' title='bbox 1328 566 1387 625; x_wconf 87' lang='lat' dir='ltr'><strong>locis</strong></span> 
     </span>
     <span class='ocr_line' id='line_1_6' title="bbox 265 646 1387 724; baseline -0.003 -18"><span class='ocrx_word' id='word_1_38' title='bbox 265 647 327 707; x_wconf 79' lang='lat' dir='ltr'><strong>laeti</strong></span> <span class='ocrx_word' id='word_1_39' title='bbox 349 646 515 724; x_wconf 80' lang='lat' dir='ltr'><strong>alacresque</strong></span> <span class='ocrx_word' id='word_1_40' title='bbox 539 647 767 705; x_wconf 84' lang='lat' dir='ltr'><strong>conveniebant.</strong></span> <span class='ocrx_word' id='word_1_41' title='bbox 801 647 900 723; x_wconf 89' lang='lat' dir='ltr'><strong>ibique</strong></span> <span class='ocrx_word' id='word_1_42' title='bbox 925 646 1048 706; x_wconf 86' lang='lat' dir='ltr'><strong>rudibus</strong></span> <span class='ocrx_word' id='word_1_43' title='bbox 1075 660 1106 706; x_wconf 89' lang='lat' dir='ltr'><strong>et</strong></span> <span class='ocrx_word' id='word_1_44' title='bbox 1132 647 1246 706; x_wconf 89' lang='lat' dir='ltr'><strong>incultis</strong></span> <span class='ocrx_word' id='word_1_45' title='bbox 1273 648 1387 704; x_wconf 84' lang='lat' dir='ltr'><strong>versibus</strong></span> 
     </span>
     <span class='ocr_line' id='line_1_7' title="bbox 267 726 1387 807; baseline -0.001 -21"><span class='ocrx_word' id='word_1_46' title='bbox 267 728 472 807; x_wconf 88' lang='lat' dir='ltr'><strong>potentiorum,</strong></span> <span class='ocrx_word' id='word_1_47' title='bbox 488 726 696 803; x_wconf 89' lang='lat' dir='ltr'><strong>aliorumque</strong></span> <span class='ocrx_word' id='word_1_48' title='bbox 688 741 758 788; x_wconf 79' lang='lat' dir='ltr'><strong>item</strong></span> <span class='ocrx_word' id='word_1_49' title='bbox 778 726 926 786; x_wconf 85' lang='lat' dir='ltr'><strong>hominurn</strong></span> <span class='ocrx_word' id='word_1_50' title='bbox 947 728 1018 787; x_wconf 86' lang='lat' dir='ltr'><strong>vitia</strong></span> <span class='ocrx_word' id='word_1_51' title='bbox 1036 728 1207 806; x_wconf 85' lang='lat' dir='ltr'><strong>nominatim</strong></span> <span class='ocrx_word' id='word_1_52' title='bbox 1226 728 1387 807; x_wconf 86' lang='lat' dir='ltr'><strong>perstringe-</strong></span> 
     </span>
     <span class='ocr_line' id='line_1_8' title="bbox 266 807 1389 885; baseline -0.004 -17"><span class='ocrx_word' id='word_1_53' title='bbox 266 811 346 868; x_wconf 88' lang='lat' dir='ltr'><strong>bant.</strong></span> <span class='ocrx_word' id='word_1_54' title='bbox 394 808 509 867; x_wconf 89' lang='lat' dir='ltr'><strong>Nomen</strong></span> <span class='ocrx_word' id='word_1_55' title='bbox 535 820 633 866; x_wconf 89' lang='lat' dir='ltr'><strong>autem</strong></span> <span class='ocrx_word' id='word_1_56' title='bbox 664 808 858 885; x_wconf 89' lang='lat' dir='ltr'><strong>compositum</strong></span> <span class='ocrx_word' id='word_1_57' title='bbox 884 811 935 867; x_wconf 79' lang='grc' dir='ltr'><strong>ἀπὸ</strong></span> <span class='ocrx_word' id='word_1_58' title='bbox 960 816 1006 867; x_wconf 78' lang='grc' dir='ltr'><strong>τοῦ</strong></span> <span class='ocrx_word' id='word_1_59' title='bbox 1032 814 1153 884; x_wconf 75' lang='grc' dir='ltr'><strong>ιωμό(ιιν</strong></span> <span class='ocrx_word' id='word_1_60' title='bbox 1179 814 1220 866; x_wconf 75' lang='grc' dir='ltr'><strong>και</strong></span> <span class='ocrx_word' id='word_1_61' title='bbox 1244 811 1320 884; x_wconf 62' lang='lat' dir='ltr'><strong>ilem</strong></span> <span class='ocrx_word' id='word_1_62' title='bbox 1361 807 1389 864; x_wconf 93' lang='lat' dir='ltr'><strong>ln</strong></span> 
     </span>
     <span class='ocr_line' id='line_1_9' title="bbox 267 888 1389 966; baseline -0.003 -18"><span class='ocrx_word' id='word_1_63' title='bbox 267 909 389 959; x_wconf 86' lang='lat' dir='ltr'><strong>summa,</strong></span> <span class='ocrx_word' id='word_1_64' title='bbox 404 888 547 948; x_wconf 89' lang='lat' dir='ltr'><strong>comoedia</strong></span> <span class='ocrx_word' id='word_1_65' title='bbox 560 900 605 947; x_wconf 90' lang='lat' dir='ltr'><strong>est</strong></span> <span class='ocrx_word' id='word_1_66' title='bbox 625 907 730 966; x_wconf 88' lang='lat' dir='ltr'><strong>poema</strong></span> <span class='ocrx_word' id='word_1_67' title='bbox 744 888 828 946; x_wconf 90' lang='lat' dir='ltr'><strong>sub&#39;</strong></span> <span class='ocrx_word' id='word_1_68' title='bbox 819 888 982 947; x_wconf 73' lang='lat' dir='ltr'><strong>imitatione</strong></span> <span class='ocrx_word' id='word_1_69' title='bbox 995 889 1064 948; x_wconf 83' lang='lat' dir='ltr'><strong>vitae</strong></span> <span class='ocrx_word' id='word_1_70' title='bbox 1077 909 1111 948; x_wconf 88' lang='lat' dir='ltr'><strong>ac</strong></span> <span class='ocrx_word' id='word_1_71' title='bbox 1124 889 1309 948; x_wconf 85' lang='lat' dir='ltr'><strong>similitudine</strong></span> <span class='ocrx_word' id='word_1_72' title='bbox 1322 908 1389 947; x_wconf 88' lang='lat' dir='ltr'><strong>com·</strong></span> 
     </span>
     <span class='ocr_line' id='line_1_10' title="bbox 266 969 1389 1062; baseline -0.003 -33"><span class='ocrx_word' id='word_1_73' title='bbox 266 971 403 1049; x_wconf 87' lang='lat' dir='ltr'><strong>positum,</strong></span> <span class='ocrx_word' id='word_1_74' title='bbox 419 970 448 1027; x_wconf 90' lang='lat' dir='ltr'><strong>in</strong></span> <span class='ocrx_word' id='word_1_75' title='bbox 466 982 551 1047; x_wconf 86' lang='lat' dir='ltr'><strong>gestu</strong></span> <span class='ocrx_word' id='word_1_76' title='bbox 565 981 595 1027; x_wconf 92' lang='lat' dir='ltr'><strong>et</strong></span> <span class='ocrx_word' id='word_1_77' title='bbox 612 969 852 1062; x_wconf 85' lang='lat' dir='ltr'><strong>pronunciatione</strong></span> <span class='ocrx_word' id='word_1_78' title='bbox 864 969 1035 1030; x_wconf 86' lang='lat' dir='ltr'><strong>consistens.</strong></span> <span class='ocrx_word' id='word_1_79' title='bbox 1076 970 1112 1029; x_wconf 90' lang='lat' dir='ltr'><strong>ln</strong></span> <span class='ocrx_word' id='word_1_80' title='bbox 1125 990 1160 1029; x_wconf 87' lang='lat' dir='ltr'><strong>en</strong></span> <span class='ocrx_word' id='word_1_81' title='bbox 1172 969 1328 1029; x_wconf 85' lang='lat' dir='ltr'><strong>mediocres</strong></span> <span class='ocrx_word' id='word_1_82' title='bbox 1340 969 1389 1027; x_wconf 85' lang='lat' dir='ltr'><strong>ior·</strong></span> 
     </span>
     <span class='ocr_line' id='line_1_11' title="bbox 265 1048 1389 1128; baseline -0.004 -19"><span class='ocrx_word' id='word_1_83' title='bbox 265 1063 344 1110; x_wconf 85' lang='lat' dir='ltr'><strong>tunae</strong></span> <span class='ocrx_word' id='word_1_84' title='bbox 364 1050 521 1119; x_wconf 90' lang='lat' dir='ltr'><strong>hominum,</strong></span> <span class='ocrx_word' id='word_1_85' title='bbox 536 1050 619 1128; x_wconf 87' lang='lat' dir='ltr'><strong>parvi</strong></span> <span class='ocrx_word' id='word_1_86' title='bbox 635 1049 768 1127; x_wconf 90' lang='lat' dir='ltr'><strong>impetus,</strong></span> <span class='ocrx_word' id='word_1_87' title='bbox 783 1050 911 1128; x_wconf 87' lang='lat' dir='ltr'><strong>periculn</strong></span> <span class='ocrx_word' id='word_1_88' title='bbox 924 1051 1101 1127; x_wconf 86' lang='lat' dir='ltr'><strong>quotidiana,</strong></span> <span class='ocrx_word' id='word_1_89' title='bbox 1116 1050 1281 1110; x_wconf 88' lang='lat' dir='ltr'><strong>turbulenta</strong></span> <span class='ocrx_word' id='word_1_90' title='bbox 1298 1048 1389 1128; x_wconf 83' lang='lat' dir='ltr'><strong>princi·</strong></span> 
     </span>
     <span class='ocr_line' id='line_1_12' title="bbox 265 1130 1389 1210; baseline -0.003 -21"><span class='ocrx_word' id='word_1_91' title='bbox 265 1132 323 1210; x_wconf 83' lang='lat' dir='ltr'><strong>pis,</strong></span> <span class='ocrx_word' id='word_1_92' title='bbox 338 1130 453 1207; x_wconf 83' lang='lat' dir='ltr'><strong>laetique</strong></span> <span class='ocrx_word' id='word_1_93' title='bbox 466 1130 583 1189; x_wconf 82' lang='lat' dir='ltr'><strong>luerunt</strong></span> <span class='ocrx_word' id='word_1_94' title='bbox 596 1130 701 1199; x_wconf 86' lang='lat' dir='ltr'><strong>exitus,</strong></span> <span class='ocrx_word' id='word_1_95' title='bbox 716 1145 746 1188; x_wconf 91' lang='lat' dir='ltr'><strong>et</strong></span> <span class='ocrx_word' id='word_1_96' title='bbox 766 1130 834 1189; x_wconf 89' lang='lat' dir='ltr'><strong>licta</strong></span> <span class='ocrx_word' id='word_1_97' title='bbox 846 1145 1027 1208; x_wconf 82' lang='lat' dir='ltr'><strong>argumenta.</strong></span> <span class='ocrx_word' id='word_1_98' title='bbox 1068 1130 1171 1190; x_wconf 88' lang='lat' dir='ltr'><strong>Caruit</strong></span> <span class='ocrx_word' id='word_1_99' title='bbox 1189 1150 1304 1209; x_wconf 90' lang='lat' dir='ltr'><strong>quoque</strong></span> <span class='ocrx_word' id='word_1_100' title='bbox 1316 1130 1389 1189; x_wconf 87' lang='lat' dir='ltr'><strong>choro</strong></span> 
     </span>
     <span class='ocr_line' id='line_1_13' title="bbox 266 1210 1390 1290; baseline -0.004 -19"><span class='ocrx_word' id='word_1_101' title='bbox 266 1232 343 1271; x_wconf 84' lang='lat' dir='ltr'><strong>nove</strong></span> <span class='ocrx_word' id='word_1_102' title='bbox 363 1211 514 1280; x_wconf 89' lang='lat' dir='ltr'><strong>comoedia,</strong></span> <span class='ocrx_word' id='word_1_103' title='bbox 530 1224 731 1288; x_wconf 88' lang='lat' dir='ltr'><strong>contraquam</strong></span> <span class='ocrx_word' id='word_1_104' title='bbox 751 1224 845 1279; x_wconf 83' lang='lat' dir='ltr'><strong>setus,</strong></span> <span class='ocrx_word' id='word_1_105' title='bbox 865 1210 1063 1289; x_wconf 78' lang='lat' dir='ltr'><strong>paulatimque</strong></span> <span class='ocrx_word' id='word_1_106' title='bbox 1083 1231 1272 1290; x_wconf 88' lang='lat' dir='ltr'><strong>personarum</strong></span> <span class='ocrx_word' id='word_1_107' title='bbox 1285 1228 1390 1270; x_wconf 88' lang='lat' dir='ltr'><strong>numero</strong></span> 
     </span>
     <span class='ocr_line' id='line_1_14' title="bbox 266 1291 1390 1371; baseline -0.004 -20"><span class='ocrx_word' id='word_1_108' title='bbox 266 1292 296 1351; x_wconf 92' lang='grc' dir='ltr'><strong>ιιι</strong></span> <span class='ocrx_word' id='word_1_109' title='bbox 308 1293 436 1370; x_wconf 90' lang='lat' dir='ltr'><strong>quinque</strong></span> <span class='ocrx_word' id='word_1_110' title='bbox 450 1291 531 1351; x_wconf 82' lang='lat' dir='ltr'><strong>actus</strong></span> <span class='ocrx_word' id='word_1_111' title='bbox 551 1291 713 1371; x_wconf 88' lang='lat' dir='ltr'><strong>processit:</strong></span> <span class='ocrx_word' id='word_1_112' title='bbox 736 1292 815 1369; x_wconf 89' lang='lat' dir='ltr'><strong>quod</strong></span> <span class='ocrx_word' id='word_1_113' title='bbox 829 1304 897 1350; x_wconf 91' lang='lat' dir='ltr'><strong>tunc</strong></span> <span class='ocrx_word' id='word_1_114' title='bbox 910 1312 1001 1369; x_wconf 89' lang='lat' dir='ltr'><strong>quum</strong></span> <span class='ocrx_word' id='word_1_115' title='bbox 1014 1292 1051 1351; x_wconf 87' lang='lat' dir='ltr'><strong>sd</strong></span> <span class='ocrx_word' id='word_1_116' title='bbox 1065 1304 1198 1352; x_wconf 81' lang='lat' dir='ltr'><strong>cantores</strong></span> <span class='ocrx_word' id='word_1_117' title='bbox 1212 1292 1390 1351; x_wconf 89' lang='lat' dir='ltr'><strong>abactoribus</strong></span> 
     </span>
     <span class='ocr_line' id='line_1_15' title="bbox 266 1372 1390 1452; baseline -0.003 -21"><span class='ocrx_word' id='word_1_118' title='bbox 266 1374 406 1433; x_wconf 86' lang='lat' dir='ltr'><strong>transibat</strong></span> <span class='ocrx_word' id='word_1_119' title='bbox 419 1372 526 1442; x_wconf 81' lang='lat' dir='ltr'><strong>fabula,</strong></span> <span class='ocrx_word' id='word_1_120' title='bbox 541 1386 731 1450; x_wconf 83' lang='lat' dir='ltr'><strong>consurgeret</strong></span> <span class='ocrx_word' id='word_1_121' title='bbox 744 1384 774 1430; x_wconf 91' lang='lat' dir='ltr'><strong>et</strong></span> <span class='ocrx_word' id='word_1_122' title='bbox 787 1372 881 1431; x_wconf 88' lang='lat' dir='ltr'><strong>abiret</strong></span> <span class='ocrx_word' id='word_1_123' title='bbox 893 1372 1029 1452; x_wconf 90' lang='lat' dir='ltr'><strong>populus.</strong></span> <span class='ocrx_word' id='word_1_124' title='bbox 1069 1372 1104 1431; x_wconf 90' lang='lat' dir='ltr'><strong>In</strong></span> <span class='ocrx_word' id='word_1_125' title='bbox 1117 1394 1153 1432; x_wconf 88' lang='lat' dir='ltr'><strong>ea</strong></span> <span class='ocrx_word' id='word_1_126' title='bbox 1164 1374 1251 1432; x_wconf 91' lang='lat' dir='ltr'><strong>etiam</strong></span> <span class='ocrx_word' id='word_1_127' title='bbox 1271 1390 1390 1451; x_wconf 85' lang='lat' dir='ltr'><strong>persons-</strong></span> 
     </span>
     <span class='ocr_line' id='line_1_16' title="bbox 266 1452 1302 1532; baseline -0.001 -19"><span class='ocrx_word' id='word_1_128' title='bbox 266 1452 763 1521; x_wconf 85' lang='lat' dir='ltr'><strong>rumornatusnliusinventusest,</strong></span> <span class='ocrx_word' id='word_1_129' title='bbox 778 1452 875 1531; x_wconf 88' lang='lat' dir='ltr'><strong>pallia,</strong></span> <span class='ocrx_word' id='word_1_130' title='bbox 891 1454 1022 1522; x_wconf 73' lang='lat' dir='ltr'><strong>succiet</strong></span> <span class='ocrx_word' id='word_1_131' title='bbox 1036 1453 1067 1512; x_wconf 89' lang='lat' dir='ltr'><strong>id</strong></span> <span class='ocrx_word' id='word_1_132' title='bbox 1079 1474 1172 1532; x_wconf 89' lang='lat' dir='ltr'><strong>genus</strong></span> <span class='ocrx_word' id='word_1_133' title='bbox 1186 1468 1302 1513; x_wconf 80' lang='lat' dir='ltr'><strong>caetera.</strong></span> 
     </span>
    </p>

    <p class='ocr_par' dir='ltr' id='par_1_4' title="bbox 264 1533 1393 2662">
     <span class='ocr_line' id='line_1_17' title="bbox 306 1533 1389 1613; baseline -0.004 -21"><span class='ocrx_word' id='word_1_134' title='bbox 306 1533 379 1594; x_wconf 86' lang='lat' dir='ltr'><strong>Post</strong></span> <span class='ocrx_word' id='word_1_135' title='bbox 392 1554 497 1594; x_wconf 85' lang='lat' dir='ltr'><strong>novam</strong></span> <span class='ocrx_word' id='word_1_136' title='bbox 510 1534 681 1594; x_wconf 86' lang='lat' dir='ltr'><strong>comoediam</strong></span> <span class='ocrx_word' id='word_1_137' title='bbox 697 1533 793 1592; x_wconf 86' lang='lat' dir='ltr'><strong>Latini</strong></span> <span class='ocrx_word' id='word_1_138' title='bbox 806 1533 899 1592; x_wconf 92' lang='lat' dir='ltr'><strong>multa</strong></span> <span class='ocrx_word' id='word_1_139' title='bbox 911 1533 1075 1593; x_wconf 83' lang='lat' dir='ltr'><strong>fabularum</strong></span> <span class='ocrx_word' id='word_1_140' title='bbox 1092 1554 1200 1613; x_wconf 88' lang='lat' dir='ltr'><strong>genera</strong></span> <span class='ocrx_word' id='word_1_141' title='bbox 1212 1533 1389 1612; x_wconf 78' lang='lat' dir='ltr'><strong>protulerunt,</strong></span> 
     </span>
     <span class='ocr_line' id='line_1_18' title="bbox 265 1613 1391 1693; baseline -0.005 -18"><span class='ocrx_word' id='word_1_142' title='bbox 265 1635 333 1693; x_wconf 83' lang='lat' dir='ltr'><strong>quse</strong></span> <span class='ocrx_word' id='word_1_143' title='bbox 354 1628 449 1674; x_wconf 86' lang='lat' dir='ltr'><strong>tamen</strong></span> <span class='ocrx_word' id='word_1_144' title='bbox 464 1614 617 1673; x_wconf 80' lang='lat' dir='ltr'><strong>comoediae</strong></span> <span class='ocrx_word' id='word_1_145' title='bbox 630 1614 810 1674; x_wconf 88' lang='lat' dir='ltr'><strong>dicebantur.</strong></span> <span class='ocrx_word' id='word_1_146' title='bbox 857 1614 983 1692; x_wconf 75' lang='lat' dir='ltr'><strong>Togatae</strong></span> <span class='ocrx_word' id='word_1_147' title='bbox 995 1616 1139 1674; x_wconf 86' lang='lat' dir='ltr'><strong>vocabant</strong></span> <span class='ocrx_word' id='word_1_148' title='bbox 1151 1636 1170 1675; x_wconf 87' lang='lat' dir='ltr'><strong>a</strong></span> <span class='ocrx_word' id='word_1_149' title='bbox 1182 1615 1303 1674; x_wconf 86' lang='lat' dir='ltr'><strong>scenicis</strong></span> <span class='ocrx_word' id='word_1_150' title='bbox 1321 1613 1391 1671; x_wconf 90' lang='lat' dir='ltr'><strong>indu·</strong></span> 
     </span>
     <span class='ocr_line' id='line_1_19' title="bbox 265 1692 1391 1785; baseline -0.003 -31"><span class='ocrx_word' id='word_1_151' title='bbox 265 1696 380 1764; x_wconf 87' lang='lat' dir='ltr'><strong>mentis,</strong></span> <span class='ocrx_word' id='word_1_152' title='bbox 407 1716 474 1774; x_wconf 81' lang='lat' dir='ltr'><strong>quae</strong></span> <span class='ocrx_word' id='word_1_153' title='bbox 502 1696 663 1753; x_wconf 77' lang='lat' dir='ltr'><strong>Romanam</strong></span> <span class='ocrx_word' id='word_1_154' title='bbox 689 1706 788 1773; x_wconf 88' lang='lat' dir='ltr'><strong>togam</strong></span> <span class='ocrx_word' id='word_1_155' title='bbox 809 1715 872 1773; x_wconf 82' lang='lat' dir='ltr'><strong>prae</strong></span> <span class='ocrx_word' id='word_1_156' title='bbox 895 1715 926 1753; x_wconf 89' lang='lat' dir='ltr'><strong>sc</strong></span> <span class='ocrx_word' id='word_1_157' title='bbox 949 1696 1089 1766; x_wconf 81' lang='lat' dir='ltr'><strong>ferebant,</strong></span> <span class='ocrx_word' id='word_1_158' title='bbox 1112 1708 1144 1755; x_wconf 92' lang='lat' dir='ltr'><strong>et</strong></span> <span class='ocrx_word' id='word_1_159' title='bbox 1166 1697 1204 1755; x_wconf 93' lang='lat' dir='ltr'><strong>ab</strong></span> <span class='ocrx_word' id='word_1_160' title='bbox 1232 1692 1391 1785; x_wconf 79' lang='lat' dir='ltr'><strong>argumentis</strong></span> 
     </span>
     <span class='ocr_line' id='line_1_20' title="bbox 265 1774 1391 1871; baseline -0.004 -36"><span class='ocrx_word' id='word_1_161' title='bbox 265 1776 394 1848; x_wconf 80' lang='lat' dir='ltr'><strong>Latinis3</strong></span> <span class='ocrx_word' id='word_1_162' title='bbox 425 1776 619 1834; x_wconf 76' lang='lat' dir='ltr'><strong>Proetestotas</strong></span> <span class='ocrx_word' id='word_1_163' title='bbox 643 1796 659 1834; x_wconf 91' lang='grc' dir='ltr'><strong>ι</strong></span> <span class='ocrx_word' id='word_1_164' title='bbox 682 1774 822 1853; x_wconf 89' lang='lat' dir='ltr'><strong>dignitate</strong></span> <span class='ocrx_word' id='word_1_165' title='bbox 845 1788 875 1834; x_wconf 91' lang='lat' dir='ltr'><strong>et</strong></span> <span class='ocrx_word' id='word_1_166' title='bbox 896 1776 1004 1834; x_wconf 85' lang='lat' dir='ltr'><strong>vestitu</strong></span> <span class='ocrx_word' id='word_1_167' title='bbox 1027 1796 1225 1871; x_wconf 78' lang='lat' dir='ltr'><strong>personarum,</strong></span> <span class='ocrx_word' id='word_1_168' title='bbox 1251 1789 1281 1835; x_wconf 87' lang='lat' dir='ltr'><strong>et</strong></span> <span class='ocrx_word' id='word_1_169' title='bbox 1304 1774 1391 1834; x_wconf 84' lang='lat' dir='ltr'><strong>Letins</strong></span> 
     </span>
     <span class='ocr_line' id='line_1_21' title="bbox 264 1856 1390 1925; baseline -0.004 -9"><span class='ocrx_word' id='word_1_170' title='bbox 264 1856 405 1916; x_wconf 86' lang='lat' dir='ltr'><strong>historia:</strong></span> <span class='ocrx_word' id='word_1_171' title='bbox 427 1856 578 1915; x_wconf 83' lang='lat' dir='ltr'><strong>Atellanas</strong></span> <span class='ocrx_word' id='word_1_172' title='bbox 586 1858 622 1914; x_wconf 86' lang='lat' dir='ltr'><strong>sb</strong></span> <span class='ocrx_word' id='word_1_173' title='bbox 637 1856 736 1915; x_wconf 80' lang='lat' dir='ltr'><strong>Atella</strong></span> <span class='ocrx_word' id='word_1_174' title='bbox 748 1856 894 1915; x_wconf 89' lang='lat' dir='ltr'><strong>Oscorum</strong></span> <span class='ocrx_word' id='word_1_175' title='bbox 905 1870 1032 1925; x_wconf 78' lang='lat' dir='ltr'><strong>civitate</strong></span> <span class='ocrx_word' id='word_1_176' title='bbox 1047 1858 1120 1916; x_wconf 91' lang='lat' dir='ltr'><strong>ubi</strong></span> <span class='ocrx_word' id='word_1_177' title='bbox 1111 1872 1241 1916; x_wconf 79' lang='lat' dir='ltr'><strong>inventae</strong></span> <span class='ocrx_word' id='word_1_178' title='bbox 1252 1857 1390 1915; x_wconf 86' lang='lat' dir='ltr'><strong>dicuntur:</strong></span> 
     </span>
     <span class='ocr_line' id='line_1_22' title="bbox 264 1936 1391 2015; baseline -0.004 -18"><span class='ocrx_word' id='word_1_179' title='bbox 264 1958 308 1997; x_wconf 73' lang='grc' dir='ltr'><strong>ιιι</strong></span> <span class='ocrx_word' id='word_1_180' title='bbox 323 1937 431 1996; x_wconf 84' lang='lat' dir='ltr'><strong>salibus</strong></span> <span class='ocrx_word' id='word_1_181' title='bbox 451 1956 615 2015; x_wconf 74' lang='lat' dir='ltr'><strong>conspersae</strong></span> <span class='ocrx_word' id='word_1_182' title='bbox 635 1950 727 2007; x_wconf 88' lang='lat' dir='ltr'><strong>erant,</strong></span> <span class='ocrx_word' id='word_1_183' title='bbox 741 1956 775 1995; x_wconf 91' lang='lat' dir='ltr'><strong>ac</strong></span> <span class='ocrx_word' id='word_1_184' title='bbox 791 1936 868 2015; x_wconf 90' lang='lat' dir='ltr'><strong>jocis</strong></span> <span class='ocrx_word' id='word_1_185' title='bbox 887 1938 1068 2015; x_wconf 73' lang='lat' dir='ltr'><strong>compositae,</strong></span> <span class='ocrx_word' id='word_1_186' title='bbox 1090 1938 1120 1996; x_wconf 91' lang='lat' dir='ltr'><strong>in</strong></span> <span class='ocrx_word' id='word_1_187' title='bbox 1139 1958 1170 1996; x_wconf 96' lang='grc' dir='ltr'><strong>ιι</strong></span> <span class='ocrx_word' id='word_1_188' title='bbox 1190 1958 1251 1996; x_wconf 92' lang='lat' dir='ltr'><strong>non</strong></span> <span class='ocrx_word' id='word_1_189' title='bbox 1271 1938 1391 1995; x_wconf 82' lang='lat' dir='ltr'><strong>habentes</strong></span> 
     </span>
     <span class='ocr_line' id='line_1_23' title="bbox 265 2016 1390 2096; baseline -0.004 -19"><span class='ocrx_word' id='word_1_190' title='bbox 265 2018 321 2077; x_wconf 92' lang='lat' dir='ltr'><strong>nisi</strong></span> <span class='ocrx_word' id='word_1_191' title='bbox 335 2031 485 2077; x_wconf 84' lang='lat' dir='ltr'><strong>venustam</strong></span> <span class='ocrx_word' id='word_1_192' title='bbox 499 2017 690 2096; x_wconf 84' lang='lat' dir='ltr'><strong>elegantiam.</strong></span> <span class='ocrx_word' id='word_1_193' title='bbox 711 2016 812 2094; x_wconf 86' lang='lat' dir='ltr'><strong>quales</strong></span> <span class='ocrx_word' id='word_1_194' title='bbox 834 2030 900 2076; x_wconf 90' lang='lat' dir='ltr'><strong>sunt</strong></span> <span class='ocrx_word' id='word_1_195' title='bbox 914 2018 1076 2078; x_wconf 84' lang='lat' dir='ltr'><strong>Plautinae:</strong></span> <span class='ocrx_word' id='word_1_196' title='bbox 1096 2018 1287 2095; x_wconf 73' lang='lat' dir='ltr'><strong>Riyotonicae</strong></span> <span class='ocrx_word' id='word_1_197' title='bbox 1298 2035 1390 2076; x_wconf 81' lang='lat' dir='ltr'><strong>comm-</strong></span> 
     </span>
     <span class='ocr_line' id='line_1_24' title="bbox 265 2094 1390 2176; baseline -0.005 -18"><span class='ocrx_word' id='word_1_198' title='bbox 265 2098 323 2158; x_wconf 83' lang='lat' dir='ltr'><strong>diae</strong></span> <span class='ocrx_word' id='word_1_199' title='bbox 338 2098 423 2157; x_wconf 80' lang='lat' dir='ltr'><strong>dictae</strong></span> <span class='ocrx_word' id='word_1_200' title='bbox 436 2100 473 2157; x_wconf 94' lang='lat' dir='ltr'><strong>ab</strong></span> <span class='ocrx_word' id='word_1_201' title='bbox 494 2099 620 2157; x_wconf 86' lang='lat' dir='ltr'><strong>auctoris</strong></span> <span class='ocrx_word' id='word_1_202' title='bbox 638 2098 770 2157; x_wconf 89' lang='lat' dir='ltr'><strong>nomine:</strong></span> <span class='ocrx_word' id='word_1_203' title='bbox 796 2097 989 2169; x_wconf 79' lang='lat' dir='ltr'><strong>Tabemcrioe,</strong></span> <span class='ocrx_word' id='word_1_204' title='bbox 1005 2101 1042 2158; x_wconf 88' lang='lat' dir='ltr'><strong>ab</strong></span> <span class='ocrx_word' id='word_1_205' title='bbox 1062 2098 1225 2157; x_wconf 86' lang='lat' dir='ltr'><strong>humilitate</strong></span> <span class='ocrx_word' id='word_1_206' title='bbox 1245 2094 1390 2176; x_wconf 73' lang='lat' dir='ltr'><strong>argumenti</strong></span> 
     </span>
     <span class='ocr_line' id='line_1_25' title="bbox 265 2176 1392 2257; baseline -0.005 -18"><span class='ocrx_word' id='word_1_207' title='bbox 265 2193 296 2239; x_wconf 87' lang='grc' dir='ltr'><strong>ιι</strong></span> <span class='ocrx_word' id='word_1_208' title='bbox 306 2179 381 2250; x_wconf 86' lang='grc' dir='ltr'><strong>ιιιΙι</strong></span> <span class='ocrx_word' id='word_1_209' title='bbox 398 2178 534 2238; x_wconf 82' lang='lat' dir='ltr'><strong>Pullsctoe</strong></span> <span class='ocrx_word' id='word_1_210' title='bbox 542 2181 579 2237; x_wconf 92' lang='lat' dir='ltr'><strong>ab</strong></span> <span class='ocrx_word' id='word_1_211' title='bbox 588 2179 689 2237; x_wconf 80' lang='lat' dir='ltr'><strong>babitu</strong></span> <span class='ocrx_word' id='word_1_212' title='bbox 703 2194 733 2237; x_wconf 90' lang='lat' dir='ltr'><strong>et</strong></span> <span class='ocrx_word' id='word_1_213' title='bbox 741 2192 914 2257; x_wconf 88' lang='lat' dir='ltr'><strong>argumento</strong></span> <span class='ocrx_word' id='word_1_214' title='bbox 923 2179 1041 2239; x_wconf 73' lang='lat' dir='ltr'><strong>Graeco</strong></span> <span class='ocrx_word' id='word_1_215' title='bbox 1062 2178 1156 2248; x_wconf 80' lang='lat' dir='ltr'><strong>Missi,</strong></span> <span class='ocrx_word' id='word_1_216' title='bbox 1166 2176 1392 2239; x_wconf 85' lang='lat' dir='ltr'><strong>abinverecunds</strong></span> 
     </span>
     <span class='ocr_line' id='line_1_26' title="bbox 264 2258 1391 2347; baseline -0.004 -28"><span class='ocrx_word' id='word_1_217' title='bbox 264 2224 650 2327; x_wconf 82' lang='lat' dir='ltr'><strong>imitatibneviliumrerum,</strong></span> <span class='ocrx_word' id='word_1_218' title='bbox 661 2258 807 2318; x_wconf 84' lang='lat' dir='ltr'><strong>etlevium</strong></span> <span class='ocrx_word' id='word_1_219' title='bbox 816 2279 1015 2337; x_wconf 88' lang='lat' dir='ltr'><strong>personarum.</strong></span> <span class='ocrx_word' id='word_1_220' title='bbox 1045 2259 1218 2339; x_wconf 82' lang='lat' dir='ltr'><strong>Planipediu</strong></span> <span class='ocrx_word' id='word_1_221' title='bbox 1232 2276 1391 2347; x_wconf 90' lang='lat' dir='ltr'><strong>quoqueco·</strong></span> 
     </span>
     <span class='ocr_line' id='line_1_27' title="bbox 266 2336 1392 2433; baseline -0.006 -32"><span class='ocrx_word' id='word_1_222' title='bbox 266 2341 376 2401; x_wconf 83' lang='lat' dir='ltr'><strong>moedis</strong></span> <span class='ocrx_word' id='word_1_223' title='bbox 395 2340 482 2411; x_wconf 88' lang='lat' dir='ltr'><strong>dicta,</strong></span> <span class='ocrx_word' id='word_1_224' title='bbox 503 2342 541 2399; x_wconf 90' lang='lat' dir='ltr'><strong>ob</strong></span> <span class='ocrx_word' id='word_1_225' title='bbox 569 2339 762 2399; x_wconf 82' lang='lat' dir='ltr'><strong>humilitatem</strong></span> <span class='ocrx_word' id='word_1_226' title='bbox 782 2341 955 2433; x_wconf 83' lang='lat' dir='ltr'><strong>argumenti,</strong></span> <span class='ocrx_word' id='word_1_227' title='bbox 976 2362 1010 2400; x_wconf 92' lang='lat' dir='ltr'><strong>ac</strong></span> <span class='ocrx_word' id='word_1_228' title='bbox 1034 2340 1174 2400; x_wconf 83' lang='lat' dir='ltr'><strong>vilitatem</strong></span> <span class='ocrx_word' id='word_1_229' title='bbox 1194 2354 1333 2409; x_wconf 85' lang='lat' dir='ltr'><strong>actorum,</strong></span> <span class='ocrx_word' id='word_1_230' title='bbox 1351 2336 1392 2413; x_wconf 91' lang='lat' dir='ltr'><strong>qui</strong></span> 
     </span>
     <span class='ocr_line' id='line_1_28' title="bbox 265 2418 1392 2509; baseline -0.004 -28"><span class='ocrx_word' id='word_1_231' title='bbox 265 2442 324 2482; x_wconf 89' lang='lat' dir='ltr'><strong>non</strong></span> <span class='ocrx_word' id='word_1_232' title='bbox 346 2423 489 2482; x_wconf 88' lang='lat' dir='ltr'><strong>cothurno</strong></span> <span class='ocrx_word' id='word_1_233' title='bbox 509 2434 559 2479; x_wconf 91' lang='lat' dir='ltr'><strong>aut</strong></span> <span class='ocrx_word' id='word_1_234' title='bbox 579 2440 665 2481; x_wconf 87' lang='lat' dir='ltr'><strong>socco</strong></span> <span class='ocrx_word' id='word_1_235' title='bbox 686 2422 873 2480; x_wconf 88' lang='lat' dir='ltr'><strong>utebantur</strong></span> <span class='ocrx_word' id='word_1_236' title='bbox 865 2441 894 2479; x_wconf 92' lang='grc' dir='ltr'><strong>ιιι</strong></span> <span class='ocrx_word' id='word_1_237' title='bbox 915 2442 1002 2481; x_wconf 88' lang='lat' dir='ltr'><strong>scena</strong></span> <span class='ocrx_word' id='word_1_238' title='bbox 1020 2434 1072 2481; x_wconf 90' lang='lat' dir='ltr'><strong>aut</strong></span> <span class='ocrx_word' id='word_1_239' title='bbox 1098 2421 1224 2500; x_wconf 92' lang='lat' dir='ltr'><strong>pulpito,</strong></span> <span class='ocrx_word' id='word_1_240' title='bbox 1245 2421 1297 2480; x_wconf 90' lang='lat' dir='ltr'><strong>sed</strong></span> <span class='ocrx_word' id='word_1_241' title='bbox 1320 2418 1392 2509; x_wconf 75' lang='lat' dir='ltr'><strong>plano</strong></span> 
     </span>
     <span class='ocr_line' id='line_1_29' title="bbox 264 2497 1393 2581; baseline -0.005 -20"><span class='ocrx_word' id='word_1_242' title='bbox 264 2502 360 2581; x_wconf 89' lang='lat' dir='ltr'><strong>pede·</strong></span> <span class='ocrx_word' id='word_1_243' title='bbox 382 2502 429 2561; x_wconf 89' lang='lat' dir='ltr'><strong>vel</strong></span> <span class='ocrx_word' id='word_1_244' title='bbox 449 2502 524 2573; x_wconf 90' lang='lat' dir='ltr'><strong>ideo,</strong></span> <span class='ocrx_word' id='word_1_245' title='bbox 539 2501 619 2579; x_wconf 91' lang='lat' dir='ltr'><strong>quod</strong></span> <span class='ocrx_word' id='word_1_246' title='bbox 638 2522 696 2561; x_wconf 89' lang='lat' dir='ltr'><strong>non</strong></span> <span class='ocrx_word' id='word_1_247' title='bbox 717 2522 752 2560; x_wconf 91' lang='lat' dir='ltr'><strong>ea</strong></span> <span class='ocrx_word' id='word_1_248' title='bbox 771 2502 888 2579; x_wconf 87' lang='lat' dir='ltr'><strong>negotia</strong></span> <span class='ocrx_word' id='word_1_249' title='bbox 907 2502 1061 2571; x_wconf 88' lang='lat' dir='ltr'><strong>contineat,</strong></span> <span class='ocrx_word' id='word_1_250' title='bbox 1082 2523 1150 2580; x_wconf 85' lang='lat' dir='ltr'><strong>quae</strong></span> <span class='ocrx_word' id='word_1_251' title='bbox 1170 2520 1352 2580; x_wconf 88' lang='lat' dir='ltr'><strong>personarum</strong></span> <span class='ocrx_word' id='word_1_252' title='bbox 1369 2497 1393 2555; x_wconf 89' lang='lat' dir='ltr'><strong>in</strong></span> 
     </span>
     <span class='ocr_line' id='line_1_30' title="bbox 266 2546 1391 2662; baseline -0.006 -19"><span class='ocrx_word' id='word_1_253' title='bbox 266 2584 403 2652; x_wconf 89' lang='lat' dir='ltr'><strong>turribus,</strong></span> <span class='ocrx_word' id='word_1_254' title='bbox 414 2595 465 2642; x_wconf 86' lang='lat' dir='ltr'><strong>sut</strong></span> <span class='ocrx_word' id='word_1_255' title='bbox 478 2583 507 2641; x_wconf 92' lang='grc' dir='ltr'><strong>ιιι</strong></span> <span class='ocrx_word' id='word_1_256' title='bbox 516 2546 674 2642; x_wconf 77' lang='lat' dir='ltr'><strong>boenaculis</strong></span> <span class='ocrx_word' id='word_1_257' title='bbox 685 2582 878 2641; x_wconf 90' lang='lat' dir='ltr'><strong>habitantium</strong></span> <span class='ocrx_word' id='word_1_258' title='bbox 886 2594 963 2652; x_wconf 87' lang='lat' dir='ltr'><strong>sunt,</strong></span> <span class='ocrx_word' id='word_1_259' title='bbox 974 2582 1070 2641; x_wconf 88' lang='lat' dir='ltr'><strong>sedin</strong></span> <span class='ocrx_word' id='word_1_260' title='bbox 1082 2582 1170 2662; x_wconf 86' lang='lat' dir='ltr'><strong>plano</strong></span> <span class='ocrx_word' id='word_1_261' title='bbox 1178 2595 1209 2641; x_wconf 91' lang='lat' dir='ltr'><strong>et</strong></span> <span class='ocrx_word' id='word_1_262' title='bbox 1223 2581 1322 2642; x_wconf 91' lang='lat' dir='ltr'><strong>humili</strong></span> <span class='ocrx_word' id='word_1_263' title='bbox 1330 2580 1391 2637; x_wconf 93' lang='lat' dir='ltr'><strong>loco</strong></span> 
     </span>
    </p>

    <p class='ocr_par' dir='ltr' id='par_1_5' title="bbox 263 2662 1395 3145">
     <span class='ocr_line' id='line_1_31' title="bbox 305 2662 1392 2741; baseline -0.005 -19"><span class='ocrx_word' id='word_1_264' title='bbox 305 2663 442 2723; x_wconf 88' lang='lat' dir='ltr'><strong>Omnium</strong></span> <span class='ocrx_word' id='word_1_265' title='bbox 456 2676 553 2724; x_wconf 85' lang='lat' dir='ltr'><strong>autem</strong></span> <span class='ocrx_word' id='word_1_266' title='bbox 565 2662 771 2723; x_wconf 86' lang='lat' dir='ltr'><strong>comoedisrum</strong></span> <span class='ocrx_word' id='word_1_267' title='bbox 784 2663 911 2740; x_wconf 91' lang='lat' dir='ltr'><strong>scripta,</strong></span> <span class='ocrx_word' id='word_1_268' title='bbox 916 2684 984 2741; x_wconf 82' lang='lat' dir='ltr'><strong>quoe</strong></span> <span class='ocrx_word' id='word_1_269' title='bbox 997 2662 1128 2722; x_wconf 84' lang='grc' dir='ltr'><strong>ιιιιιιιιιι</strong></span> <span class='ocrx_word' id='word_1_270' title='bbox 1142 2663 1243 2723; x_wconf 81' lang='lat' dir='ltr'><strong>Graeci</strong></span> <span class='ocrx_word' id='word_1_271' title='bbox 1257 2663 1392 2727; x_wconf 83' lang='lat' dir='ltr'><strong>vocabant,</strong></span> 
     </span>
     <span class='ocr_line' id='line_1_32' title="bbox 264 2743 1392 2822; baseline -0.006 -18"><span class='ocrx_word' id='word_1_272' title='bbox 264 2764 303 2804; x_wconf 85' lang='lat' dir='ltr'><strong>ex</strong></span> <span class='ocrx_word' id='word_1_273' title='bbox 323 2758 447 2822; x_wconf 88' lang='lat' dir='ltr'><strong>quatuor</strong></span> <span class='ocrx_word' id='word_1_274' title='bbox 471 2746 558 2803; x_wconf 87' lang='lat' dir='ltr'><strong>rebus</strong></span> <span class='ocrx_word' id='word_1_275' title='bbox 581 2745 699 2803; x_wconf 90' lang='lat' dir='ltr'><strong>omnino</strong></span> <span class='ocrx_word' id='word_1_276' title='bbox 726 2757 897 2803; x_wconf 90' lang='lat' dir='ltr'><strong>sumuntur.</strong></span> <span class='ocrx_word' id='word_1_277' title='bbox 920 2744 1043 2812; x_wconf 90' lang='lat' dir='ltr'><strong>nomine,</strong></span> <span class='ocrx_word' id='word_1_278' title='bbox 1072 2743 1146 2813; x_wconf 90' lang='lat' dir='ltr'><strong>loco,</strong></span> <span class='ocrx_word' id='word_1_279' title='bbox 1174 2745 1263 2813; x_wconf 85' lang='lat' dir='ltr'><strong>iacto,</strong></span> <span class='ocrx_word' id='word_1_280' title='bbox 1290 2753 1392 2801; x_wconf 79' lang='lat' dir='ltr'><strong>eventu.</strong></span> 
     </span>
     <span class='ocr_line' id='line_1_33' title="bbox 263 2820 1391 2903; baseline 0.001 -19"><span class='ocrx_word' id='word_1_281' title='bbox 263 2825 398 2894; x_wconf 82' lang='lat' dir='ltr'><strong>Nomine,</strong></span> <span class='ocrx_word' id='word_1_282' title='bbox 414 2838 446 2885; x_wconf 90' lang='lat' dir='ltr'><strong>ut</strong></span> <span class='ocrx_word' id='word_1_283' title='bbox 460 2824 607 2894; x_wconf 89' lang='lat' dir='ltr'><strong>Phormio,</strong></span> <span class='ocrx_word' id='word_1_284' title='bbox 629 2824 757 2902; x_wconf 77' lang='lat' dir='ltr'><strong>Hecyra,</strong></span> <span class='ocrx_word' id='word_1_285' title='bbox 774 2822 928 2902; x_wconf 87' lang='lat' dir='ltr'><strong>Gurgulio‚</strong></span> <span class='ocrx_word' id='word_1_286' title='bbox 943 2824 1093 2903; x_wconf 89' lang='lat' dir='ltr'><strong>Epidicus.</strong></span> <span class='ocrx_word' id='word_1_287' title='bbox 1134 2824 1225 2894; x_wconf 70' lang='lat' dir='ltr'><strong>Locm</strong></span> <span class='ocrx_word' id='word_1_288' title='bbox 1240 2837 1274 2883; x_wconf 93' lang='lat' dir='ltr'><strong>ut</strong></span> <span class='ocrx_word' id='word_1_289' title='bbox 1286 2820 1391 2885; x_wconf 78' lang='lat' dir='ltr'><strong>Andna</strong></span> 
     </span>
     <span class='ocr_line' id='line_1_34' title="bbox 263 2867 1393 2982; baseline -0.002 -17"><span class='ocrx_word' id='word_1_290' title='bbox 263 2868 419 2975; x_wconf 79' lang='lat' dir='ltr'><strong>Leucadiis,</strong></span> <span class='ocrx_word' id='word_1_291' title='bbox 430 2868 623 2965; x_wconf 83' lang='lat' dir='ltr'><strong>Brundusinls.</strong></span> <span class='ocrx_word' id='word_1_292' title='bbox 645 2904 744 2976; x_wconf 89' lang='lat' dir='ltr'><strong>Facto,</strong></span> <span class='ocrx_word' id='word_1_293' title='bbox 755 2919 787 2964; x_wconf 92' lang='lat' dir='ltr'><strong>ut</strong></span> <span class='ocrx_word' id='word_1_294' title='bbox 796 2904 963 2972; x_wconf 87' lang='lat' dir='ltr'><strong>Eunuchus</strong></span> <span class='ocrx_word' id='word_1_295' title='bbox 975 2906 1109 2964; x_wconf 79' lang='lat' dir='ltr'><strong>Asinaria</strong></span> <span class='ocrx_word' id='word_1_296' title='bbox 1111 2867 1256 2982; x_wconf 78' lang='lat' dir='ltr'><strong>‚Captilri</strong></span> <span class='ocrx_word' id='word_1_297' title='bbox 1283 2904 1393 2963; x_wconf 81' lang='lat' dir='ltr'><strong>Eventu</strong></span> 
     </span>
     <span class='ocr_line' id='line_1_35' title="bbox 265 2948 1395 3063; baseline -0.006 -18"><span class='ocrx_word' id='word_1_298' title='bbox 265 2999 299 3045; x_wconf 90' lang='lat' dir='ltr'><strong>ut</strong></span> <span class='ocrx_word' id='word_1_299' title='bbox 327 2948 565 3056; x_wconf 75' lang='lat' dir='ltr'><strong>Commorientes,</strong></span> <span class='ocrx_word' id='word_1_300' title='bbox 594 2984 731 3063; x_wconf 82' lang='lat' dir='ltr'><strong>Adelpbi,</strong></span> <span class='ocrx_word' id='word_1_301' title='bbox 759 2984 1117 3045; x_wconf 88' lang='lat' dir='ltr'><strong>Heautontimorumenos.</strong></span> <span class='ocrx_word' id='word_1_302' title='bbox 1159 2985 1309 3044; x_wconf 83' lang='lat' dir='ltr'><strong>Dividitur</strong></span> <span class='ocrx_word' id='word_1_303' title='bbox 1330 2998 1395 3041; x_wconf 86' lang='lat' dir='ltr'><strong>nora</strong></span> 
     </span>
     <span class='ocr_line' id='line_1_36' title="bbox 265 3062 1393 3145; baseline -0.006 -19"><span class='ocrx_word' id='word_1_304' title='bbox 265 3068 431 3127; x_wconf 85' lang='lat' dir='ltr'><strong>comoedia</strong></span> <span class='ocrx_word' id='word_1_305' title='bbox 423 3088 452 3125; x_wconf 89' lang='grc' dir='ltr'><strong>ιιι</strong></span> <span class='ocrx_word' id='word_1_306' title='bbox 466 3080 590 3144; x_wconf 90' lang='lat' dir='ltr'><strong>quatuor</strong></span> <span class='ocrx_word' id='word_1_307' title='bbox 603 3080 721 3144; x_wconf 88' lang='lat' dir='ltr'><strong>partes.</strong></span> <span class='ocrx_word' id='word_1_308' title='bbox 740 3066 895 3145; x_wconf 83' lang='lat' dir='ltr'><strong>prologum,</strong></span> <span class='ocrx_word' id='word_1_309' title='bbox 906 3066 1045 3144; x_wconf 77' lang='lat' dir='ltr'><strong>protasis,</strong></span> <span class='ocrx_word' id='word_1_310' title='bbox 1059 3066 1191 3145; x_wconf 72' lang='lat' dir='ltr'><strong>epitann,</strong></span> <span class='ocrx_word' id='word_1_311' title='bbox 1201 3062 1393 3142; x_wconf 69' lang='lat' dir='ltr'><strong>cotastmplen</strong></span> 
     </span>
    </p>

    <p class='ocr_par' dir='ltr' id='par_1_6' title="bbox 266 3145 1394 3288">
     <span class='ocr_line' id='line_1_37' title="bbox 305 3145 1394 3227; baseline -0.002 -21"><span class='ocrx_word' id='word_1_312' title='bbox 305 3147 445 3227; x_wconf 78' lang='lat' dir='ltr'><strong>Prologus</strong></span> <span class='ocrx_word' id='word_1_313' title='bbox 467 3160 512 3206; x_wconf 91' lang='lat' dir='ltr'><strong>est</strong></span> <span class='ocrx_word' id='word_1_314' title='bbox 536 3146 626 3206; x_wconf 88' lang='lat' dir='ltr'><strong>veluti</strong></span> <span class='ocrx_word' id='word_1_315' title='bbox 651 3145 787 3225; x_wconf 79' lang='lat' dir='ltr'><strong>prael&#39;atio</strong></span> <span class='ocrx_word' id='word_1_316' title='bbox 808 3147 943 3223; x_wconf 74' lang='lat' dir='ltr'><strong>quasdam</strong></span> <span class='ocrx_word' id='word_1_317' title='bbox 967 3146 1118 3215; x_wconf 61' lang='lat' dir='ltr'><strong>fabulan&#39;</strong></span> <span class='ocrx_word' id='word_1_318' title='bbox 1110 3166 1140 3205; x_wconf 90' lang='grc' dir='ltr'><strong>ιιι</strong></span> <span class='ocrx_word' id='word_1_319' title='bbox 1166 3167 1225 3223; x_wconf 92' lang='lat' dir='ltr'><strong>qua</strong></span> <span class='ocrx_word' id='word_1_320' title='bbox 1247 3145 1295 3207; x_wconf 81' lang='lat' dir='ltr'><strong>rel</strong></span> <span class='ocrx_word' id='word_1_321' title='bbox 1319 3154 1394 3222; x_wconf 65' lang='lat' dir='ltr'><strong>poelt</strong></span> 
     </span>
     <span class='ocr_line' id='line_1_38' title="bbox 266 3226 849 3300; baseline -0.003 -13"><span class='ocrx_word' id='word_1_322' title='bbox 266 3241 431 3300; x_wconf 82' lang='lat' dir='ltr'><strong>excusatur,</strong></span> <span class='ocrx_word' id='word_1_323' title='bbox 448 3227 493 3287; x_wconf 90' lang='lat' dir='ltr'><strong>vel</strong></span> <span class='ocrx_word' id='word_1_324' title='bbox 508 3227 607 3287; x_wconf 82' lang='lat' dir='ltr'><strong>fabula</strong></span> <span class='ocrx_word' id='word_1_325' title='bbox 621 3226 849 3287; x_wconf 91' lang='lat' dir='ltr'><strong>commendatur.</strong></span> 
     </span>
    </p>

    <p class='ocr_par' dir='ltr' id='par_1_7' title="bbox 265 3274 1393 3469">
     <span class='ocr_line' id='line_1_39' title="bbox 273 3274 1393 3387; baseline -0.005 -19.847"><span class='ocrx_word' id='word_1_326' title='bbox 273 3274 436 3367; x_wconf 79' lang='lat' dir='ltr'><strong>Protusil</strong></span> <span class='ocrx_word' id='word_1_327' title='bbox 449 3322 494 3367; x_wconf 89' lang='lat' dir='ltr'><strong>est</strong></span> <span class='ocrx_word' id='word_1_328' title='bbox 506 3310 616 3387; x_wconf 89' lang='lat' dir='ltr'><strong>primus</strong></span> <span class='ocrx_word' id='word_1_329' title='bbox 630 3324 712 3367; x_wconf 86' lang='lat' dir='ltr'><strong>actus</strong></span> <span class='ocrx_word' id='word_1_330' title='bbox 726 3306 866 3375; x_wconf 50' lang='lat' dir='ltr'><strong>fabulae(</strong></span> <span class='ocrx_word' id='word_1_331' title='bbox 857 3328 888 3366; x_wconf 89' lang='grc' dir='ltr'><strong>ιιι</strong></span> <span class='ocrx_word' id='word_1_332' title='bbox 902 3328 961 3385; x_wconf 91' lang='lat' dir='ltr'><strong>quo</strong></span> <span class='ocrx_word' id='word_1_333' title='bbox 973 3327 1042 3386; x_wconf 90' lang='lat' dir='ltr'><strong>pars</strong></span> <span class='ocrx_word' id='word_1_334' title='bbox 1055 3308 1218 3387; x_wconf 88' lang='lat' dir='ltr'><strong>argumenti</strong></span> <span class='ocrx_word' id='word_1_335' title='bbox 1235 3306 1393 3387; x_wconf 81' lang='lat' dir='ltr'><strong>explicatur,</strong></span> 
     </span>
     <span class='ocr_line' id='line_1_40' title="bbox 265 3388 1100 3469; baseline 0 -22"><span class='ocrx_word' id='word_1_336' title='bbox 265 3410 333 3469; x_wconf 87' lang='lat' dir='ltr'><strong>pars</strong></span> <span class='ocrx_word' id='word_1_337' title='bbox 347 3390 493 3459; x_wconf 88' lang='lat' dir='ltr'><strong>reticetur,</strong></span> <span class='ocrx_word' id='word_1_338' title='bbox 508 3388 546 3448; x_wconf 93' lang='lat' dir='ltr'><strong>ad</strong></span> <span class='ocrx_word' id='word_1_339' title='bbox 558 3389 659 3467; x_wconf 92' lang='lat' dir='ltr'><strong>populi</strong></span> <span class='ocrx_word' id='word_1_340' title='bbox 673 3388 921 3466; x_wconf 79' lang='lat' dir='ltr'><strong>exspectationem</strong></span> <span class='ocrx_word' id='word_1_341' title='bbox 936 3390 1100 3449; x_wconf 88' lang='lat' dir='ltr'><strong>tenendam.</strong></span> 
     </span>
    </p>

    <p class='ocr_par' dir='ltr' id='par_1_8' title="bbox 266 3462 1395 3629">
     <span class='ocr_line' id='line_1_41' title="bbox 306 3462 1395 3562; baseline -0.006 -34"><span class='ocrx_word' id='word_1_342' title='bbox 306 3468 470 3548; x_wconf 82' lang='lat' dir='ltr'><strong>Epitass&#39;s</strong></span> <span class='ocrx_word' id='word_1_343' title='bbox 462 3486 669 3529; x_wconf 77' lang='lat' dir='ltr'><strong>incrementum</strong></span> <span class='ocrx_word' id='word_1_344' title='bbox 697 3481 751 3537; x_wconf 90' lang='lat' dir='ltr'><strong>est,</strong></span> <span class='ocrx_word' id='word_1_345' title='bbox 778 3489 990 3562; x_wconf 82' lang='lat' dir='ltr'><strong>processusque</strong></span> <span class='ocrx_word' id='word_1_346' title='bbox 1017 3473 1177 3541; x_wconf 89' lang='lat' dir='ltr'><strong>turbarum,</strong></span> <span class='ocrx_word' id='word_1_347' title='bbox 1205 3482 1236 3528; x_wconf 89' lang='lat' dir='ltr'><strong>et</strong></span> <span class='ocrx_word' id='word_1_348' title='bbox 1268 3462 1395 3528; x_wconf 79' lang='lat' dir='ltr'><strong>involutis</strong></span> 
     </span>
     <span class='ocr_line' id='line_1_42' title="bbox 266 3550 1395 3629; baseline -0.006 -18"><span class='ocrx_word' id='word_1_349' title='bbox 266 3551 436 3629; x_wconf 90' lang='lat' dir='ltr'><strong>argumenti,</strong></span> <span class='ocrx_word' id='word_1_350' title='bbox 453 3550 536 3629; x_wconf 89' lang='lat' dir='ltr'><strong>cnjus</strong></span> <span class='ocrx_word' id='word_1_351' title='bbox 550 3550 693 3629; x_wconf 85' lang='lat' dir='ltr'><strong>elegantia</strong></span> <span class='ocrx_word' id='word_1_352' title='bbox 706 3550 899 3609; x_wconf 91' lang='lat' dir='ltr'><strong>connectitur</strong></span> <span class='ocrx_word' id='word_1_353' title='bbox 1394 3563 1395 3580; x_wconf 64' lang='lat'>¹</span> 
     </span>
    </p>

    <p class='ocr_par' dir='ltr' id='par_1_9' title="bbox 265 3629 1394 3791">
     <span class='ocr_line' id='line_1_43' title="bbox 309 3629 1394 3711; baseline -0.006 -21"><span class='ocrx_word' id='word_1_354' title='bbox 309 3631 497 3711; x_wconf 70' lang='lat' dir='ltr'><strong>catastrophe</strong></span> <span class='ocrx_word' id='word_1_355' title='bbox 509 3644 554 3690; x_wconf 88' lang='lat' dir='ltr'><strong>est</strong></span> <span class='ocrx_word' id='word_1_356' title='bbox 565 3631 724 3710; x_wconf 78' lang='lat' dir='ltr'><strong>explicatio</strong></span> <span class='ocrx_word' id='word_1_357' title='bbox 737 3630 855 3701; x_wconf 79' lang='lat' dir='ltr'><strong>iabulae,</strong></span> <span class='ocrx_word' id='word_1_358' title='bbox 867 3650 1015 3709; x_wconf 88' lang='lat' dir='ltr'><strong>perquam</strong></span> <span class='ocrx_word' id='word_1_359' title='bbox 1025 3642 1148 3691; x_wconf 81' lang='lat' dir='ltr'><strong>eventus</strong></span> <span class='ocrx_word' id='word_1_360' title='bbox 1157 3630 1222 3710; x_wconf 88' lang='lat' dir='ltr'><strong>ejus</strong></span> <span class='ocrx_word' id='word_1_361' title='bbox 1235 3629 1394 3709; x_wconf 78' lang='lat' dir='ltr'><strong>explicatu,</strong></span> 
     </span>
     <span class='ocr_line' id='line_1_44' title="bbox 265 3714 554 3791; baseline -0.007 -18"><span class='ocrx_word' id='word_1_362' title='bbox 265 3724 353 3791; x_wconf 92' lang='lat' dir='ltr'><strong>atque</strong></span> <span class='ocrx_word' id='word_1_363' title='bbox 367 3714 554 3791; x_wconf 86' lang='lat' dir='ltr'><strong>approbatur.</strong></span> 
     </span>
    </p>
   </div>
   <div class='ocr_carea' id='block_1_3' title="bbox 400 3982 1274 4051">
    <p class='ocr_par' dir='ltr' id='par_1_10' title="bbox 400 3982 1274 4051">
     <span class='ocr_line' id='line_1_45' title="bbox 400 3982 1274 4051; baseline -0.001 -6"><span class='ocrx_word' id='word_1_364' title='bbox 400 3984 458 4045; x_wconf 88' lang='lat' dir='ltr'><strong>DE</strong></span> <span class='ocrx_word' id='word_1_365' title='bbox 478 3982 691 4045; x_wconf 83' lang='lat' dir='ltr'>LUDORUM</span> <span class='ocrx_word' id='word_1_366' title='bbox 712 3982 1004 4051; x_wconf 85' lang='lat' dir='ltr'><strong>ANTIQUORUM</strong></span> <span class='ocrx_word' id='word_1_367' title='bbox 1025 3983 1274 4045; x_wconf 85' lang='lat' dir='ltr'><strong>GENERIBUS.</strong></span> 
     </span>
    </p>
   </div>
   <div class='ocr_carea' id='block_1_4' title="bbox 262 4107 1394 4516">
    <p class='ocr_par' dir='ltr' id='par_1_11' title="bbox 262 4107 1394 4516">
     <span class='ocr_line' id='line_1_46' title="bbox 305 4107 1394 4194; baseline -0.003 -21"><span class='ocrx_word' id='word_1_368' title='bbox 305 4114 420 4175; x_wconf 79' lang='lat' dir='ltr'><strong>Vssnsr</strong></span> <span class='ocrx_word' id='word_1_369' title='bbox 432 4128 465 4174; x_wconf 93' lang='lat' dir='ltr'><strong>ut</strong></span> <span class='ocrx_word' id='word_1_370' title='bbox 485 4114 577 4173; x_wconf 89' lang='lat' dir='ltr'><strong>omnis</strong></span> <span class='ocrx_word' id='word_1_371' title='bbox 592 4114 801 4173; x_wconf 75' lang='lat' dir='ltr'><strong>comoediarum</strong></span> <span class='ocrx_word' id='word_1_372' title='bbox 814 4114 890 4173; x_wconf 89' lang='lat' dir='ltr'><strong>ratio</strong></span> <span class='ocrx_word' id='word_1_373' title='bbox 904 4114 1018 4174; x_wconf 80' lang='lat' dir='ltr'><strong>iscilius</strong></span> <span class='ocrx_word' id='word_1_374' title='bbox 1031 4115 1219 4194; x_wconf 90' lang='lat' dir='ltr'><strong>intelligatur,</strong></span> <span class='ocrx_word' id='word_1_375' title='bbox 1232 4126 1318 4193; x_wconf 84' lang='lat' dir='ltr'><strong>utque</strong></span> <span class='ocrx_word' id='word_1_376' title='bbox 1331 4107 1394 4192; x_wconf 60' lang='lat' dir='ltr'><strong>adtq</strong></span> 
     </span>
     <span class='ocr_line' id='line_1_47' title="bbox 264 4194 1393 4274; baseline -0.004 -17"><span class='ocrx_word' id='word_1_377' title='bbox 264 4218 308 4267; x_wconf 85' lang='lat' dir='ltr'><strong>es,</strong></span> <span class='ocrx_word' id='word_1_378' title='bbox 329 4216 397 4274; x_wconf 77' lang='lat' dir='ltr'><strong>quas</strong></span> <span class='ocrx_word' id='word_1_379' title='bbox 417 4216 532 4255; x_wconf 90' lang='lat' dir='ltr'><strong>omnem</strong></span> <span class='ocrx_word' id='word_1_380' title='bbox 553 4194 762 4254; x_wconf 77' lang='lat' dir='ltr'><strong>comoediarum</strong></span> <span class='ocrx_word' id='word_1_381' title='bbox 782 4195 925 4254; x_wconf 91' lang='lat' dir='ltr'><strong>actionem</strong></span> <span class='ocrx_word' id='word_1_382' title='bbox 947 4210 1099 4274; x_wconf 86' lang='lat' dir='ltr'><strong>spectant:</strong></span> <span class='ocrx_word' id='word_1_383' title='bbox 1134 4195 1338 4255; x_wconf 78' lang='lat' dir='ltr'><strong>attendendum</strong></span> <span class='ocrx_word' id='word_1_384' title='bbox 1356 4198 1393 4247; x_wconf 70' lang='lat' dir='ltr'><strong>etl</strong></span> 
     </span>
     <span class='ocr_line' id='line_1_48' title="bbox 286 4274 1393 4370; baseline -0.006 -34"><span class='ocrx_word' id='word_1_385' title='bbox 286 4278 401 4347; x_wconf 91' lang='grc' dir='ltr'><strong>ιιιιιιιιιι,</strong></span> <span class='ocrx_word' id='word_1_386' title='bbox 422 4276 538 4353; x_wconf 88' lang='lat' dir='ltr'><strong>quando</strong></span> <span class='ocrx_word' id='word_1_387' title='bbox 557 4275 669 4346; x_wconf 85' lang='lat' dir='ltr'><strong>flerent,</strong></span> <span class='ocrx_word' id='word_1_388' title='bbox 691 4294 751 4353; x_wconf 84' lang='lat' dir='ltr'><strong>quo</strong></span> <span class='ocrx_word' id='word_1_389' title='bbox 770 4274 845 4345; x_wconf 76' lang='lat' dir='ltr'><strong>loca,</strong></span> <span class='ocrx_word' id='word_1_390' title='bbox 866 4289 974 4370; x_wconf 85' lang='lat' dir='ltr'><strong>etqua</strong></span> <span class='ocrx_word' id='word_1_391' title='bbox 993 4276 1097 4336; x_wconf 82' lang='lat' dir='ltr'><strong>forms.</strong></span> <span class='ocrx_word' id='word_1_392' title='bbox 1139 4276 1207 4337; x_wconf 88' lang='lat' dir='ltr'><strong>Hoc</strong></span> <span class='ocrx_word' id='word_1_393' title='bbox 1227 4288 1321 4337; x_wconf 87' lang='lat' dir='ltr'><strong>autem</strong></span> <span class='ocrx_word' id='word_1_394' title='bbox 1340 4284 1393 4346; x_wconf 79' lang='lat' dir='ltr'><strong>tun</strong></span> 
     </span>
     <span class='ocr_line' id='line_1_49' title="bbox 264 4298 1393 4439; baseline -0.004 -20"><span class='ocrx_word' id='word_1_395' title='bbox 264 4298 401 4419; x_wconf 75' lang='lat' dir='ltr'><strong>lenum</strong></span> <span class='ocrx_word' id='word_1_396' title='bbox 401 4356 492 4417; x_wconf 88' lang='lat' dir='ltr'><strong>lector</strong></span> <span class='ocrx_word' id='word_1_397' title='bbox 512 4356 663 4437; x_wconf 84' lang='lat' dir='ltr'><strong>intelliget,</strong></span> <span class='ocrx_word' id='word_1_398' title='bbox 682 4374 750 4416; x_wconf 88' lang='lat' dir='ltr'><strong>cum</strong></span> <span class='ocrx_word' id='word_1_399' title='bbox 770 4356 948 4435; x_wconf 86' lang='lat' dir='ltr'><strong>pernoverit,</strong></span> <span class='ocrx_word' id='word_1_400' title='bbox 962 4357 1034 4435; x_wconf 89' lang='lat' dir='ltr'><strong>quid</strong></span> <span class='ocrx_word' id='word_1_401' title='bbox 1053 4358 1163 4419; x_wconf 81' lang='lat' dir='ltr'><strong>suerint</strong></span> <span class='ocrx_word' id='word_1_402' title='bbox 1175 4357 1254 4439; x_wconf 88' lang='lat' dir='ltr'><strong>spud</strong></span> <span class='ocrx_word' id='word_1_403' title='bbox 1272 4343 1393 4432; x_wconf 67' lang='lat' dir='ltr'><strong>antiquos}</strong></span> 
     </span>
     <span class='ocr_line' id='line_1_50' title="bbox 262 4436 1392 4516; baseline -0.002 -15"><span class='ocrx_word' id='word_1_404' title='bbox 262 4438 335 4513; x_wconf 89' lang='lat' dir='ltr'><strong>ludi,</strong></span> <span class='ocrx_word' id='word_1_405' title='bbox 351 4438 472 4513; x_wconf 83' lang='lat' dir='ltr'><strong>theatra,</strong></span> <span class='ocrx_word' id='word_1_406' title='bbox 487 4450 579 4513; x_wconf 88' lang='lat' dir='ltr'><strong>actus,</strong></span> <span class='ocrx_word' id='word_1_407' title='bbox 594 4458 700 4511; x_wconf 81' lang='lat' dir='ltr'><strong>soenes,</strong></span> <span class='ocrx_word' id='word_1_408' title='bbox 715 4436 926 4516; x_wconf 85' lang='lat' dir='ltr'><strong>ethujusrnodi</strong></span> <span class='ocrx_word' id='word_1_409' title='bbox 939 4452 1056 4501; x_wconf 76' lang='lat' dir='ltr'><strong>caetera.</strong></span> <span class='ocrx_word' id='word_1_410' title='bbox 1391 4443 1392 4488; x_wconf 80' lang='lat' dir='ltr'><strong>l</strong></span> 
     </span>
    </p>
   </div>
   <div class='ocr_carea' id='block_1_5' title="bbox 0 0 1423 4759">
    <p class='ocr_par' dir='ltr' id='par_1_12' title="bbox 0 0 1423 4759">
     <span class='ocr_line' id='line_1_51' title="bbox 0 0 1423 4759; baseline 0 0"><span class='ocrx_word' id='word_1_411' title='bbox 0 0 1423 4759; x_wconf 95' lang='lat' dir='ltr'><strong> </strong></span> 
     </span>
    </p>
   </div>
  </div>
 </body>
</html>
