2834 4759
408 168 482 240 ‘nu
503 165 771 239 senentio,
1092 182 1169 243 sxta

56 328 105 367 esse
121 307 202 376 solet:
222 300 287 367 hinc
307 307 349 379 lit,
362 298 457 387 inquit
476 308 552 367 idern
565 306 750 376 Aristoteles,
764 318 799 366 ut
811 307 863 385 qui
876 307 1012 368 scurriles
1026 320 1103 381 snut,
1117 325 1168 369 ur·

56 391 110 447 bani
126 391 202 447 etiam
222 389 360 448 dicantur.
402 388 497 448 Addit
517 402 624 459 autern,
639 388 719 465 quod
735 403 867 466 spectare
880 389 1072 469 huc'propius
1086 390 1168 451 vide·

55 482 105 528 tur:
122 470 270 529 Discrimea
288 490 350 528 uero
370 490 405 528 ec
428 471 547 549 antiqua
569 469 703 529 mmoediu
729 479 850 548 apparet
868 480 896 529 et
919 490 999 528 uoco.
1040 471 1120 531 Nom
1138 472 1170 530 iu

55 551 94 609 illu
105 550 208 629 idpsud
218 551 379 618 uhrcoeuum,
394 552 423 608 in
441 550 494 609 huc
509 560 609 621 uutun,
628 550 701 629 quod
714 550 896 629 suspicionem
910 560 1018 609 mutum
1038 554 1098 630 ejus
1109 572 1168 611 mo·

54 641 93 697 ret,
105 632 182 689 rimas
201 650 306 711 quoque
323 631 453 709 exprimit
462 654 472 700 ,·
495 650 559 711 pure
578 651 632 689 non
649 648 754 709 parum
778 629 911 707 differunt
932 630 973 689 ad
986 642 1168 692 venustatem.

53 711 117 769 Idem
126 712 158 771 de
168 711 274 771 cavillis
286 732 401 789 quoque
412 712 495 771 addit
508 725 538 769 et
552 712 699 770 conviciis.
721 711 840 777 Quibus
848 712 1023 771 abstinuisse
1033 712 1170 773 Plautum

53 806 151 861 cunstat,
165 813 226 851 eum
241 794 434 851 ohscoenitate
449 792 555 851 nemini
570 792 720 851 concedat.
764 789 863 869 Hujus
876 808 973 851 autem
994 794 1024 851 in
1043 805 1169 873 utroque

52 894 80 930 es
91 873 241 933 Aristotelis
257 874 372 952 judicio
392 873 547 932 discrimen
565 872 727 931 videamus.
769 872 894 951 Byrrhia
907 872 986 953 apud
999 872 1170 935 Terentium

232 1031 410 1087 illamvidir'
447 1032 535 1085 'neme
555 1030 727 1087 furmahona

194 1103 275 1157 emini
288 1101 387 1157 videre.
447 1120 483 1157 uo
494 1102 596 1172 aequior
607 1120 668 1157 sum
680 1100 832 1171 Pamphilo,

162 1172 190 1227 Si
201 1190 230 1227 sa
241 1174 316 1227 illam
328 1174 358 1227 in
369 1172 481 1238 somnis,
494 1190 574 1243 quam
586 1174 672 1239 illum,
686 1172 812 1242 amplecti
822 1172 926 1227 maluit.

53 1258 121 1319 Vides
130 1261 155 1320 iu
164 1261 216 1331 his,
229 1282 290 1320 non
305 1262 538 1330 obscoenitatem,
550 1261 603 1321 sed
612 1262 808 1339 suspicionem
819 1262 861 1319 rei
870 1281 974 1340 parum
984 1264 1170 1333 verecundae,

53 1348 83 1397 m
98 1346 212 1411 ἰπόιοιον,
224 1364 299 1420 ουκ
321 1354 381 1401 tam
402 1354 449 1399 est
467 1342 597 1413 honesta,
613 1354 648 1401 ut
666 1342 810 1419 aquaria=
821 1343 933 1421 virgine
953 1342 993 1413 id,
1007 1345 1170 1405 urbanitate

56 1420 181 1489 adradici
200 1425 307 1502 possit.
345 1422 426 1488 Quid
444 1423 520 1481 euim
534 1424 662 1493 suavius,
676 1442 764 1500 quam
778 1423 808 1480 ia
822 1424 925 1481 somnis
938 1423 1098 1502 amplecti?
1131 1425 1172 1485 Et

58 1502 141 1575 quidem
159 1506 183 1563 si
203 1504 242 1563 de
258 1505 326 1563 viro
340 1519 370 1562 et
390 1503 517 1562 formosa
531 1504 657 1583 conjuge
669 1503 801 1563 dicatur!
824 1502 892 1562 Non
905 1504 982 1563 enim
996 1504 1069 1563 dicit
1079 1512 1170 1576 βινεῖν,

59 1584 114 1657 quod
122 1586 329 1663 Aristophanes
343 1584 476 1653 dixisset,
491 1604 544 1643 nec
559 1605 626 1662 quse
641 1586 669 1641 in
684 1583 780 1643 retuli
795 1582 917 1643 Plautus
930 1604 1071 1662 usurpare
1085 1586 1170 1655 solet,

57 1663 139 1801 quipse
151 1668 277 1725 honeste
290 1686 326 1725 ea
339 1662 419 1736 dicit,
433 1678 463 1724 et
476 1667 613 1724 obscoene
627 1664 876 1741 circumloquitur.
906 1663 983 1725 Nam
994 1666 1091 1743 qualia
1103 1681 1172 1727 sunt

55 1756 94 1801 ists
123 1748 210 1805 mina!

52 1868 54 1875 .
101 1822 144 1879 Or.
158 1822 211 1879 Ubi
228 1826 310 1948 locup1
328 1830 433 1959 supptpis
447 1840 532 1949 porro
544 1834 594 1890 est,
607 1824 737 1881 continuo
749 1823 843 1878 stricto
858 1824 967 1895 gladio:
987 1830 1058 1880 atati
1078 1830 1169 1897 papae!

245 1900 252 1948 t
312 1912 338 1948 1..
379 1895 407 1947 ui
437 1895 446 1948 i
559 1900 568 1948 i

101 1962 145 2017 Or.
154 1913 301 2049 ffiium
315 1964 351 2019 oh
363 1974 419 2018 erat
428 1912 590 2020 mundtiis„
604 1963 725 2035 gladium
736 1983 770 2020 ua
781 1964 891 2021 haberet
902 1963 984 2020 metui
996 1987 1002 2019 :
1018 1964 1045 2020 id
1054 1984 1173 2037 quaerere

145 2052 207 2090 occe
227 2054 246 2089 1.
316 2070 318 2077 ,

100 2102 165 2159 Dum
177 2054 302 2177 gliidium
313 2121 348 2159 ne
358 2103 456 2159 habeat
469 2122 570 2177 quaero,
584 2105 682 2176 arripio
694 2107 828 2176 capulum.

50 2186 107 2250 Nam
116 2207 216 2254 caetera
231 2193 382 2271 inquibus
395 2193 480 2272 plane
492 2194 631 2271 loquitur,
640 2196 803 2273 praesertim
816 2216 881 2253 cum
896 2194 933 2253 de
943 2192 1059 2253 Venere
1073 2198 1173 2275 ἀρῤἡτφ

48 2273 142 2347 agites
158 2296 229 2334 vero
250 2295 289 2333 ne
310 2293 536 2333 commemorare
551 2275 669 2353 quidem
689 2273 775 2335 malo.
818 2275 894 2335 Puto
913 2288 1009 2334 autern
1024 2277 1093 2334 satis
1109 2297 1172 2335 esse
1216 2298 1221 2305 ’

48 2354 216 2425 manifestum,
239 2356 330 2414 etiarn
352 2374 418 2413 cum
440 2354 678 2433 circumloquitur
692 2376 759 2433 quae
782 2377 885 2434 parum
908 2369 975 2414 sunt
993 2357 1121 2426 honesta,
1137 2378 1174 2416 ne

47 2430 143 2493 honeste
157 2437 288 2515 quidem,
305 2450 417 2496 etcum
432 2436 616 2495 honestarum
638 2438 750 2495 aurium
772 2437 899 2507 fastidio,
915 2437 945 2495 id
966 2436 1039 2495 fieri.
1082 2436 1173 2497 Vides

49 2532 102 2589 crgo
115 2518 218 2593 passim
233 2517 344 2576 veteris
359 2517 522 2595 imaginem,
537 2517 633 2589 etiam,
648 2515 685 2574 de
700 2538 759 2595 quo
772 2538 843 2576 mox
857 2516 956 2595 paullo
976 2531 1053 2595 post,
1066 2516 1173 2577 dicaci·

48 2606 92 2653 tate
104 2618 133 2655 ac
146 2597 361 2659 maledicentia.
397 2596 475 2663 Quae
489 2598 612 2656 Athenis
631 2598 738 2676 partim
757 2598 848 2676 leges,
862 2598 969 2676 partim
986 2613 1091 2667 metus,
1106 2620 1173 2678 par-

47 2675 87 2732 tim
98 2678 154 2754 ipsa
167 2678 336 2737 emendavit
349 2679 442 2738 ratio:
461 2698 526 2737 cum
541 2692 636 2737 tamen
651 2677 713 2737 sola
726 2679 816 2737 risum
831 2678 996 2737 felicissirne
1010 2694 1172 2738 moverent.

49 2751 124 2814 Norae
142 2773 239 2817 autem
262 2780 317 2817 rex
338 2761 531 2837 princepsque
546 2758 711 2817 Menander
731 2760 803 2817 suit:
826 2759 910 2837 cujus
923 2779 1063 2838 expressa
1077 2760 1173 2839 imago

47 2854 72 2892 sc
89 2838 190 2917 effigies
212 2840 385 2899 Terentius.
428 2840 525 2905 Quem
550 2860 615 2897 cum
640 2852 763 2917 uterque
785 2840 954 2918 accepisset,
969 2840 1174 2919 Aristophanis

47 2916 149 2977 mentes
161 2922 217 2979 hac
232 2920 369 2979 mercede
384 2922 528 2997 expressit
540 2920 672 2989 Plautus,
690 2933 724 2978 ut
737 2940 791 2979 nec
805 2940 906 2979 omnes
920 2934 1019 2998 posset
1032 2920 1125 2998 (quod
1144 2935 1174 2981 et

46 2992 134 3075 lingum
147 3000 314 3069 diversitas,
330 3015 360 3060 et
373 3002 571 3059 Romanorum
585 3000 674 3078 leges,
690 3014 719 3060 et
733 3016 874 3079 tempora,
889 3022 923 3059 ac
943 3003 1174 3081 rerumpublica-

48 3094 97 3135 rum
116 3083 185 3139 ratio
206 3083 337 3151 vetabat,
352 3080 467 3140 sublata
483 3080 544 3159 jam
566 3080 757 3139 maledicendi
778 3082 922 3153 libertate,
937 3102 1004 3159 quae
1016 3085 1173 3162 praecipua,

47 3159 110 3233 quod
125 3181 208 3221 nemo
228 3162 333 3231 nescit,
352 3170 398 3221 τοῦ
411 3168 515 3239 γελοίου
534 3182 601 3240 pars
615 3160 685 3237 est)
696 3174 725 3221 et
739 3182 920 3240 quaecunque
935 3164 965 3221 in
978 3163 1175 3242 Aristophane

48 3236 201 3302 Plutarchus
216 3264 235 3302 a
248 3244 396 3303 communi
409 3243 619 3302 consuetudine
633 3242 771 3320 loquendi
786 3242 942 3302 abhorrere
956 3257 1049 3314 notat,
1067 3245 1175 3303 retine·

47 3332 89 3375 ret.
126 3321 199 3383 Nam
222 3337 254 3382 et
274 3330 337 3382 κατὰ
356 3330 401 3383 τὸν
420 3329 544 3392 λεκτικὸν,
560 3337 592 3382 ut
605 3324 698 3382 critici
712 3323 880 3401 loquuntur,
895 3330 935 3381 καὶ
948 3330 994 3383 τὸν
1005 3332 1051 3399 τῆς
1064 3330 1175 3387 διανοίας

47 3407 125 3469 τρόπον
143 3408 280 3480 θυμελικὰς
301 3422 355 3473 est,
370 3419 401 3463 et
421 3404 580 3473 theatralis,
593 3424 650 3463 non
663 3410 803 3475 πολιτικὸς,
818 3425 913 3481 neque
926 3413 957 3478 τῇ
971 3411 1034 3464 κατὰ
1052 3410 1098 3479 τὴν
1110 3410 1176 3481 ἀλή-

48 3482 103 3539 θειαν
121 3488 171 3559 ἰδίᾳ
192 3490 338 3563 διαπρέπει·
361 3504 456 3562 neque
477 3485 615 3562 pauciora
637 3484 760 3554 addidit,
775 3486 804 3543 in
819 3488 925 3563 quibus
945 3484 1014 3544 dum
1035 3487 1175 3546 ridiculus

47 3558 122 3621 rideri
135 3565 207 3635 vult,
223 3566 349 3645 frigidus
363 3587 397 3624 ac
410 3565 529 3624 odiosus
545 3564 587 3636 fit,
603 3564 681 3643 quod
696 3587 752 3624 non
767 3580 909 3636 nostrum,
924 3567 976 3624 sed
992 3565 1108 3626 Horatii
1125 3568 1175 3646 ju-

49 3636 137 3703 ditium
149 3660 203 3713 est,
219 3661 250 3705 et
264 3646 392 3716 Donati3
409 3666 483 3723 quos
495 3659 633 3723 utrosque
645 3660 788 3705 emunctae
801 3648 888 3716 naris,
903 3660 1043 3724 utrosque
1058 3649 1175 3707 critico-

48 3738 99 3809 ,mm
117 3727 225 3803 primos
245 3749 299 3787 suo
313 3742 445 3806 tempore
466 3727 565 3795 fuisse,
581 3740 703 3787 constat.
746 3726 805 3785 Sed
818 3741 848 3785 et
862 3728 891 3785 in
906 3727 1043 3798 dicteriis,
1059 3729 1096 3787 de
1117 3749 1176 3806 quo

47 3820 94 3875 Jsrn
114 3806 289 3877 dicebamus,
312 3809 354 3866 ita
374 3820 503 3865 veterem
528 3807 701 3867 comoediam
722 3808 830 3867 amavit
845 3806 977 3876 Plautus,
1001 3822 1033 3867 ut
1053 3808 1089 3867 ad
1111 3830 1176 3870 eant

51 3900 112 3961 taepe
123 3886 229 3957 flectat,
244 3904 273 3948 et
287 3887 367 3966 quod
380 3887 531 3967 proprium
552 3889 580 3945 in
602 3888 651 3947 illa
665 3902 736 3958 erut,
750 3892 904 3963 ἐπωνύμως,
918 3903 947 3947 et
961 3906 1102 3965 expresso
1122 3910 1176 3949 no-

51 3964 120 4035 mine,
132 3982 181 4027 aut
201 3968 478 4037 circumscribendo,
493 3988 552 4027 non
567 3982 625 4027 tam
640 3970 730 4028 vitam
748 3969 908 4038 hominum,
924 3988 1011 4045 quam
1031 3968 1177 4032 hominem

51 4048 215 4127 perstringat.
259 4048 345 4109 Utin
360 4048 427 4107 illo:

171 4126 258 4181 Etiam
270 4126 423 4197 Epidicum,
437 4144 517 4199 quum
530 4144 581 4197 ego
592 4126 711 4182 subulam
723 4146 798 4199 aeque
811 4144 841 4179 ac
853 4126 997 4195 meipsum
1009 4140 1080 4188 amo,

170 4198 281 4252 Nullam
293 4216 369 4269 aeque
380 4198 481 4251 invitus
494 4207 596 4267 specto,
610 4199 632 4252 si
645 4216 702 4251 eam
716 4200 771 4269 agit
783 4197 878 4251 Pellio.

51 4276 135 4342 Sedet
146 4286 344 4345 crudelissime
358 4285 503 4344 infelicem
519 4286 656 4346 Naevium
670 4286 763 4344 milite
778 4282 915 4357 excepit:

173 4363 246 4419 Nam
256 4382 288 4419 os
299 4364 483 4419 columnatum
496 4372 582 4435 postae
594 4364 681 4419 inesse
693 4364 784 4417 suomi
796 4358 921 4421 barbaro,

173 4432 225 4489 Cui
235 4434 293 4491 hiui
304 4434 430 4490 custodes
441 4452 545 4508 semper
557 4436 623 4491 totis
632 4434 709 4489 horis
720 4430 864 4487 accubant.
