2834 4759
238 156 304 222 640
673 158 949 225 TERENTII
1224 162 1378 248 [amnes.

280 292 363 357 lnde
375 291 466 359 hisee
480 294 650 361 ostendum
665 317 729 374 me,
744 296 802 361 ubi
816 306 913 361 erunt
925 299 1052 382 egressi
1064 296 1163 363 foras.

282 390 360 465 Quo
374 414 425 457 me
440 391 661 458 assimularam
675 394 724 459 ire
739 394 782 459 ad
796 406 984 474 mereatum,
999 419 1066 462 nou
1078 418 1130 461 eo.

411 656 603 731 ACTUS
644 656 861 743 QUINTI
902 660 1092 734 SCENA
1130 660 1217 734 Vll.

522 846 697 896 DEMIPHO.
725 846 902 897 Pisonum.
927 848 1107 899 CHREMES.

281 968 346 1036 Drs
360 993 492 1057 magnas
508 971 623 1037 merito
637 973 759 1055 gratias
773 971 892 1050 habeo,
908 987 1005 1059 atque
1021 996 1103 1059 ago:

280 1068 423 1143 Quando
438 1091 575 1135 evenere
589 1069 661 1157 haep
676 1070 782 1147 nobis,
797 1069 909 1149 frater,
924 1090 1100 1157 prospere:

281 1168 449 1243 Quantum
464 1178 583 1252 potest,
599 1190 685 1232 nuuc
700 1170 943 1235 conveniuudus
960 1170 1114 1237 Phormio
1128 1183 1190 1250 est,

280 1266 474 1350 Priusquam
489 1265 645 1351 dilapidet
659 1275 787 1329 nostras
802 1269 934 1353 triginta
947 1270 1062 1349 minas,

254 1365 330 1431 tUt
344 1364 537 1431 auferamus.
575 1365 641 1431 Pn.
657 1364 909 1450 Demiphonem,
924 1368 952 1433 si
970 1369 1057 1433 domi
1071 1379 1134 1446 est,

280 1463 411 1542 Visam;
435 1475 472 1528 ut
486 1464 585 1548 quod.
624 1463 691 1529 Da.
709 1465 757 1529 At
771 1487 830 1529 nos
845 1466 888 1529 ud
903 1477 936 1530 te
951 1466 1087 1545 ibamus,
1104 1466 1274 1533 Phomrio.

280 1561 867 1629 Pu.Deeademhaoiortasseoausal
890 1563 1143 1631 Dnltabercle.
1168 1566 1236 1633 Pu.
1245 1567 1378 1635 Credidi:

280 1659 370 1733 Quid
386 1659 494 1725 adme
509 1660 627 1725 ibatis?
650 1660 840 1725 ridiculum!
863 1664 1070 1741 verebamini,

279 1756 335 1822 Ne
348 1780 412 1822 non
427 1758 462 1823 id
477 1756 628 1835 facerem,
643 1758 734 1842 quod
747 1760 943 1844 recepissem
956 1760 1077 1827 semel?

237 1872 267 1918 ιο
279 1855 386 1934 Heus,
401 1867 522 1941 quanta
537 1868 658 1940 quanta
672 1855 743 1922 haeo
757 1879 829 1921 mea
843 1870 1019 1945 paupertas
1033 1871 1097 1938 est,
1112 1872 1222 1927 tamen

279 1957 401 2023 Adhuc
415 1957 524 2022 curavi
538 1978 638 2022 unum
652 1956 716 2021 hoo
731 1957 873 2041 quidem,
890 1968 928 2022 ut
941 1958 1018 2022 mihi
1033 1971 1121 2024 esset
1134 1960 1232 2025 fides.

279 2056 343 2123 Cu.
360 2056 465 2121 Estne
480 2077 519 2120 ea
534 2057 590 2133 ita,
605 2066 642 2120 ut
656 2056 736 2133 dixi,
751 2052 914 2121 liberalis?
952 2056 1020 2122 Du.
1037 2057 1184 2144 Oppido.

268 2228 306 2274 68.
317 2222 585 2287 Quomsinsissslsrsm]
599 2224 647 2272 Ma
658 2223 689 2271 R.
699 2233 726 2271 et
736 2230 794 2271 vett.
828 2225 869 2272 Its
884 2226 966 2272 inercie.
1001 2223 1098 2273 Deinde
1114 2239 1163 2273 non
1182 2224 1267 2284 video,
1283 2242 1326 2275 eur
1340 2240 1379 2273 aas

234 2290 304 2340 codd.
325 2292 503 2339 adsimierass:
523 2288 595 2352 idque
617 2288 708 2337 rectius
730 2286 795 2336 arbi·
827 2288 1378 2355 possimusrectesinsistiossssqusudsmsd-

235 2366 293 2405 tros.
318 2356 345 2404 L.
828 2352 934 2411 mittere,
966 2353 1084 2402 κωπίω
1099 2370 1154 2403 eum
1173 2356 1251 2419 paulo
1268 2369 1324 2421 post
1336 2354 1380 2403 ulis

269 2423 290 2469 l.
303 2423 347 2469 Dis
358 2436 452 2483 mugnus
462 2417 555 2481 merito]
574 2416 636 2467 Hac
652 2432 726 2467 scens
736 2432 796 2465 con·
828 2418 861 2465 sit
872 2433 933 2466 conc
964 2419 1184 2468 eudsueeessario.
1208 2420 1242 2468 Ζ.

234 2485 392 2535 certationem
402 2484 474 2533 hebet
483 2494 556 2546 atque
566 2494 633 2531 tenet
642 2481 797 2531 Pbormiouis
861 2485 884 2531 8.
896 2484 988 2532 Versus
1004 2492 1033 2532 ut
1048 2484 1184 2547 adjuvetur,
1194 2484 1254 2549 lege
1264 2502 1319 2535 eom
1334 2500 1381 2533 uos·

233 2550 342 2615 parasiti,
361 2561 386 2599 et
402 2564 503 2598 noum:
520 2548 557 2597 illi
577 2558 704 2611 argemum
723 2562 795 2611 repe·
828 2547 873 2597 tn's
882 2547 951 2597 libris
959 2548 1291 2599 vetustioribusasesresss‘ss'
1297 2570 1307 2605 .-
1321 2564 1379 2613 pror·

233 2626 297 2673 tunt,
309 2614 348 2663 lsic
360 2624 453 2678 pugnat
464 2629 495 2662 ex
512 2624 591 2677 pacto,
604 2611 639 2661 uti
651 2623 694 2661 aut
709 2627 797 2675 orgen·
828 2628 872 2661 sus
881 2623 910 2661 ut
920 2628 1001 2677 supra,
1013 2613 1046 2662 is.
1059 2616 1117 2662 22
1149 2617 1219 2663 Venis
1232 2618 1379 2669 admissu.

233 2690 285 2729 tum
297 2680 461 2744 perdentem
472 2693 572 2727 uxorem
585 2677 650 2725 dent.
685 2678 797 2732 Quaeres
829 2680 983 2733 sedimen.-
999 2688 1025 2727 et
1037 2678 1266 2729 Hesutiiil.8&
1295 2680 1380 2730 Daid

233 2756 324 2794 statum
340 2744 449 2792 eontinet
466 2742 589 2806 qualitatis
606 2742 743 2806 negotialis,
754 2740 796 2805 qui
828 2758 910 2805 quero,
922 2746 1258 2805 quitidifiliessrestitseren.
1282 2746 1311 2795 B.

234 2811 331 2874 quidem
349 2809 384 2857 ita
403 2808 562 2873 proponiturs
578 2824 632 2855 noar
647 2824 691 2855 sos
706 2822 797 2870 aeqssss
861 2808 884 2855 9.
905 2810 942 2857 Ne
959 2824 1003 2856 ses
1022 2810 1048 2855 s'd
1061 2807 1165 2870 seem·
1183 2814 1247 2873 qued
1261 2814 1380 2872 teupisse·

233 2885 275 2933 est,
287 2876 563 2937 ssepropiervosdees'pi.
588 2872 618 2919 F..
826 2871 907 2935 semel]
926 2872 1152 2932 Etdeest,sdsss.·
1169 2874 1243 2925 utin
1261 2876 1380 2925 Heauton·

265 2944 288 2989 4.
302 2942 449 3002 Priusquam
461 2935 586 3000 dilapidet]
601 2935 741 3002 Disperdet.
762 2937 792 2984 D.
826 2936 878 2984 tim.
896 2941 1084 2999 adneneipe'o:
1095 2938 1177 3001 saciet.
1202 2940 1238 2989 D.

232 3008 337 3055 —Prius
343 3022 409 3068 quous
418 3002 543 3066 dilapidet]
555 3002 651 3059 Perdet,
658 3010 793 3050 consumat.
862 3004 898 3049 10.
913 3005 1006 3054 ststo
1017 3006 1067 3051 isos
1082 3020 1133 3052 sesa
1146 3003 1290 3069 paupertas]
1307 3002 1379 3066 Fingit

234 3071 306 3119 Unde
328 3072 494 3131 dilayddotsrss
515 3068 630 3115 dicuntur
650 3066 746 3130 prodigi
769 3076 795 3114 et
825 3082 853 3115 se
864 3067 975 3115 fidelem:
992 3068 1057 3125 lieet,
1068 3068 1155 3131 iuquit,
1166 3081 1303 3133 paupertas
1314 3069 1338 3116 iu
1348 3082 1379 3116 ose

232 3134 359 3184 luxuriosi.
384 3134 586 3195 lle-Priusquam
602 3130 729 3195 dilapidet]
748 3130 793 3179 Ul·
825 3131 866 3188 sit,
878 3132 1049 3181 tumeneursri
1060 3145 1088 3181 ut
1097 3149 1194 3197 semper
1204 3134 1268 3184 fides
1276 3132 1378 3183 mear.

232 3200 297 3265 pion.
310 3199 351 3248 lib
364 3214 420 3247 xxv.
434 3200 453 3257 i.
468 3200 505 3245 il.
517 3197 541 3245 ff.
554 3196 585 3245 de
596 3197 678 3245 hered.
692 3208 740 3260 pet
768 3198 794 3244 Si
860 3199 898 3245 ll.
910 3200 993 3246 ddisse
1003 3196 1095 3273 evaei]
1107 3201 1146 3259 Τᾷ
1156 3198 1288 3261 ἂρχοισμᾷ
1297 3196 1378 3247 eddidit

233 3268 290 3327 quid
305 3266 560 3325 dilapidationem
575 3279 601 3310 re
612 3279 654 3310 sao
669 3265 735 3310 edati
748 3278 793 3322 ps·
825 3264 916 3310 adim
933 3278 1007 3325 quum
1024 3274 1145 3326 potuisset
1160 3262 1216 3312 sine
1232 3265 1280 3314 boc
1296 3265 1378 3325 integer

233 3338 291 3378 tant.
322 3328 390 3377 idem
409 3327 451 3376 lib.
466 3326 499 3375 xi.
515 3328 535 3385 5.
554 3327 577 3375 6.
596 3326 619 3375 ff.
635 3328 666 3375 de
681 3326 794 3374 miuorib.
826 3342 984 3375 seosusesse.
1009 3328 1041 3375 D.

232 3394 283 3443 Jul.
299 3392 396 3441 Firmis
415 3396 512 3441 Astron.
525 3391 566 3439 lib.
579 3391 610 3439 is.
627 3407 680 3455 esp.
693 3392 716 3439 6.
744 3394 793 3439 Po·
862 3394 899 3439 12.
915 3392 980 3441 Mire
995 3408 1023 3441 se
1040 3403 1154 3455 torquent
1172 3392 1215 3443 hie
1232 3395 1378 3458 interpretes

233 3463 362 3508 trimoniass
392 3462 474 3506 muns
504 3460 641 3505 ius-eratione
672 3459 792 3517 dilapidet.
826 3468 1018 3520 perversumque
1033 3457 1080 3507 loci
1096 3474 1196 3507 sersmm
1211 3469 1237 3508 et
1254 3458 1378 3524 psdcbritu·

233 3524 378 3587 Hieronym.
396 3522 511 3587 Epitaph.
531 3521 649 3569 Fabiolae:
675 3520 737 3574 Quis
752 3537 794 3582 ps-
826 3521 917 3571 dinero.
951 3522 1001 3571 Alii
1013 3522 1078 3570 euim
1091 3522 1181 3571 omisso
1196 3524 1287 3579 illoes,
1299 3520 1377 3572 iutelli-

233 3594 279 3639 tius
297 3606 379 3637 omnem
397 3605 493 3644 emessa,
513 3603 577 3649 quem
596 3589 794 3647 indormierat,
826 3597 888 3649 gunt
905 3590 1008 3636 liberulis
1024 3587 1056 3635 de
1075 3588 1231 3639 Phormione.
1264 3588 1377 3637 Bentleii!

232 3663 283 3704 erat
291 3663 366 3703 erstem
374 3656 532 3715 amplissimus,
540 3660 563 3699 et
572 3653 707 3713 respondens
715 3654 795 3712 generi
827 3652 1019 3715 opinatursenes
1029 3652 1102 3716 plane
1114 3653 1253 3716 neglexisse
1262 3652 1378 3704 Phormio·

232 3722 289 3784 ejus.
300 3721 438 3780 dilapidavit
454 3735 481 3765 se
497 3718 607 3765 vendidit.
632 3714 795 3763 L-Bembi·
828 3731 892 3773 nem,
910 3728 935 3765 et
956 3716 1049 3765 dixisse
1069 3717 1135 3767 inter
1156 3734 1184 3767 se
1205 3718 1237 3767 de
1259 3734 1287 3768 re
1302 3718 1377 3766 elisor·

232 3802 279 3835 uus
291 3785 497 3844 hsbetdiiapidst.
523 3782 550 3829 B.
680 3794 683 3803 ’
829 3781 895 3829 Mitt
909 3783 941 3830 ob
958 3782 1039 3846 ipsum
1060 3782 1233 3833 Phormionem
1254 3784 1297 3833 ills
1315 3781 1377 3829 mos

265 3851 287 3898 6.
312 3852 396 3907 Visass,
417 3856 444 3896 st
463 3846 535 3911 quod]
559 3845 735 3903 'Assumo
756 3860 795 3893 se·
828 3846 959 3896 dictaeos
974 3846 1136 3906 videndam
1153 3848 1248 3897 homiui
1264 3844 1376 3912 probabile

231 3916 318 3964 eunde.
344 3914 374 3962 D.
826 3912 970 3969 efficeretur,
981 3912 1047 3974 quod
1061 3928 1121 3961 mox
1138 3912 1264 3977 Demipho
1277 3912 1376 3961 deum

265 3980 287 4031 7.
301 3978 428 4028 Bentleius
436 3978 510 4026 verbs
520 3977 561 4024 its
570 3978 645 4023 hercle
655 3974 704 4039 ipsi
716 3974 793 4023 Phor·
826 3987 871 4033 est,
884 3981 918 4025 As
931 3980 969 4025 so
982 3980 1115 4027 dedoetotss
1128 3986 1164 4027 est
1179 3988 1277 4035 nesse.
1308 3977 1376 4039 lgiusr

231 4045 308 4094 rnioni
318 4044 411 4101 tribuit,
420 4052 540 4105 negetque
551 4041 731 4153 Demiphonem
740 4040 794 4088 siue
826 4055 913 4089 seusus
925 4053 970 4099 est,
981 4042 1072 4090 Nonne
1088 4052 1114 4090 tu
1130 4042 1238 4118 puellum
1254 4040 1376 4092 liberslen·

232 4110 340 4159 vanitate
360 4106 494 4157 mentiendi
512 4106 594 4154 dicere
614 4104 657 4153 ils
675 4106 792 4169 potuisse,
825 4106 862 4154 uti
872 4105 915 4153 tibi
925 4116 1041 4170 expertus
1052 4107 1105 4170 ipse
1116 4107 1305 4172 dixireperisti.
1314 4106 1376 4154 sdes·

231 4184 362 4289 prbopterea
379 4173 515 4247 quodcum
529 4170 634 4245 Chreme
652 4168 794 4227 veneritut
825 4185 873 4233 que
895 4171 995 4233 diguam
1019 4170 1070 4247 lilio
1092 4174 1152 4221 toul
1184 4173 1234 4247 ,Sin
1252 4188 1312 4245 seso
1329 4182 1374 4217 sim

232 4236 675 4353 ..limitelimite
689 4235 794 4347 litt:
826 4235 1376 4370 detinuimus&

233 4370 299 4419 Nam
310 4366 416 4443 primum
427 4366 486 4415 side
497 4370 574 4414 eadere
585 4368 628 4413 due
636 4382 707 4414 essse
716 4363 793 4413 inter·
826 4380 881 4415 esse
891 4376 1000 4422 sunteas
1016 4382 1104 4416 sensus
1119 4366 1218 4431 quidem
1235 4366 1300 4415 idem
1310 4364 1375 4413 edio·

231 4445 336 4499 presens
347 4434 375 4481 de
386 4431 492 4487 Pteme,-
509 4430 635 4481 verissime
647 4444 724 4480 senex
735 4428 794 4479 dieit
827 4439 875 4488 tur,
885 4433 930 4481 sed
940 4446 985 4495 pro
996 4434 1046 4481 diss·
1057 4432 1107 4497 legi
1117 4432 1192 4483 debet
1201 4435 1269 4482 dieti.
1289 4430 1316 4481 Ζ.
