2834 4759
414 192 477 253 DE
498 192 758 253 TERENTIO.
1059 194 1166 255 xxxvii

55 318 90 378 lta
97 340 154 379 sane
162 333 190 379 et
200 320 280 381 Plato
289 334 317 381 et
328 322 503 402 Xenophon,
514 343 672 401 omnesque
683 322 825 382 Socratici
833 320 979 401 jocantur.
1006 320 1167 399 Nunquam

53 402 143 477 frigide,
155 422 293 480 uunquam
307 406 456 473 obacoeue,
471 424 618 481 nunquam
633 406 741 481 inepte,
756 424 904 480 nunquam
917 404 1030 481 putide.
1058 402 1167 461 Videa-

53 482 160 559 nasjan
173 482 301 542 Plautina
313 486 461 562 quaedam.
498 486 543 544 Ac
556 485 730 544 Plutarchus
741 484 860 561 quidem
874 484 948 543 illud
962 498 1100 561 tanquam
1113 484 1167 542 fri·

51 562 129 637 giduru
137 584 171 621 cx
181 564 378 643 Aristophanis
389 566 701 645 Thesmophoriaausis
712 565 750 623 de
760 565 910 643 Euripidis
920 577 1013 624 matre
1027 564 1165 624 adducit:

107 662 189 735 ’λγρια
200 666 249 735 γὰρ
261 664 338 735 ἡμεῖς,
355 662 376 719 oi
388 670 513 739 γυναῖκες,
527 668 575 739 δρᾷ
589 668 661 731 nond,

106 742 155 799 'Ar'
165 745 190 799 ἐν
202 746 313 819 ἆγρίοιιςι
326 749 450 818 λαχάνοις
462 750 538 804 αὐτὸς
551 749 668 820 τραφείς.

50 832 91 891 Cui
102 834 171 903 illud,
185 840 315 915 quamvis
329 859 386 897 non
402 840 431 898 in
446 840 532 898 simili
547 832 665 899 or‘nuiuo
679 859 795 918 genere,
810 838 953 919 adjungas
967 840 1053 899 licet:

113 928 176 984 Nam
188 932 280 986 mulier
292 933 383 987 olitori
395 950 533 1001 nunquam
546 932 688 1003 supplicat,
703 934 727 987 si
739 942 844 1004 quaest
856 933 941 987 mala:

111 998 187 1055 Domi
198 1002 277 1057 habet
289 1003 400 1059 hortum
412 1014 439 1059 et
452 1004 624 1058 condimenta
635 1002 668 1057 ad
681 1018 775 1057 omnes
787 1021 876 1057 morea
888 1003 1034 1057 maleficos.

49 1085 162 1147 libatores
181 1095 324 1165 θυμελικὸν,
347 1094 409 1151 sive
431 1092 580 1161 theatrale,
597 1104 747 1151 uocarent.
785 1090 952 1150 Ridiculum
972 1093 1049 1150 enim
1066 1093 1166 1171 potius

49 1189 113 1243 quam
123 1172 250 1231 festivum
265 1187 330 1232 est:
353 1187 383 1231 et
397 1185 429 1232 ut
444 1175 481 1231 sit
492 1174 638 1241 festivum,
649 1193 744 1241 nemo,
756 1192 825 1231 vere
835 1173 865 1230 in
879 1173 923 1230 liis
935 1175 1084 1242 subactus,
1099 1174 1167 1232 dix·

49 1250 88 1306 crit
99 1268 238 1311 venustum
251 1275 338 1311 esse:
361 1256 398 1312 ab
413 1274 469 1311 usu
484 1254 559 1312 enirn
576 1274 662 1331 quam
678 1253 846 1332 longissime
859 1270 1002 1312 remotum
1017 1267 1071 1312 est.
1098 1254 1166 1313 lanu

48 1348 99 1389 reru
114 1354 171 1391 cunr
192 1335 220 1391 in
242 1334 343 1394 verbis
365 1334 501 1413 frigidum
520 1336 617 1393 autin
636 1335 742 1403 rebus3
765 1334 802 1392 de
818 1336 915 1391 verbis
931 1334 1113 1404 Aristoteles,
1128 1334 1166 1393 de

51 1412 112 1468 rebus
123 1413 164 1471 alii
176 1429 311 1491 egerunt.
349 1414 499 1493 Frigidum
515 1429 610 1474 autem
621 1414 683 1493 jarn
701 1435 850 1480 vocamus,
869 1436 926 1473 uon
945 1415 1166 1492 magniloquen-

54 1490 87 1547 tia
102 1494 212 1553 ricinum
234 1496 308 1554 illud
331 1496 434 1554 vitium
456 1496 634 1573 (quanquam
657 1495 729 1553 illud
750 1516 867 1573 quoque
886 1496 994 1554 babere
1009 1496 1055 1553 hic
1069 1495 1167 1555 locum

55 1574 215 1653 paratiquod
230 1576 384 1635 discedere
399 1579 436 1635 ab
450 1579 613 1635 urbanitate
630 1576 747 1634 dicitur.
784 1576 885 1645 Quod,
900 1590 933 1633 ut
947 1576 1075 1633 nonnihil
1090 1596 1107 1633 a
1121 1576 1166 1634 di-

55 1653 110 1710 cendi
120 1654 156 1715 hio
171 1658 321 1735 magistris
337 1662 484 1725 abeamus,
500 1657 594 1715 modis
610 1658 643 1715 lit
657 1657 799 1735 pluribus.
834 1655 890 1715 Vel
905 1658 935 1715 in
950 1656 1058 1735 frigida
1072 1669 1165 1715 traus-

51 1728 138 1793 latioue:
157 1752 189 1795 ut
204 1760 273 1797 cum
289 1739 393 1797 dentes
407 1740 526 1797 calceati
539 1738 686 1797 dicuutur.
721 1736 807 1815 Capt.

110 1826 170 1883 Cum
181 1832 307 1886 fflceans
320 1832 446 1887 dentibus
459 1832 564 1885 reniam
576 1839 675 1885 tamen.

47 1912 135 1975 Etcum
145 1921 238 1979 rictus
252 1922 357 1979 sanleia
370 1920 474 1979 esitare
487 1934 516 1979 et
531 1940 692 1998 scruposum
702 1919 777 1976 uiam
787 1937 939 1977 cornmeure
949 1918 1064 1977 dicitur.
1087 1920 1166 1986 Qum

47 2013 94 2052 sane
104 1998 209 2077 frigent.
233 2002 292 2060 Vel
303 2002 333 2059 in
345 2002 472 2059 minimis
481 2000 678 2059 allusiunculis
693 2014 723 2057 et
737 2000 824 2076 longe
837 2000 948 2077 petitis.
971 2000 1013 2058 Ut
1024 2000 1166 2060 Poeunlo:

108 2090 154 2147 ln.
167 2102 269 2149 Assum
282 2093 354 2165 apud
367 2106 394 2149 te
407 2112 509 2149 eccum.
542 2098 595 2149 An.
610 2094 648 2147 At
660 2112 711 2164 ego
724 2094 809 2147 elixus
821 2094 858 2147 sis
870 2094 943 2147 volo.

46 2174 73 2234 Et
83 2182 149 2257 quod
161 2184 201 2242 illi
215 2184 329 2263 placuit
344 2205 401 2243 non
416 2183 523 2243 semel:

45 2342 98 2405 Im
401 2280 488 2348 magis
500 2278 582 2331 calleo
594 2294 676 2349 quam
688 2293 839 2347 aprugnum
852 2277 950 2330 callium
962 2276 1049 2331 callet.

44 2492 71 2553 Et

402 2429 499 2483 callum
512 2446 663 2499 aprugnum
675 2445 751 2499 aeque
763 2428 858 2481 callere
870 2444 927 2481 nou
939 2428 1036 2481 sinam.

43 2538 79 2717 E,
108 2576 209 2643 Qum
219 2580 324 2635 sumini
335 2580 493 2645 absumedu,
507 2588 607 2651 quanta
619 2580 687 2634 callo
699 2578 852 2634 calamitas!

64 2678 72 2719 t
83 2664 187 2727 Curcul.

259 2746 342 2801 facite
353 2754 464 2799 rentum
477 2755 508 2800 ut
520 2745 659 2816 gaudeam.

92 2810 137 2869 Pn.
150 2814 279 2899 Maxime:
310 2816 363 2871 Cu.
377 2816 450 2882 Quid
462 2818 566 2872 lacius?
588 2833 689 2889 quaeso.
718 2814 771 2869 Pa.
781 2813 910 2869 Ventum.
938 2812 992 2869 Cu.
1007 2812 1167 2887 Noloequi-

92 2886 317 3011 lierieidnlliiliim.
349 2956 401 3010 Po.
416 2956 490 3022 Quid
501 2956 655 3032 igituryia?
685 2953 739 3013 Co.
752 2954 828 3020 Esse,
842 2963 997 3010 utventum
1008 2955 1148 3027 gaudeam.

42 3050 105 3115 Ques
122 3078 184 3117 cum
205 3058 392 3137 grammatici
412 3057 519 3125 Latini,
541 3059 592 3135 qui
613 3058 699 3116 citius
715 3056 821 3115 coelnm
836 3056 938 3135 digito,
954 3071 987 3115 ut
1001 3059 1042 3117 ita
1054 3057 1168 3134 loquar,

42 3152 241 3213 expugnassent,
259 3159 348 3217 quam
364 3153 397 3197 ut
411 3139 558 3197 minimam
571 3138 690 3197 Horatii
704 3137 792 3197 Oden
805 3138 1028 3215 expressissent,
1041 3138 1169 3197 morolo-

42 3214 88 3287 gias
104 3219 129 3275 in
147 3220 255 3278 Plauto
278 3219 428 3289 dixerint,
462 3220 591 3278 noudum
613 3219 709 3285 uideo,
731 3239 822 3296 quare
843 3218 979 3287 Horatio,
1001 3234 1034 3277 ut
1054 3240 1169 3277 sunuuo

41 3298 200 3377 maximoque
214 3314 324 3377 poetae,
339 3302 380 3359 ita
394 3300 496 3358 critico
512 3299 741 3378 incomparabili,
757 3319 844 3376 quern
859 3315 976 3357 acutum
991 3300 1169 3377 ductumque

43 3373 116 3436 tirum
135 3380 192 3458 ipse
209 3382 251 3440 D.
269 3380 469 3458 Hieronymus
485 3382 521 3439 ad
536 3380 755 3439 Pammaclrium
771 3381 897 3449 vocavit,
918 3380 996 3438 idern
1017 3400 1075 3439 nou
1096 3379 1169 3440 licu-

43 3456 90 3513 crit.
127 3460 196 3538 Ejus
217 3482 291 3520 saue
311 3462 425 3539 generis
446 3475 524 3528 suut,
545 3482 612 3539 quae
633 3462 662 3519 in
684 3462 882 3538 Aristophane
902 3476 1028 3529 accusat,
1043 3481 1169 3538 quoeque

43 3536 143 3598 trivialia
154 3544 262 3619 potius,
277 3563 364 3619 quarn
380 3557 413 3600 ut
427 3543 496 3600 viris
511 3542 641 3611 eruditis,
657 3542 744 3599 etiam
757 3543 787 3599 in
805 3562 893 3600 scena
910 3542 1025 3619 placere
1046 3557 1097 3600 aut
1117 3542 1169 3599 de·

42 3614 117 3687 beant,
135 3636 183 3681 aut
203 3623 328 3701 possint,
349 3636 503 3683 accuratus
524 3642 626 3681 censor
647 3622 822 3681 Plutarchus
839 3622 992 3699 judicavit.
1027 3628 1076 3681 Kal
1088 3628 1168 3698 γὸρὸ

43 3702 77 3765 ll!
86 3704 224 3765 &alburnos
239 3710 282 3762 καὶ
295 3708 395 3776 ίδιῶτης
407 3704 446 3763 οἷς
459 3708 552 3764 ἐκεῖνος
567 3708 639 3779 λέγει
652 3707 795 3762 ἁλίσκεται·
817 3710 832 3761 d
846 3708 874 3761 di
888 3707 1087 3777 πεπαιδευμένος
1102 3708 1169 3761 δυσ·

44 3788 130 3850 λψῡςῖ-
163 3788 235 3861 Λέγω
250 3790 279 3843 δὲ
293 3790 324 3843 τὰ
337 3788 463 3853 ἀντίθετα,
478 3789 518 3842 καὶ
532 3790 693 3858 ὁροόπτωτα,
712 3790 754 3842 καὶ
766 3790 967 3860 παρονομασίας.
1002 3788 1107 3843 Tor‘rrors
1120 3789 1170 3860 γὰρ

45 3860 101 3928 ipis
111 3870 169 3933 μετὰ
181 3874 228 3925 τοῦ
241 3870 419 3941 προσήκοντος
430 3871 512 3941 λόγου
529 3871 569 3923 καὶ
585 3870 699 3941 ὀλιγάκις
717 3871 818 3941 χρῑπιιι,
833 3870 978 3939 ἐπιμελείας
996 3870 1062 3922 αὐτὰ
1081 3869 1170 3939 ἀξιῶν·

44 3941 220 4016 ideonum,
234 3952 278 4005 rol
291 3952 336 4004 οὐκ
350 3952 478 4021 εὐκαίρως,
497 3952 537 4005 καὶ
554 3951 674 4023 ψυχρῶς.
718 3945 758 4004 Et
778 3946 900 4004 adducit
919 3943 1107 4021 exemplum:
1138 3960 1170 4005 ut

45 4036 103 4106 tun,
114 4030 280 4101 τοὺςτιιμὶας,
293 4032 387 4101 baulos
400 4040 497 4086 vocat.
525 4026 601 4085 Nam
616 4047 684 4103 quae
698 4025 747 4084 ille
762 4025 798 4085 de
814 4025 987 4094 Menandro,
1002 4026 1040 4082 ad
1058 4024 1169 4085 Teren-

46 4112 101 4157 uum
114 4104 167 4163 fere
176 4108 276 4167 omnia
287 4108 388 4167 reserri
402 4120 540 4185 possunt;
563 4108 593 4165 in
607 4128 667 4184 quo
681 4106 753 4165 nihil
764 4107 897 4183 putidum
909 4120 954 4163 est
964 4117 1015 4162 aut
1025 4105 1168 4182 ineptum.

47 4176 205 4265 Quamquam
226 4188 320 4247 multa
341 4209 408 4266 quae
428 4189 548 4257 notavit,
571 4188 668 4265 potius
687 4187 798 4263 antiqui
815 4186 917 4244 comici
933 4186 1064 4252 virtutes,
1079 4206 1168 4259 quam

46 4256 106 4344 illius
118 4265 151 4323 de
164 4289 221 4345 quo
236 4270 278 4327 ibi
288 4268 443 4347 judicavit,
464 4270 535 4327 vitia
553 4267 697 4327 censenda
717 4281 794 4326 suut.
836 4266 976 4340 Princeps
996 4266 1071 4321 enim
1093 4266 1170 4326 inter

48 4336 99 4399 illos
115 4346 173 4415 ruit,
193 4362 224 4407 et
241 4350 280 4408 ad
295 4350 376 4427 leges
389 4370 437 4408 eas
451 4348 538 4427 plane
552 4368 584 4407 se
599 4349 774 4425 composuit.
809 4344 900 4409 Quod
913 4344 950 4400 de
965 4342 1070 4400 Plauto
1084 4363 1172 4403 nemo

49 4416 117 4482 diuet.
148 4428 186 4487 Et
197 4443 243 4489 eat
258 4430 406 4509 frigidum,
428 4430 507 4507 qnod
529 4429 616 4506 longc
636 4430 673 4487 ab
694 4448 730 4486 eo
751 4428 844 4493 abest,
866 4422 946 4499 quod
965 4434 1017 4479 aut
1037 4440 1099 4479 esse
1120 4438 1175 4481 aut
