2834 4759
170 298 446 379 CALLIOPII
482 296 772 375 CUJUSDAM
807 296 1043 375 SCHOLIA

384 442 442 519 IN
476 441 818 535 TERENTIUM,

61 618 126 673 Ullri
142 617 226 675 CUM
246 612 422 673 PlCTURlS
440 612 671 683 QUIBUSDAM
690 610 914 681 VETERIBUS,
932 614 984 671 ΑΒ
1001 610 1156 671 ANGuw

220 720 320 777 MAIO
337 720 361 775 E
379 717 495 775 CODD.
513 714 678 773 AMBROS.
699 716 830 773 NUPER
847 716 974 774 EDITA.

49 876 108 933 Pell.
121 876 228 931 Terentii
245 876 312 941 as'tn,
331 892 363 929 en
379 872 558 929 Ambrosiuss's
575 870 649 927 codri.
668 870 706 937 D,
727 876 782 933 79.-
802 872 836 935 0,
858 880 928 933 109,-
945 879 972 927 st
989 871 1021 939 F,
1040 881 1086 941 91,
1100 880 1173 946 part.

329 978 389 1033 asp.
407 960 441 1015 ab
459 960 556 1031 Aspelo
574 959 648 1015 Maio
663 958 776 1029 prim
791 958 871 1013 editu.

45 1066 197 1129 Tantumne
218 1068 302 1136 Afer,
323 1084 430 1145 genere
451 1062 707 1144 Carthaginiensis,
750 1084 803 1124 uer
823 1076 929 1143 captas
953 1078 986 1127 et
1008 1064 1174 1145 aquodam

43 1148 160 1207 Terentio
180 1148 300 1207 Lucano
319 1160 447 1227 emptus,
466 1144 559 1207 literis
584 1144 699 1205 Graecis
767 1143 893 1225 tinisque
916 1146 1086 1217 instructus,
1106 1167 1174 1207 cum

42 1228 157 1289 librarius
168 1242 255 1295 esset,
270 1248 341 1287 mox
356 1240 478 1307 propter
491 1226 663 1307 elegantiam
678 1226 842 1285 studiorum
859 1246 1032 1305 morumque
1052 1228 1082 1287 in
1101 1228 1174 1287 smi-

42 1312 123 1368 ritiam
141 1310 300 1389 perductus
321 1324 368 1367 est
388 1308 532 1386 Scipionis
552 1320 583 1367 et
602 1306 687 1366 Loelii
708 1308 847 1387 sapientis
864 1320 895 1366 et
914 1308 1035 1387 llupilii,
1049 1321 1175 1387 quorum

41 1389 136 1449 fabulas
146 1394 174 1449 in
184 1411 273 1449 scena
282 1390 354 1449 dare
363 1388 474 1448 inimici
484 1386 674 1449 diffamabant
682 1411 690 1447 s
712 1388 839 1447 maxime
850 1388 1016 1447 Turtullius
1025 1388 1175 1460 Lavinius,

41 1472 81 1547 qui
93 1472 151 1549 ejus
168 1470 296 1531 remulus
311 1482 384 1542 erat,
398 1470 473 1529 banc
488 1470 655 1548 opinionem
669 1468 851 1547 divulgabat.
886 1468 947 1528 Sed
959 1490 1026 1529 cum
1038 1470 1175 1529 crimina-

40 1565 124 1609 rentur
137 1552 255 1629 quidam
269 1550 443 1609 Terentium
458 1570 514 1611 non
527 1569 597 1609 vere
610 1548 785 1609 Graecorum
805 1571 903 1610 mores
922 1550 1097 1630 exprimere,
1111 1550 1174 1629 ple·

40 1652 115 1709 taque
129 1633 156 1691 in
169 1632 274 1693 Louna
294 1630 357 1691 iore
376 1630 604 1702 eonsuetudine3
627 1644 660 1689 ut
678 1631 813 1691 instituta
829 1652 985 1709 moresque
1001 1630 1176 1691 Graecorum

39 1728 220 1789 cognosceret,
235 1713 369 1772 Athenas
383 1713 532 1791 profectus
546 1724 600 1771 est.
637 1710 682 1771 lbi
697 1710 876 1789 aliquamdiu
886 1726 1092 1781 commoratus,
1106 1710 1175 1773 Me·

38 1794 163 1853 nandrurn
182 1796 212 1853 in
233 1786 374 1853 Latinum
388 1814 553 1853 sermonem
567 1791 749 1853 transtulisse
762 1793 879 1853 dicitur.
914 1793 954 1854 Et
969 1814 1036 1853 cum
1051 1792 1176 1853 Romam

39 1876 166 1949 petiturus
185 1888 274 1945 esset,
298 1876 426 1934 sarcinas
447 1872 628 1951 fabulasque,
644 1894 718 1951 quas
733 1874 774 1932 ibi
788 1874 1011 1953 cormeripaerat,
1026 1874 1056 1933 in
1069 1894 1175 1934 navem

39 1954 169 2031 imposuit,
185 1976 253 2034 quae
277 1954 408 2015 Maleam
428 1955 586 2015 circuitura
604 1968 678 2014 erat.
722 1954 793 2033 lpse
810 1954 940 2015 terrestri
956 1955 1059 2014 itinere
1071 1954 1176 2015 Patras

39 2036 169 2109 prolectam
188 2050 243 2107 est,
266 2036 319 2095 ubi
339 2050 370 2095 et
390 2056 495 2095 navem
512 2049 668 2114 expectare
682 2036 884 2097 constituerat.
918 2034 1089 2115 Auditoque
1103 2056 1176 2095 nau·

40 2114 126 2192 sragio,
145 2139 222 2193 aegra
243 2118 343 2177 ferens
364 2118 486 2179 amissas
507 2116 630 2186 fabulas,
653 2114 818 2195 Stymphali
840 2116 967 2177 decessit
987 2118 1016 2175 in
1037 2116 1175 2186 Arcadia,

39 2196 193 2276 publiceque
214 2200 255 2257 ibi
278 2197 412 2277 sepultus
432 2210 488 2268 eat,
509 2196 544 2257 C.
568 2196 724 2257 Dolabella
744 2197 850 2256 Fulvio
871 2196 978 2262 Flacco
995 2197 1174 2257 consulibus.

40 2274 142 2337 Fabulae
155 2278 218 2359 ejus
232 2291 338 2338 extum
352 2292 478 2356 quatuor
491 2298 507 2337 e
524 2278 687 2337 Menandro
698 2277 858 2348 translatae,
869 2278 992 2347 Andria,
1004 2277 1175 2346 Eunuchus,

39 2356 163 2436 Adelphe,
177 2376 206 2419 et
225 2360 589 2419 Heautontimorumenos.
625 2358 703 2419 Duae
718 2380 757 2417 ex
771 2359 955 2438 Apollodoro
969 2356 1096 2429 Caricio,
1111 2359 1175 2419 lle·
1213 2427 1217 2435 ¹

37 2457 94 2513 cyra
103 2456 130 2498 st
141 2440 292 2499 Phormio.
315 2440 491 2501 Eunuchum
500 2439 666 2499 vendidisse
678 2440 786 2499 dicitur
796 2455 865 2500 octo
874 2440 1176 2509 millibusnumorans,

38 2520 106 2591 quod
116 2522 242 2597 precium
259 2534 328 2580 ante
342 2541 410 2579 eum
424 2540 509 2579 nemo
522 2534 683 2599 acceperat.

51 2676 160 2751 Cslliopis'
176 2682 266 2736 Schol.
287 2678 325 2734 acl
343 2679 444 2735 Tersst.
462 2696 493 2733 ec
510 2679 628 2735 Andros.
648 2680 703 2734 eod.
723 2681 757 2734 ab
774 2679 872 2751 Aspelo
889 2680 965 2735 Maio
981 2698 1063 2753 super
1079 2680 1159 2737 edita.

446 2800 751 2865 tumentis.

41 2908 124 2973 lll.2.
139 2920 185 2975 19.
200 2917 279 2975 Hem
291 2914 446 2974 maselum
459 2914 527 2995 tibi]
548 2914 596 2991 De
615 2914 740 2975 Chaerca
760 2914 841 2987 dicit,
858 2917 910 2993 qui
929 2916 1062 2976 habitum
1083 2938 1175 2977 eunu-

87 2995 128 3053 chi
138 3010 317 3057 assumserat
326 3010 357 3056 et
365 3002 552 3057 nomen—3.
564 3000 593 3060 7.
608 2997 678 3055 Ros
689 2996 806 3076 amiam]
816 2998 976 3067 secretam,
986 3014 1097 3057 certam
1105 3020 1175 3058 cau·

87 3095 151 3145 mm,
173 3080 235 3137 sin'e
258 3080 404 3137 risu-4.
426 3076 470 3157 1.]
488 3078 635 3145 Quaerens
659 3078 793 3155 Antipho
815 3077 969 3138 Choercam
989 3099 1089 3137 secum
1110 3080 1176 3138 haec

86 3154 336 3234 loquebatur.-5.
359 3163 410 3217 58.
431 3156 501 3237 Ego
521 3158 595 3217 limis
615 3157 723 3237 specto]
738 3158 839 3219 Tortis
852 3159 956 3229 oculis,
969 3162 1177 3220 transversisa

88 3236 177 3297 limine
192 3241 221 3297 in
237 3254 407 3299 transverso
420 3240 526 3317 posito.

41 3310 84 3369 Ν.
100 3324 122 3375 1.
137 3318 179 3399 1.]
197 3319 292 3380 Doris
313 3321 370 3379 ista
383 3318 570 3379 Chremetem
586 3320 713 3379 duxerat
726 3319 764 3379 ad
777 3320 959 3379 Thrasonem
972 3337 1002 3380 et
1017 3322 1175 3390 dominam,

13 3448 14 3453 ,
87 3412 113 3455 et
124 3414 275 3460 revertens
288 3400 406 3461 dicebat
423 3402 540 3479 Pythiae
554 3400 638 3459 alteri
652 3402 849 3461 ancillae—2.
867 3408 912 3460 12.
930 3402 1072 3461 Ectrcsua
1085 3402 1175 3481 linea]

89 3478 218 3559 Quinque
228 3498 299 3541 sunt
311 3482 398 3541 lineae
412 3484 536 3540 amoris:
557 3496 719 3541 extremam
731 3503 802 3543 vero
814 3483 920 3541 lineam
930 3497 1017 3542 vocat
1028 3485 1177 3561 visumq-

88 3559 176 3640 3.1.]
204 3562 313 3640 Pythia
339 3562 445 3622 ancilla
471 3562 594 3622 Thaidis
621 3582 799 3641 cognoscens
827 3563 963 3623 viciatam
991 3564 1135 3643 virginem
1158 3584 1177 3624 a

87 3638 212 3712 Chaerea,
234 3643 377 3722 illumque
398 3642 517 3721 fugisse,
537 3643 742 3723 egrediebatur
765 3645 924 3721 quaeritans
942 3665 1032 3723 quem
1052 3648 1176 3723 putabat

86 3724 328 3785 enachum-4.
346 3730 374 3783 1.
389 3724 451 3783 Exi
455 3724 557 3804 sorar]
578 3724 716 3784 Phaedria
731 3726 823 3784 iratus
836 3727 990 3803 quaerebat
1008 3728 1175 3785 eunuchum

87 3800 293 3865 indemo-l.
317 3810 364 3864 15.
386 3804 434 3865 Itu
452 3807 527 3865 cisrss
545 3803 602 3883 est]
624 3804 666 3863 Ut
684 3818 764 3864 esset
784 3818 855 3864 tunc
874 3806 1004 3883 pulcher,
1019 3807 1089 3884 quia
1101 3805 1190 3885 bene

87 3880 198 3943 indutus
211 3900 285 3955 erat,
296 3886 376 3963 quod
390 3886 478 3945 modo
491 3906 549 3945 non
564 3900 610 3945 est
623 3888 665 3944 eis
679 3886 1021 3946 vestibusindutus.—4.
1036 3893 1082 3946 18.
1100 3888 1177 3951 Quid

90 3962 230 4107 intersietp'
243 3968 323 4025 inter
343 3968 432 4026 istum
453 3982 483 4027 et
503 3968 719 4027 adolescentem
737 3968 789 4045 qui
808 3968 846 4025 ad
859 3988 913 4026 nos
927 3967 1072 4027 deductus
1089 3984 1176 4028 est—-

88 4047 113 4097 5·
131 4044 209 4123 1.]C
232 4068 326 4109 remes
340 4048 510 4107 adolescens
524 4049 561 4107 de
579 4048 667 4107 domo
688 4047 848 4107 Thrasonis
867 4050 986 4107 veniens
1007 4051 1049 4108 sic
1070 4050 1174 4126 loque·

87 4122 247 4185 batua-6.
266 4134 312 4187 15.
333 4130 404 4187 Cum
421 4129 616 4207 mummia]
637 4130 673 4187 ld
693 4142 749 4197 est,
770 4130 879 4188 chartis
899 4130 950 4188 ubi
971 4132 1175 4191 continebatur

89 4208 324 4277 quemadmodum
346 4224 445 4288 empta
465 4230 483 4268 a
502 4224 595 4269 matre
616 4210 821 4269 Thaidis-6.
845 4214 892 4268 16.
912 4208 949 4267 In
966 4210 1053 4289 risco]
1069 4212 1175 4271 Riscus

92 4289 199 4363 proprie.
219 4292 428 4369 repositorium
450 4308 511 4358 vas,
534 4292 669 4350 videlicet
688 4314 728 4349 ex
748 4291 840 4368 junco
860 4305 890 4349 et
911 4290 989 4348 foliis
1011 4291 1175 4369 palmarum

92 4376 333 4431 contextum-7.
357 4378 385 4428 1.
408 4372 457 4429 Ad
477 4372 596 4430 domum
618 4372 740 4431 Thaidis
761 4372 877 4432 Thraso
901 4374 992 4431 iratus
1020 4391 1087 4429 cnm
1113 4375 1176 4432 suia

93 4448 200 4513 veniens
214 4466 244 4511 ot
256 4452 422 4521 Gnathone,
437 4453 501 4511 haec
514 4453 698 4531 loquebatur.

570 4554 587 4590 s
609 4536 628 4590 b
