<?xml version="1.0" encoding="UTF-8"?>
<!DOCTYPE html PUBLIC "-//W3C//DTD XHTML 1.0 Transitional//EN"
    "http://www.w3.org/TR/xhtml1/DTD/xhtml1-transitional.dtd">
<html xmlns="http://www.w3.org/1999/xhtml" xml:lang="en" lang="en">
 <head>
  <title>
</title>
<meta http-equiv="Content-Type" content="text/html;charset=utf-8" />
  <meta name='ocr-system' content='tesseract 3.04.00' />
  <meta name='ocr-capabilities' content='ocr_page ocr_carea ocr_par ocr_line ocrx_word'/>
</head>
<body>
  <div class='ocr_page' id='page_1' title='image "./publiiterentiic01lindgoog/publiiterentiic01lindgoog_0187.png"; bbox 0 0 2834 4759; ppageno 0'>
   <div class='ocr_carea' id='block_1_1' title="bbox 97 32 1140 313">
    <p class='ocr_par' dir='ltr' id='par_1_1' title="bbox 97 32 1140 313">
     <span class='ocr_line' id='line_1_1' title="bbox 166 32 517 97; baseline 0 -2"><span class='ocrx_word' id='word_1_1' title='bbox 166 35 305 96; x_wconf 64' lang='lat' dir='ltr'>censui</span> <span class='ocrx_word' id='word_1_2' title='bbox 344 32 434 96; x_wconf 74' lang='lat' dir='ltr'>Dru.</span> <span class='ocrx_word' id='word_1_3' title='bbox 453 32 517 97; x_wconf 87' lang='lat' dir='ltr'>Eo.</span> 
     </span>
     <span class='ocr_line' id='line_1_2' title="bbox 97 127 1119 214; baseline 0.001 -22"><span class='ocrx_word' id='word_1_4' title='bbox 97 127 157 191; x_wconf 89' lang='lat' dir='ltr'>Ne</span> <span class='ocrx_word' id='word_1_5' title='bbox 171 130 388 213; x_wconf 81' lang='lat' dir='ltr'>exspectetis,</span> <span class='ocrx_word' id='word_1_6' title='bbox 404 130 483 193; x_wconf 91' lang='lat' dir='ltr'>dum</span> <span class='ocrx_word' id='word_1_7' title='bbox 497 139 616 194; x_wconf 79' lang='lat' dir='ltr'>exeant</span> <span class='ocrx_word' id='word_1_8' title='bbox 629 128 715 193; x_wconf 90' lang='lat' dir='ltr'>huc:</span> <span class='ocrx_word' id='word_1_9' title='bbox 739 129 825 193; x_wconf 90' lang='lat' dir='ltr'>intus</span> <span class='ocrx_word' id='word_1_10' title='bbox 842 129 1119 214; x_wconf 86' lang='lat' dir='ltr'>despondebitur:</span> 
     </span>
     <span class='ocr_line' id='line_1_3' title="bbox 97 226 1140 313; baseline 0.003 -25"><span class='ocrx_word' id='word_1_11' title='bbox 97 226 195 289; x_wconf 91' lang='lat' dir='ltr'>lntus</span> <span class='ocrx_word' id='word_1_12' title='bbox 211 229 423 311; x_wconf 76' lang='lat' dir='ltr'>transigetur,</span> <span class='ocrx_word' id='word_1_13' title='bbox 440 230 467 293; x_wconf 91' lang='lat' dir='ltr'>si</span> <span class='ocrx_word' id='word_1_14' title='bbox 482 231 561 313; x_wconf 90' lang='lat' dir='ltr'>quid</span> <span class='ocrx_word' id='word_1_15' title='bbox 576 240 639 307; x_wconf 86' lang='lat' dir='ltr'>est,</span> <span class='ocrx_word' id='word_1_16' title='bbox 655 228 745 313; x_wconf 88' lang='lat' dir='ltr'>quod</span> <span class='ocrx_word' id='word_1_17' title='bbox 761 239 873 292; x_wconf 81' lang='lat' dir='ltr'>restet.</span> <span class='ocrx_word' id='word_1_18' title='bbox 914 228 957 291; x_wconf 85' lang='lat' dir='ltr'>n.</span> <span class='ocrx_word' id='word_1_19' title='bbox 977 227 1140 291; x_wconf 87' lang='lat' dir='ltr'>Plaudite.</span> 
     </span>
    </p>
   </div>
   <div class='ocr_carea' id='block_1_2' title="bbox 368 382 843 443">
    <p class='ocr_par' dir='ltr' id='par_1_2' title="bbox 368 382 843 443">
     <span class='ocr_line' id='line_1_4' title="bbox 368 382 843 443; baseline -0.006 -1"><span class='ocrx_word' id='word_1_20' title='bbox 368 382 372 386; x_wconf 77' lang='grc'><em>’</em></span> <span class='ocrx_word' id='word_1_21' title='bbox 450 399 643 443; x_wconf 68' lang='lat' dir='ltr'>centronius</span> <span class='ocrx_word' id='word_1_22' title='bbox 665 396 843 441; x_wconf 69' lang='lat' dir='ltr'>ascensui.</span> 
     </span>
    </p>
   </div>
   <div class='ocr_carea' id='block_1_3' title="bbox 50 559 1230 2556">
    <p class='ocr_par' dir='ltr' id='par_1_3' title="bbox 50 559 1230 2556">
     <span class='ocr_line' id='line_1_5' title="bbox 53 559 1226 624; baseline 0.001 -16"><span class='ocrx_word' id='word_1_23' title='bbox 53 560 195 608; x_wconf 59' lang='lat' dir='ltr'>hoium</span> <span class='ocrx_word' id='word_1_24' title='bbox 213 560 270 608; x_wconf 86' lang='lat' dir='ltr'>ood.</span> <span class='ocrx_word' id='word_1_25' title='bbox 289 562 322 607; x_wconf 84' lang='lat' dir='ltr'>nd</span> <span class='ocrx_word' id='word_1_26' title='bbox 343 562 492 623; x_wconf 69' lang='lat' dir='ltr'>Glycerium</span> <span class='ocrx_word' id='word_1_27' title='bbox 518 561 630 609; x_wconf 75' lang='lat' dir='ltr'>Donatus</span> <span class='ocrx_word' id='word_1_28' title='bbox 663 575 711 609; x_wconf 89' lang='lat' dir='ltr'>one</span> <span class='ocrx_word' id='word_1_29' title='bbox 727 560 766 608; x_wconf 84' lang='lat' dir='ltr'>uel</span> <span class='ocrx_word' id='word_1_30' title='bbox 782 559 921 624; x_wconf 84' lang='lat' dir='ltr'>compendii</span> <span class='ocrx_word' id='word_1_31' title='bbox 943 576 1024 618; x_wconf 76' lang='lat' dir='ltr'>came,</span> <span class='ocrx_word' id='word_1_32' title='bbox 1040 559 1066 609; x_wconf 90' lang='lat' dir='ltr'>in</span> <span class='ocrx_word' id='word_1_33' title='bbox 1083 560 1185 609; x_wconf 80' lang='lat' dir='ltr'>formam</span> <span class='ocrx_word' id='word_1_34' title='bbox 1204 560 1226 610; x_wconf 90' lang='lat' dir='ltr'>ei</span> 
     </span>
     <span class='ocr_line' id='line_1_6' title="bbox 50 624 1026 689; baseline 0 -16"><span class='ocrx_word' id='word_1_35' title='bbox 50 625 121 688; x_wconf 77' lang='lat' dir='ltr'>epod</span> <span class='ocrx_word' id='word_1_36' title='bbox 140 624 280 682; x_wconf 76' lang='lat' dir='ltr'>Faernum,</span> <span class='ocrx_word' id='word_1_37' title='bbox 300 628 365 686; x_wconf 83' lang='lat' dir='ltr'>cpsd</span> <span class='ocrx_word' id='word_1_38' title='bbox 376 628 515 687; x_wconf 62' lang='lat' dir='ltr'>Glycerium.</span> <span class='ocrx_word' id='word_1_39' title='bbox 543 626 631 674; x_wconf 78' lang='lat' dir='ltr'>Nostri</span> <span class='ocrx_word' id='word_1_40' title='bbox 662 624 972 689; x_wconf 75' lang='lat' dir='ltr'>similemedegenersrit.</span> <span class='ocrx_word' id='word_1_41' title='bbox 997 626 1026 673; x_wconf 86' lang='lat' dir='ltr'>B.</span> 
     </span>
     <span class='ocr_line' id='line_1_7' title="bbox 52 688 1224 754; baseline 0.003 -18"><span class='ocrx_word' id='word_1_42' title='bbox 52 704 150 746; x_wconf 84' lang='lat' dir='ltr'>ornnes,</span> <span class='ocrx_word' id='word_1_43' title='bbox 167 706 233 737; x_wconf 76' lang='lat' dir='ltr'>sese</span> <span class='ocrx_word' id='word_1_44' title='bbox 247 698 293 746; x_wconf 79' lang='lat' dir='ltr'>eet,</span> <span class='ocrx_word' id='word_1_45' title='bbox 305 688 370 751; x_wconf 84' lang='lat' dir='ltr'>quod</span> <span class='ocrx_word' id='word_1_46' title='bbox 382 705 468 739; x_wconf 83' lang='lat' dir='ltr'>versus</span> <span class='ocrx_word' id='word_1_47' title='bbox 478 690 531 754; x_wconf 89' lang='lat' dir='ltr'>ipse</span> <span class='ocrx_word' id='word_1_48' title='bbox 544 699 629 753; x_wconf 89' lang='lat' dir='ltr'>postu·</span> <span class='ocrx_word' id='word_1_49' title='bbox 697 689 837 752; x_wconf 80' lang='lat' dir='ltr'>Csiiiopiua]</span> <span class='ocrx_word' id='word_1_50' title='bbox 848 690 1027 753; x_wconf 82' lang='lat' dir='ltr'>inquibusdsnr</span> <span class='ocrx_word' id='word_1_51' title='bbox 1034 690 1090 739; x_wconf 82' lang='lat' dir='ltr'>libb.</span> <span class='ocrx_word' id='word_1_52' title='bbox 1101 692 1224 753; x_wconf 75' lang='lat' dir='ltr'>Calliopes.</span> 
     </span>
     <span class='ocr_line' id='line_1_8' title="bbox 52 753 1226 819; baseline 0.002 -18"><span class='ocrx_word' id='word_1_53' title='bbox 52 754 98 801; x_wconf 76' lang='lat' dir='ltr'>lat.</span> <span class='ocrx_word' id='word_1_54' title='bbox 126 754 196 816; x_wconf 72' lang='lat' dir='ltr'>lege</span> <span class='ocrx_word' id='word_1_55' title='bbox 213 762 241 801; x_wconf 89' lang='lat' dir='ltr'>et</span> <span class='ocrx_word' id='word_1_56' title='bbox 257 753 397 816; x_wconf 80' lang='lat' dir='ltr'>distingue:</span> <span class='ocrx_word' id='word_1_57' title='bbox 416 757 630 817; x_wconf 66' lang='lat' dir='ltr'>&amp;metuentes</span> <span class='ocrx_word' id='word_1_58' title='bbox 665 754 704 803; x_wconf 87' lang='lat' dir='ltr'>De</span> <span class='ocrx_word' id='word_1_59' title='bbox 712 753 948 817; x_wconf 78' lang='lat' dir='ltr'>Calliopioqusdanr</span> <span class='ocrx_word' id='word_1_60' title='bbox 956 753 1120 819; x_wconf 64' lang='lat' dir='ltr'>Eupraplrius</span> <span class='ocrx_word' id='word_1_61' title='bbox 1139 754 1187 803; x_wconf 81' lang='lat' dir='ltr'>Sed</span> <span class='ocrx_word' id='word_1_62' title='bbox 1195 771 1226 803; x_wconf 92' lang='lat' dir='ltr'>ne</span> 
     </span>
     <span class='ocr_line' id='line_1_9' title="bbox 53 818 1227 883; baseline 0.002 -18"><span class='ocrx_word' id='word_1_63' title='bbox 53 821 195 881; x_wconf 67' lang='lat' dir='ltr'>iemqsd</span> <span class='ocrx_word' id='word_1_64' title='bbox 208 821 249 866; x_wconf 83' lang='lat' dir='ltr'>Gt.</span> <span class='ocrx_word' id='word_1_65' title='bbox 261 828 375 866; x_wconf 76' lang='lat' dir='ltr'>seneen.</span> <span class='ocrx_word' id='word_1_66' title='bbox 405 819 434 866; x_wconf 88' lang='grc' dir='ltr'>Β.</span> <span class='ocrx_word' id='word_1_67' title='bbox 661 818 1227 883; x_wconf 68' lang='lat' dir='ltr'>empliusnugernur,critioumeumluissemoa</span> 
     </span>
     <span class='ocr_line' id='line_1_10' title="bbox 90 882 1226 947; baseline 0 -17"><span class='ocrx_word' id='word_1_68' title='bbox 90 886 126 930; x_wconf 79' lang='grc'>16.</span> <span class='ocrx_word' id='word_1_69' title='bbox 140 883 265 931; x_wconf 73' lang='lat' dir='ltr'>Melior-es</span> <span class='ocrx_word' id='word_1_70' title='bbox 277 894 303 931; x_wconf 89' lang='lat' dir='ltr'>et</span> <span class='ocrx_word' id='word_1_71' title='bbox 313 883 398 947; x_wconf 87' lang='lat' dir='ltr'>plures</span> <span class='ocrx_word' id='word_1_72' title='bbox 409 882 467 931; x_wconf 87' lang='lat' dir='ltr'>libb.</span> <span class='ocrx_word' id='word_1_73' title='bbox 478 885 578 946; x_wconf 80' lang='lat' dir='ltr'>Propere</span> <span class='ocrx_word' id='word_1_74' title='bbox 589 901 629 932; x_wconf 89' lang='lat' dir='ltr'>or·</span> <span class='ocrx_word' id='word_1_75' title='bbox 662 883 761 947; x_wconf 86' lang='lat' dir='ltr'>quidem</span> <span class='ocrx_word' id='word_1_76' title='bbox 774 882 823 931; x_wconf 81' lang='lat' dir='ltr'>fert</span> <span class='ocrx_word' id='word_1_77' title='bbox 838 883 930 947; x_wconf 92' lang='lat' dir='ltr'>opinio,</span> <span class='ocrx_word' id='word_1_78' title='bbox 942 883 984 945; x_wconf 89' lang='lat' dir='ltr'>qui</span> <span class='ocrx_word' id='word_1_79' title='bbox 998 883 1071 933; x_wconf 85' lang='lat' dir='ltr'>hasce</span> <span class='ocrx_word' id='word_1_80' title='bbox 1087 883 1180 931; x_wconf 77' lang='lat' dir='ltr'>tabulas</span> <span class='ocrx_word' id='word_1_81' title='bbox 1195 883 1226 931; x_wconf 83' lang='lat' dir='ltr'>sd</span> 
     </span>
     <span class='ocr_line' id='line_1_11' title="bbox 52 947 1225 1023; baseline 0 -28"><span class='ocrx_word' id='word_1_82' title='bbox 52 964 122 995; x_wconf 74' lang='lat' dir='ltr'>case.</span> <span class='ocrx_word' id='word_1_83' title='bbox 150 948 183 995; x_wconf 86' lang='lat' dir='ltr'>B.</span> <span class='ocrx_word' id='word_1_84' title='bbox 662 947 1016 1023; x_wconf 82' lang='lat' dir='ltr'>prisceexemplnriacorrexit</span> <span class='ocrx_word' id='word_1_85' title='bbox 1041 948 1225 996; x_wconf 84' lang='lat' dir='ltr'>SicVettiusA-</span> 
     </span>
     <span class='ocr_line' id='line_1_12' title="bbox 90 1010 1226 1076; baseline 0.002 -17"><span class='ocrx_word' id='word_1_86' title='bbox 90 1012 127 1059; x_wconf 76' lang='lat' dir='ltr'>tn</span> <span class='ocrx_word' id='word_1_87' title='bbox 143 1014 185 1060; x_wconf 82' lang='lat' dir='ltr'>Ne</span> <span class='ocrx_word' id='word_1_88' title='bbox 195 1011 351 1075; x_wconf 69' lang='lat' dir='ltr'>asportetis]</span> <span class='ocrx_word' id='word_1_89' title='bbox 369 1010 437 1060; x_wconf 86' lang='lat' dir='ltr'>Mire</span> <span class='ocrx_word' id='word_1_90' title='bbox 446 1010 514 1069; x_wconf 85' lang='lat' dir='ltr'>dicit,</span> <span class='ocrx_word' id='word_1_91' title='bbox 526 1012 631 1061; x_wconf 75' lang='lat' dir='ltr'>latenter</span> <span class='ocrx_word' id='word_1_92' title='bbox 662 1013 746 1076; x_wconf 73' lang='lat' dir='ltr'>gorius</span> <span class='ocrx_word' id='word_1_93' title='bbox 753 1011 859 1061; x_wconf 77' lang='lat' dir='ltr'>Basilius</span> <span class='ocrx_word' id='word_1_94' title='bbox 867 1012 998 1061; x_wconf 73' lang='lat' dir='ltr'>Horatium</span> <span class='ocrx_word' id='word_1_95' title='bbox 1005 1013 1135 1069; x_wconf 84' lang='lat' dir='ltr'>recensuit,</span> <span class='ocrx_word' id='word_1_96' title='bbox 1143 1022 1226 1061; x_wconf 74' lang='lat' dir='ltr'>utten-</span> 
     </span>
     <span class='ocr_line' id='line_1_13' title="bbox 53 1075 1225 1139; baseline 0.002 -16"><span class='ocrx_word' id='word_1_97' title='bbox 53 1091 83 1123; x_wconf 83' lang='lat' dir='ltr'>se</span> <span class='ocrx_word' id='word_1_98' title='bbox 92 1076 214 1125; x_wconf 77' lang='lat' dir='ltr'>laudans:</span> <span class='ocrx_word' id='word_1_99' title='bbox 233 1092 284 1138; x_wconf 84' lang='lat' dir='ltr'>quo</span> <span class='ocrx_word' id='word_1_100' title='bbox 295 1078 371 1124; x_wconf 85' lang='lat' dir='ltr'>verbo</span> <span class='ocrx_word' id='word_1_101' title='bbox 382 1076 481 1124; x_wconf 85' lang='lat' dir='ltr'>avidum</span> <span class='ocrx_word' id='word_1_102' title='bbox 496 1076 575 1125; x_wconf 86' lang='lat' dir='ltr'>sdhuc</span> <span class='ocrx_word' id='word_1_103' title='bbox 585 1092 629 1125; x_wconf 92' lang='lat' dir='ltr'>au·</span> <span class='ocrx_word' id='word_1_104' title='bbox 663 1086 747 1125; x_wconf 70' lang='lat' dir='ltr'>untur</span> <span class='ocrx_word' id='word_1_105' title='bbox 755 1076 842 1125; x_wconf 84' lang='lat' dir='ltr'>vetusti</span> <span class='ocrx_word' id='word_1_106' title='bbox 850 1077 919 1125; x_wconf 83' lang='lat' dir='ltr'>codd</span> <span class='ocrx_word' id='word_1_107' title='bbox 928 1076 954 1125; x_wconf 93' lang='lat' dir='ltr'>in</span> <span class='ocrx_word' id='word_1_108' title='bbox 961 1076 1090 1139; x_wconf 83' lang='lat' dir='ltr'>quibusits</span> <span class='ocrx_word' id='word_1_109' title='bbox 1096 1075 1144 1125; x_wconf 83' lang='lat' dir='ltr'>scri</span> <span class='ocrx_word' id='word_1_110' title='bbox 1163 1086 1225 1125; x_wconf 87' lang='lat' dir='ltr'>tum:</span> 
     </span>
     <span class='ocr_line' id='line_1_14' title="bbox 53 1139 1228 1205; baseline -0.002 -16"><span class='ocrx_word' id='word_1_111' title='bbox 53 1140 138 1189; x_wconf 82' lang='lat' dir='ltr'>diendi</span> <span class='ocrx_word' id='word_1_112' title='bbox 151 1139 289 1205; x_wconf 87' lang='lat' dir='ltr'>populum,</span> <span class='ocrx_word' id='word_1_113' title='bbox 301 1140 410 1202; x_wconf 75' lang='lat' dir='ltr'>adeoque</span> <span class='ocrx_word' id='word_1_114' title='bbox 423 1140 539 1205; x_wconf 87' lang='lat' dir='ltr'>cupidum</span> <span class='ocrx_word' id='word_1_115' title='bbox 551 1150 577 1188; x_wconf 86' lang='lat' dir='ltr'>et</span> <span class='ocrx_word' id='word_1_116' title='bbox 591 1142 629 1188; x_wconf 89' lang='lat' dir='ltr'>in·</span> <span class='ocrx_word' id='word_1_117' title='bbox 667 1142 757 1189; x_wconf 82' lang='lat' dir='ltr'>Vettius</span> <span class='ocrx_word' id='word_1_118' title='bbox 765 1144 866 1203; x_wconf 80' lang='lat' dir='ltr'>Agerius</span> <span class='ocrx_word' id='word_1_119' title='bbox 874 1142 979 1189; x_wconf 77' lang='lat' dir='ltr'>Basilius</span> <span class='ocrx_word' id='word_1_120' title='bbox 990 1142 1119 1189; x_wconf 81' lang='lat' dir='ltr'>Mauortius</span> <span class='ocrx_word' id='word_1_121' title='bbox 1150 1140 1194 1187; x_wconf 80' lang='lat'>.0.</span> <span class='ocrx_word' id='word_1_122' title='bbox 1203 1150 1228 1188; x_wconf 87' lang='lat' dir='ltr'>et</span> 
     </span>
     <span class='ocr_line' id='line_1_15' title="bbox 54 1204 1227 1269; baseline 0 -16"><span class='ocrx_word' id='word_1_123' title='bbox 54 1215 150 1253; x_wconf 73' lang='lat' dir='ltr'>tenum</span> <span class='ocrx_word' id='word_1_124' title='bbox 161 1204 287 1261; x_wconf 82' lang='lat' dir='ltr'>ostendit,</span> <span class='ocrx_word' id='word_1_125' title='bbox 298 1213 327 1253; x_wconf 85' lang='lat' dir='ltr'>ut</span> <span class='ocrx_word' id='word_1_126' title='bbox 342 1204 418 1253; x_wconf 82' lang='lat' dir='ltr'>linem</span> <span class='ocrx_word' id='word_1_127' title='bbox 432 1206 557 1255; x_wconf 72' lang='lat' dir='ltr'>comedite</span> <span class='ocrx_word' id='word_1_128' title='bbox 572 1221 630 1255; x_wconf 79' lang='lat' dir='ltr'>ete·</span> <span class='ocrx_word' id='word_1_129' title='bbox 664 1219 882 1255; x_wconf 78' lang='lat' dir='ltr'>int..exconuneu.</span> <span class='ocrx_word' id='word_1_130' title='bbox 892 1206 964 1253; x_wconf 80' lang='lat' dir='ltr'>Doni.</span> <span class='ocrx_word' id='word_1_131' title='bbox 973 1204 1227 1269; x_wconf 70' lang='lat' dir='ltr'>Exeonsord.legiet</span> 
     </span>
     <span class='ocr_line' id='line_1_16' title="bbox 54 1268 1227 1319; baseline -0.001 -1"><span class='ocrx_word' id='word_1_132' title='bbox 54 1270 185 1318; x_wconf 81' lang='lat' dir='ltr'>nissenon</span> <span class='ocrx_word' id='word_1_133' title='bbox 197 1268 314 1317; x_wconf 77' lang='lat' dir='ltr'>senserit.</span> <span class='ocrx_word' id='word_1_134' title='bbox 344 1269 376 1316; x_wconf 90' lang='lat' dir='ltr'>D.</span> <span class='ocrx_word' id='word_1_135' title='bbox 663 1281 690 1318; x_wconf 90' lang='lat' dir='ltr'>ut</span> <span class='ocrx_word' id='word_1_136' title='bbox 733 1270 768 1319; x_wconf 90' lang='lat' dir='ltr'>tui</span> <span class='ocrx_word' id='word_1_137' title='bbox 780 1269 921 1319; x_wconf 79' lang='lat' dir='ltr'>emendavi:</span> <span class='ocrx_word' id='word_1_138' title='bbox 941 1268 1123 1319; x_wconf 83' lang='lat' dir='ltr'>Nichomaoltus</span> <span class='ocrx_word' id='word_1_139' title='bbox 1132 1270 1227 1318; x_wconf 79' lang='lat' dir='ltr'>Dexter</span> 
     </span>
     <span class='ocr_line' id='line_1_17' title="bbox 88 1334 1225 1396; baseline -0.001 -15"><span class='ocrx_word' id='word_1_140' title='bbox 88 1336 126 1384; x_wconf 79' lang='lat' dir='ltr'>ii.</span> <span class='ocrx_word' id='word_1_141' title='bbox 143 1336 218 1381; x_wconf 78' lang='lat' dir='ltr'>Ister</span> <span class='ocrx_word' id='word_1_142' title='bbox 237 1337 390 1395; x_wconf 68' lang='lat' dir='ltr'>transigetur,</span> <span class='ocrx_word' id='word_1_143' title='bbox 404 1338 425 1381; x_wconf 81' lang='lat' dir='ltr'>si</span> <span class='ocrx_word' id='word_1_144' title='bbox 441 1337 499 1396; x_wconf 82' lang='lat' dir='ltr'>quid</span> <span class='ocrx_word' id='word_1_145' title='bbox 513 1342 554 1392; x_wconf 83' lang='lat' dir='ltr'>eet,</span> <span class='ocrx_word' id='word_1_146' title='bbox 571 1338 632 1396; x_wconf 87' lang='lat' dir='ltr'>quod</span> <span class='ocrx_word' id='word_1_147' title='bbox 663 1344 689 1382; x_wconf 90' lang='lat' dir='ltr'>et</span> <span class='ocrx_word' id='word_1_148' title='bbox 719 1334 996 1383; x_wconf 84' lang='lat' dir='ltr'>ictorisnusV.V.C.C.</span> <span class='ocrx_word' id='word_1_149' title='bbox 1020 1334 1104 1383; x_wconf 80' lang='lat' dir='ltr'>&#39;lituro</span> <span class='ocrx_word' id='word_1_150' title='bbox 1113 1334 1225 1383; x_wconf 79' lang='lat' dir='ltr'>Livium:</span> 
     </span>
     <span class='ocr_line' id='line_1_18' title="bbox 53 1398 1227 1461; baseline -0.002 -14"><span class='ocrx_word' id='word_1_151' title='bbox 53 1398 138 1461; x_wconf 76' lang='lat' dir='ltr'>restet]</span> <span class='ocrx_word' id='word_1_152' title='bbox 150 1398 303 1447; x_wconf 80' lang='lat' dir='ltr'>Artificiose</span> <span class='ocrx_word' id='word_1_153' title='bbox 309 1407 382 1461; x_wconf 81' lang='lat' dir='ltr'>poeta</span> <span class='ocrx_word' id='word_1_154' title='bbox 390 1398 534 1447; x_wconf 76' lang='lat' dir='ltr'>hereditatis</span> <span class='ocrx_word' id='word_1_155' title='bbox 538 1402 630 1461; x_wconf 81' lang='lat' dir='ltr'>justam</span> <span class='ocrx_word' id='word_1_156' title='bbox 662 1398 744 1448; x_wconf 84' lang='lat' dir='ltr'>Julius</span> <span class='ocrx_word' id='word_1_157' title='bbox 756 1398 842 1448; x_wconf 83' lang='lat' dir='ltr'>Celsus</span> <span class='ocrx_word' id='word_1_158' title='bbox 853 1399 1030 1449; x_wconf 71' lang='lat' dir='ltr'>Constantinus</span> <span class='ocrx_word' id='word_1_159' title='bbox 1047 1399 1077 1447; x_wconf 93' lang='lat' dir='ltr'>V.</span> <span class='ocrx_word' id='word_1_160' title='bbox 1090 1398 1118 1447; x_wconf 80' lang='grc' dir='ltr'>Ο.</span> <span class='ocrx_word' id='word_1_161' title='bbox 1131 1408 1156 1447; x_wconf 86' lang='lat' dir='ltr'>et</span> <span class='ocrx_word' id='word_1_162' title='bbox 1171 1398 1227 1446; x_wconf 82' lang='lat' dir='ltr'>Fla·</span> 
     </span>
     <span class='ocr_line' id='line_1_19' title="bbox 53 1461 1227 1528; baseline 0 -17"><span class='ocrx_word' id='word_1_163' title='bbox 53 1464 206 1526; x_wconf 79' lang='lat' dir='ltr'>petitionem</span> <span class='ocrx_word' id='word_1_164' title='bbox 229 1477 264 1509; x_wconf 82' lang='lat' dir='ltr'>ex</span> <span class='ocrx_word' id='word_1_165' title='bbox 281 1461 390 1510; x_wconf 86' lang='lat' dir='ltr'>Critonis</span> <span class='ocrx_word' id='word_1_166' title='bbox 408 1478 513 1527; x_wconf 84' lang='lat' dir='ltr'>persons</span> <span class='ocrx_word' id='word_1_167' title='bbox 528 1474 631 1528; x_wconf 77' lang='lat' dir='ltr'>preter·</span> <span class='ocrx_word' id='word_1_168' title='bbox 663 1464 717 1513; x_wconf 86' lang='lat' dir='ltr'>vius</span> <span class='ocrx_word' id='word_1_169' title='bbox 729 1463 840 1511; x_wconf 77' lang='lat' dir='ltr'>Litorius</span> <span class='ocrx_word' id='word_1_170' title='bbox 853 1462 977 1512; x_wconf 77' lang='lat' dir='ltr'>Firminus</span> <span class='ocrx_word' id='word_1_171' title='bbox 993 1462 1128 1528; x_wconf 84' lang='lat' dir='ltr'>Lupicinus</span> <span class='ocrx_word' id='word_1_172' title='bbox 1143 1464 1165 1511; x_wconf 84' lang='lat' dir='ltr'>E</span> <span class='ocrx_word' id='word_1_173' title='bbox 1183 1464 1227 1511; x_wconf 87' lang='lat' dir='ltr'>he·</span> 
     </span>
     <span class='ocr_line' id='line_1_20' title="bbox 54 1524 1228 1653; baseline -0.003 -12"><span class='ocrx_word' id='word_1_174' title='bbox 54 1524 628 1653; x_wconf 49' lang='lat' dir='ltr'>sternumentis</span> <span class='ocrx_word' id='word_1_175' title='bbox 661 1527 1228 1641; x_wconf 67' lang='lat' dir='ltr'>i¹ttn¹¹nll⁰⁰¹ittn⁰u</span> 
     </span>
     <span class='ocr_line' id='line_1_21' title="bbox 184 1620 1184 1649; baseline 0 -12"><span class='ocrx_word' id='word_1_176' title='bbox 184 1627 192 1637; x_wconf 73' lang='grc' dir='ltr'>ι</span> <span class='ocrx_word' id='word_1_177' title='bbox 618 1620 630 1630; x_wconf 78' lang='grc'><em>“</em></span> <span class='ocrx_word' id='word_1_178' title='bbox 1178 1626 1184 1649; x_wconf 72' lang='grc'>’</span> 
     </span>
     <span class='ocr_line' id='line_1_22' title="bbox 56 1608 1228 1721; baseline -0.002 -16"><span class='ocrx_word' id='word_1_179' title='bbox 56 1666 115 1715; x_wconf 73' lang='lat' dir='ltr'>nur,</span> <span class='ocrx_word' id='word_1_180' title='bbox 128 1666 177 1705; x_wconf 79' lang='lat' dir='ltr'>eut</span> <span class='ocrx_word' id='word_1_181' title='bbox 193 1655 383 1703; x_wconf 71' lang='lat' dir='ltr'>defraudatione</span> <span class='ocrx_word' id='word_1_182' title='bbox 400 1656 508 1720; x_wconf 78' lang='lat' dir='ltr'>Glycerii</span> <span class='ocrx_word' id='word_1_183' title='bbox 523 1656 630 1705; x_wconf 83' lang='lat' dir='ltr'>infusca-</span> <span class='ocrx_word' id='word_1_184' title='bbox 663 1657 760 1718; x_wconf 86' lang='lat' dir='ltr'>adjutor</span> <span class='ocrx_word' id='word_1_185' title='bbox 772 1656 818 1703; x_wconf 87' lang='lat' dir='ltr'>viri</span> <span class='ocrx_word' id='word_1_186' title='bbox 827 1655 909 1719; x_wconf 76' lang='lat' dir='ltr'>magni</span> <span class='ocrx_word' id='word_1_187' title='bbox 918 1608 1053 1711; x_wconf 68' lang='lat' dir='ltr'>Quaerniii</span> <span class='ocrx_word' id='word_1_188' title='bbox 1065 1657 1132 1705; x_wconf 87' lang='lat' dir='ltr'>Sacri</span> <span class='ocrx_word' id='word_1_189' title='bbox 1142 1656 1228 1721; x_wconf 85' lang='lat' dir='ltr'>palatii</span> 
     </span>
     <span class='ocr_line' id='line_1_23' title="bbox 55 1718 1229 1785; baseline -0.002 -16"><span class='ocrx_word' id='word_1_190' title='bbox 55 1730 121 1769; x_wconf 79' lang='lat' dir='ltr'>reon</span> <span class='ocrx_word' id='word_1_191' title='bbox 131 1720 196 1769; x_wconf 84' lang='lat' dir='ltr'>linis</span> <span class='ocrx_word' id='word_1_192' title='bbox 207 1720 307 1777; x_wconf 72' lang='lat' dir='ltr'>iobtilae,</span> <span class='ocrx_word' id='word_1_193' title='bbox 319 1720 349 1768; x_wconf 89' lang='lat' dir='ltr'>sd</span> <span class='ocrx_word' id='word_1_194' title='bbox 359 1718 443 1769; x_wconf 74' lang='lat' dir='ltr'>laetum</span> <span class='ocrx_word' id='word_1_195' title='bbox 455 1719 548 1769; x_wconf 84' lang='lat' dir='ltr'>exitum</span> <span class='ocrx_word' id='word_1_196' title='bbox 558 1736 629 1785; x_wconf 87' lang='lat' dir='ltr'>spec-</span> <span class='ocrx_word' id='word_1_197' title='bbox 664 1720 828 1770; x_wconf 75' lang='lat' dir='ltr'>Priscianumz</span> <span class='ocrx_word' id='word_1_198' title='bbox 848 1721 953 1769; x_wconf 88' lang='lat' dir='ltr'>Securus</span> <span class='ocrx_word' id='word_1_199' title='bbox 965 1720 1054 1769; x_wconf 79' lang='lat' dir='ltr'>Melior</span> <span class='ocrx_word' id='word_1_200' title='bbox 1065 1720 1136 1768; x_wconf 84' lang='lat' dir='ltr'>Felix</span> <span class='ocrx_word' id='word_1_201' title='bbox 1147 1722 1229 1785; x_wconf 84' lang='lat' dir='ltr'>Asper</span> 
     </span>
     <span class='ocr_line' id='line_1_24' title="bbox 57 1782 1228 1848; baseline -0.001 -14"><span class='ocrx_word' id='word_1_202' title='bbox 57 1795 116 1834; x_wconf 74' lang='lat' dir='ltr'>tans</span> <span class='ocrx_word' id='word_1_203' title='bbox 143 1788 176 1834; x_wconf 71' lang='lat' dir='ltr'>st</span> <span class='ocrx_word' id='word_1_204' title='bbox 186 1788 248 1847; x_wconf 78' lang='lat' dir='ltr'>qnid</span> <span class='ocrx_word' id='word_1_205' title='bbox 257 1793 293 1833; x_wconf 82' lang='lat' dir='ltr'>est</span> <span class='ocrx_word' id='word_1_206' title='bbox 304 1788 365 1847; x_wconf 78' lang='lat' dir='ltr'>quod</span> <span class='ocrx_word' id='word_1_207' title='bbox 374 1782 458 1848; x_wconf 79' lang='lat' dir='ltr'>restet]</span> <span class='ocrx_word' id='word_1_208' title='bbox 470 1785 535 1840; x_wconf 84' lang='lat' dir='ltr'>Quis</span> <span class='ocrx_word' id='word_1_209' title='bbox 544 1801 630 1835; x_wconf 89' lang='lat' dir='ltr'>narra·</span> <span class='ocrx_word' id='word_1_210' title='bbox 663 1786 732 1835; x_wconf 85' lang='lat' dir='ltr'>Com.</span> <span class='ocrx_word' id='word_1_211' title='bbox 745 1785 843 1835; x_wconf 87' lang='lat' dir='ltr'>consist.</span> <span class='ocrx_word' id='word_1_212' title='bbox 858 1785 941 1835; x_wconf 86' lang='lat' dir='ltr'>rhetor</span> <span class='ocrx_word' id='word_1_213' title='bbox 962 1786 1014 1833; x_wconf 74' lang='lat' dir='ltr'>urit</span> <span class='ocrx_word' id='word_1_214' title='bbox 1028 1784 1059 1835; x_wconf 82' lang='lat' dir='ltr'>lt.</span> <span class='ocrx_word' id='word_1_215' title='bbox 1077 1783 1228 1833; x_wconf 73' lang='lat' dir='ltr'>Mattianum</span> 
     </span>
     <span class='ocr_line' id='line_1_25' title="bbox 57 1848 1228 1925; baseline -0.003 -26"><span class='ocrx_word' id='word_1_216' title='bbox 57 1849 121 1899; x_wconf 82' lang='lat' dir='ltr'>tione</span> <span class='ocrx_word' id='word_1_217' title='bbox 143 1850 256 1913; x_wconf 67' lang='grc' dir='ltr'>ὥςιιιιω</span> <span class='ocrx_word' id='word_1_218' title='bbox 279 1864 329 1897; x_wconf 91' lang='lat' dir='ltr'>non</span> <span class='ocrx_word' id='word_1_219' title='bbox 352 1858 396 1905; x_wconf 87' lang='lat' dir='ltr'>est,</span> <span class='ocrx_word' id='word_1_220' title='bbox 419 1850 484 1913; x_wconf 88' lang='lat' dir='ltr'>quod</span> <span class='ocrx_word' id='word_1_221' title='bbox 508 1850 631 1898; x_wconf 78' lang='lat' dir='ltr'>Charinus</span> <span class='ocrx_word' id='word_1_222' title='bbox 663 1850 802 1925; x_wconf 67' lang='lat' dir='ltr'>Capellam</span> <span class='ocrx_word' id='word_1_223' title='bbox 820 1848 1228 1899; x_wconf 77' lang='lat' dir='ltr'>utilrscuominainvetustissiruis</span> 
     </span>
     <span class='ocr_line' id='line_1_26' title="bbox 55 1912 1227 1979; baseline -0.002 -17"><span class='ocrx_word' id='word_1_224' title='bbox 55 1923 130 1977; x_wconf 73' lang='lat' dir='ltr'>rogat.</span> <span class='ocrx_word' id='word_1_225' title='bbox 165 1915 269 1962; x_wconf 81' lang='lat' dir='ltr'>D.-n.</span> <span class='ocrx_word' id='word_1_226' title='bbox 292 1913 415 1977; x_wconf 82' lang='lat' dir='ltr'>Piosdite]</span> <span class='ocrx_word' id='word_1_227' title='bbox 440 1914 502 1963; x_wconf 72' lang='lat' dir='ltr'>Huc</span> <span class='ocrx_word' id='word_1_228' title='bbox 523 1923 583 1963; x_wconf 87' lang='lat' dir='ltr'>nota</span> <span class='ocrx_word' id='word_1_229' title='bbox 603 1914 631 1963; x_wconf 90' lang='lat' dir='ltr'>in</span> <span class='ocrx_word' id='word_1_230' title='bbox 662 1916 762 1979; x_wconf 82' lang='lat' dir='ltr'>scriptis</span> <span class='ocrx_word' id='word_1_231' title='bbox 778 1914 902 1963; x_wconf 85' lang='lat' dir='ltr'>codicibus</span> <span class='ocrx_word' id='word_1_232' title='bbox 919 1914 1072 1963; x_wconf 73' lang='lat' dir='ltr'>adnotantur.</span> <span class='ocrx_word' id='word_1_233' title='bbox 1102 1912 1142 1961; x_wconf 89' lang='lat' dir='ltr'>Sic</span> <span class='ocrx_word' id='word_1_234' title='bbox 1158 1914 1227 1976; x_wconf 80' lang='lat' dir='ltr'>Apu-</span> 
     </span>
     <span class='ocr_line' id='line_1_27' title="bbox 57 1977 1229 2043; baseline -0.002 -16"><span class='ocrx_word' id='word_1_235' title='bbox 57 1980 171 2028; x_wconf 80' lang='lat' dir='ltr'>oninibns</span> <span class='ocrx_word' id='word_1_236' title='bbox 183 1988 248 2027; x_wconf 79' lang='lat' dir='ltr'>vett.</span> <span class='ocrx_word' id='word_1_237' title='bbox 260 1978 331 2026; x_wconf 89' lang='lat' dir='ltr'>oodd.</span> <span class='ocrx_word' id='word_1_238' title='bbox 344 1988 372 2026; x_wconf 93' lang='lat' dir='ltr'>ut</span> <span class='ocrx_word' id='word_1_239' title='bbox 382 1988 408 2027; x_wconf 88' lang='lat' dir='ltr'>et</span> <span class='ocrx_word' id='word_1_240' title='bbox 417 1978 444 2027; x_wconf 89' lang='lat' dir='ltr'>in</span> <span class='ocrx_word' id='word_1_241' title='bbox 456 1978 536 2043; x_wconf 74' lang='lat' dir='ltr'>Regio</span> <span class='ocrx_word' id='word_1_242' title='bbox 546 1994 630 2027; x_wconf 82' lang='lat' dir='ltr'>exeru-</span> <span class='ocrx_word' id='word_1_243' title='bbox 662 1979 705 2028; x_wconf 84' lang='lat' dir='ltr'>leii</span> <span class='ocrx_word' id='word_1_244' title='bbox 724 1978 878 2028; x_wconf 86' lang='lat' dir='ltr'>Milesiarum</span> <span class='ocrx_word' id='word_1_245' title='bbox 898 1978 975 2027; x_wconf 87' lang='lat' dir='ltr'>libros</span> <span class='ocrx_word' id='word_1_246' title='bbox 995 1988 1020 2026; x_wconf 87' lang='lat' dir='ltr'>et</span> <span class='ocrx_word' id='word_1_247' title='bbox 1040 1977 1229 2041; x_wconf 77' lang='lat' dir='ltr'>Apologeticum</span> 
     </span>
     <span class='ocr_line' id='line_1_28' title="bbox 57 2041 1228 2119; baseline -0.003 -26"><span class='ocrx_word' id='word_1_248' title='bbox 57 2044 248 2105; x_wconf 81' lang='lat' dir='ltr'>plsrihsbetut.</span> <span class='ocrx_word' id='word_1_249' title='bbox 275 2042 389 2091; x_wconf 80' lang='lat' dir='ltr'>L—Alii</span> <span class='ocrx_word' id='word_1_250' title='bbox 397 2043 476 2118; x_wconf 39' lang='lat' dir='ltr'>&#39;aliter</span> <span class='ocrx_word' id='word_1_251' title='bbox 487 2044 518 2093; x_wconf 91' lang='lat' dir='ltr'>de</span> <span class='ocrx_word' id='word_1_252' title='bbox 525 2046 631 2105; x_wconf 77' lang='lat' dir='ltr'>plaudite</span> <span class='ocrx_word' id='word_1_253' title='bbox 664 2044 767 2107; x_wconf 86' lang='lat' dir='ltr'>Crispus</span> <span class='ocrx_word' id='word_1_254' title='bbox 779 2042 909 2092; x_wconf 79' lang='lat' dir='ltr'>Sallustius</span> <span class='ocrx_word' id='word_1_255' title='bbox 921 2042 1019 2119; x_wconf 75' lang='lat' dir='ltr'>quidam</span> <span class='ocrx_word' id='word_1_256' title='bbox 1034 2041 1100 2105; x_wconf 82' lang='lat' dir='ltr'>legit,</span> <span class='ocrx_word' id='word_1_257' title='bbox 1113 2042 1228 2115; x_wconf 69' lang='lat' dir='ltr'>emcnda-</span> 
     </span>
     <span class='ocr_line' id='line_1_29' title="bbox 57 2106 1228 2171; baseline -0.001 -15"><span class='ocrx_word' id='word_1_258' title='bbox 57 2120 82 2156; x_wconf 85' lang='lat' dir='ltr'>et</span> <span class='ocrx_word' id='word_1_259' title='bbox 96 2120 156 2157; x_wconf 83' lang='lat' dir='ltr'>nota</span> <span class='ocrx_word' id='word_1_260' title='bbox 173 2127 201 2165; x_wconf 75' lang='lat' dir='ltr'>n,</span> <span class='ocrx_word' id='word_1_261' title='bbox 219 2122 279 2169; x_wconf 65' lang='lat' dir='ltr'>qut</span> <span class='ocrx_word' id='word_1_262' title='bbox 298 2118 431 2171; x_wconf 80' lang='lat' dir='ltr'>preposita</span> <span class='ocrx_word' id='word_1_263' title='bbox 451 2108 631 2165; x_wconf 62' lang='lat' dir='ltr'>consentiunt</span> <span class='ocrx_word' id='word_1_264' title='bbox 664 2108 707 2165; x_wconf 85' lang='lat' dir='ltr'>vit,</span> <span class='ocrx_word' id='word_1_265' title='bbox 718 2118 742 2157; x_wconf 87' lang='lat' dir='ltr'>et</span> <span class='ocrx_word' id='word_1_266' title='bbox 752 2107 907 2171; x_wconf 78' lang='lat' dir='ltr'>recognovit:</span> <span class='ocrx_word' id='word_1_267' title='bbox 926 2106 1037 2156; x_wconf 72' lang='lat' dir='ltr'>ituenitn</span> <span class='ocrx_word' id='word_1_268' title='bbox 1049 2106 1076 2155; x_wconf 89' lang='lat' dir='ltr'>in</span> <span class='ocrx_word' id='word_1_269' title='bbox 1087 2106 1228 2170; x_wconf 78' lang='lat' dir='ltr'>antiquissi-</span> 
     </span>
     <span class='ocr_line' id='line_1_30' title="bbox 59 2170 1228 2236; baseline -0.004 -14"><span class='ocrx_word' id='word_1_270' title='bbox 59 2172 109 2236; x_wconf 65' lang='lat' dir='ltr'>ugo</span> <span class='ocrx_word' id='word_1_271' title='bbox 123 2189 159 2222; x_wconf 79' lang='lat' dir='ltr'>ex</span> <span class='ocrx_word' id='word_1_272' title='bbox 177 2172 272 2220; x_wconf 82' lang='lat' dir='ltr'>Horat.</span> <span class='ocrx_word' id='word_1_273' title='bbox 289 2175 344 2219; x_wconf 79' lang='lat' dir='ltr'>Art.</span> <span class='ocrx_word' id='word_1_274' title='bbox 364 2172 433 2220; x_wconf 80' lang='lat' dir='ltr'>Poet</span> <span class='ocrx_word' id='word_1_275' title='bbox 448 2174 501 2219; x_wconf 76' lang='lat'>155.</span> <span class='ocrx_word' id='word_1_276' title='bbox 518 2181 632 2221; x_wconf 70' lang='lat' dir='ltr'>moreni</span> <span class='ocrx_word' id='word_1_277' title='bbox 664 2172 712 2221; x_wconf 90' lang='lat' dir='ltr'>mis</span> <span class='ocrx_word' id='word_1_278' title='bbox 734 2172 858 2221; x_wconf 80' lang='lat' dir='ltr'>codicibus</span> <span class='ocrx_word' id='word_1_279' title='bbox 880 2170 977 2235; x_wconf 72' lang='lat' dir='ltr'>legitur,</span> <span class='ocrx_word' id='word_1_280' title='bbox 995 2171 1037 2235; x_wconf 90' lang='lat' dir='ltr'>qui</span> <span class='ocrx_word' id='word_1_281' title='bbox 1056 2170 1186 2221; x_wconf 66' lang='lat' dir='ltr'>Florentia</span> <span class='ocrx_word' id='word_1_282' title='bbox 1202 2171 1228 2217; x_wconf 92' lang='lat' dir='ltr'>in</span> 
     </span>
     <span class='ocr_line' id='line_1_31' title="bbox 58 2235 1228 2300; baseline -0.002 -15"><span class='ocrx_word' id='word_1_283' title='bbox 58 2250 116 2299; x_wconf 79' lang='lat' dir='ltr'>pino</span> <span class='ocrx_word' id='word_1_284' title='bbox 126 2235 279 2300; x_wconf 69' lang='lat' dir='ltr'>significari,</span> <span class='ocrx_word' id='word_1_285' title='bbox 291 2238 369 2297; x_wconf 67' lang='lat' dir='ltr'>cidus,</span> <span class='ocrx_word' id='word_1_286' title='bbox 381 2237 423 2284; x_wconf 91' lang='lat' dir='ltr'>ubi</span> <span class='ocrx_word' id='word_1_287' title='bbox 437 2247 531 2285; x_wconf 87' lang='lat' dir='ltr'>actores</span> <span class='ocrx_word' id='word_1_288' title='bbox 547 2251 633 2284; x_wconf 89' lang='lat' dir='ltr'>omnes</span> <span class='ocrx_word' id='word_1_289' title='bbox 664 2236 812 2285; x_wconf 82' lang='lat' dir='ltr'>bibliothece</span> <span class='ocrx_word' id='word_1_290' title='bbox 824 2236 910 2299; x_wconf 77' lang='lat' dir='ltr'>Magni</span> <span class='ocrx_word' id='word_1_291' title='bbox 923 2235 1001 2284; x_wconf 87' lang='lat' dir='ltr'>Ducis</span> <span class='ocrx_word' id='word_1_292' title='bbox 1014 2236 1139 2284; x_wconf 79' lang='lat' dir='ltr'>Hetruriae</span> <span class='ocrx_word' id='word_1_293' title='bbox 1150 2250 1228 2283; x_wconf 81' lang='lat' dir='ltr'>esser-</span> 
     </span>
     <span class='ocr_line' id='line_1_32' title="bbox 59 2298 1229 2375; baseline -0.003 -27"><span class='ocrx_word' id='word_1_294' title='bbox 59 2317 163 2351; x_wconf 71' lang='lat' dir='ltr'>em</span> <span class='ocrx_word' id='word_1_295' title='bbox 183 2301 314 2355; x_wconf 81' lang='lat' dir='ltr'>exierunt,</span> <span class='ocrx_word' id='word_1_296' title='bbox 331 2300 386 2357; x_wconf 80' lang='lat' dir='ltr'>fuit,</span> <span class='ocrx_word' id='word_1_297' title='bbox 403 2299 522 2375; x_wconf 86' lang='lat' dir='ltr'>depositis</span> <span class='ocrx_word' id='word_1_298' title='bbox 539 2317 571 2349; x_wconf 81' lang='lat' dir='ltr'>ex</span> <span class='ocrx_word' id='word_1_299' title='bbox 590 2316 634 2348; x_wconf 87' lang='lat' dir='ltr'>ore</span> <span class='ocrx_word' id='word_1_300' title='bbox 665 2311 761 2349; x_wconf 84' lang='lat' dir='ltr'>vantur.</span> <span class='ocrx_word' id='word_1_301' title='bbox 790 2298 928 2349; x_wconf 76' lang='lat' dir='ltr'>Adhoruut</span> <span class='ocrx_word' id='word_1_302' title='bbox 942 2316 1001 2363; x_wconf 75' lang='lat' dir='ltr'>ergo</span> <span class='ocrx_word' id='word_1_303' title='bbox 1016 2300 1154 2363; x_wconf 82' lang='lat' dir='ltr'>exemplum</span> <span class='ocrx_word' id='word_1_304' title='bbox 1173 2298 1229 2346; x_wconf 84' lang='lat' dir='ltr'>Cal-</span> 
     </span>
     <span class='ocr_line' id='line_1_33' title="bbox 59 2363 1230 2429; baseline -0.004 -15"><span class='ocrx_word' id='word_1_305' title='bbox 59 2366 123 2414; x_wconf 78' lang='lat' dir='ltr'>tibiis</span> <span class='ocrx_word' id='word_1_306' title='bbox 133 2366 187 2413; x_wconf 89' lang='lat' dir='ltr'>illis</span> <span class='ocrx_word' id='word_1_307' title='bbox 201 2363 303 2412; x_wconf 84' lang='lat' dir='ltr'>dextris</span> <span class='ocrx_word' id='word_1_308' title='bbox 314 2374 339 2412; x_wconf 91' lang='lat' dir='ltr'>et</span> <span class='ocrx_word' id='word_1_309' title='bbox 349 2364 463 2423; x_wconf 82' lang='lat' dir='ltr'>sinistris,</span> <span class='ocrx_word' id='word_1_310' title='bbox 471 2367 577 2427; x_wconf 79' lang='lat' dir='ltr'>plaudite</span> <span class='ocrx_word' id='word_1_311' title='bbox 592 2380 632 2413; x_wconf 87' lang='lat' dir='ltr'>so·</span> <span class='ocrx_word' id='word_1_312' title='bbox 663 2364 755 2429; x_wconf 91' lang='lat' dir='ltr'>liopius</span> <span class='ocrx_word' id='word_1_313' title='bbox 768 2379 857 2412; x_wconf 87' lang='lat' dir='ltr'>nomeu</span> <span class='ocrx_word' id='word_1_314' title='bbox 873 2380 968 2427; x_wconf 87' lang='lat' dir='ltr'>quoque</span> <span class='ocrx_word' id='word_1_315' title='bbox 982 2380 1062 2423; x_wconf 87' lang='lat' dir='ltr'>suum,</span> <span class='ocrx_word' id='word_1_316' title='bbox 1077 2364 1129 2412; x_wconf 82' lang='lat' dir='ltr'>sive</span> <span class='ocrx_word' id='word_1_317' title='bbox 1145 2378 1230 2410; x_wconf 81' lang='lat' dir='ltr'>rerum</span> 
     </span>
     <span class='ocr_line' id='line_1_34' title="bbox 58 2426 1230 2492; baseline -0.004 -14"><span class='ocrx_word' id='word_1_318' title='bbox 58 2444 121 2478; x_wconf 78' lang='lat' dir='ltr'>utre.</span> <span class='ocrx_word' id='word_1_319' title='bbox 149 2430 238 2492; x_wconf 72' lang='lat' dir='ltr'>Igitur</span> <span class='ocrx_word' id='word_1_320' title='bbox 249 2428 325 2489; x_wconf 87' lang='lat' dir='ltr'>hujus</span> <span class='ocrx_word' id='word_1_321' title='bbox 335 2428 442 2477; x_wconf 79' lang='lat' dir='ltr'>centoris</span> <span class='ocrx_word' id='word_1_322' title='bbox 456 2429 552 2477; x_wconf 88' lang='lat' dir='ltr'>notaio</span> <span class='ocrx_word' id='word_1_323' title='bbox 563 2429 633 2477; x_wconf 88' lang='lat' dir='ltr'>libris</span> <span class='ocrx_word' id='word_1_324' title='bbox 665 2430 781 2477; x_wconf 82' lang='lat' dir='ltr'>lictumue</span> <span class='ocrx_word' id='word_1_325' title='bbox 803 2428 849 2476; x_wconf 85' lang='lat' dir='ltr'>hoc</span> <span class='ocrx_word' id='word_1_326' title='bbox 872 2430 911 2487; x_wconf 88' lang='lat' dir='ltr'>sit,</span> <span class='ocrx_word' id='word_1_327' title='bbox 924 2428 1012 2477; x_wconf 79' lang='lat' dir='ltr'>fabulis</span> <span class='ocrx_word' id='word_1_328' title='bbox 1029 2444 1043 2476; x_wconf 83' lang='lat' dir='ltr'>n</span> <span class='ocrx_word' id='word_1_329' title='bbox 1059 2444 1086 2476; x_wconf 88' lang='lat' dir='ltr'>se</span> <span class='ocrx_word' id='word_1_330' title='bbox 1102 2426 1230 2475; x_wconf 85' lang='lat' dir='ltr'>recensitis</span> 
     </span>
     <span class='ocr_line' id='line_1_35' title="bbox 60 2492 854 2556; baseline -0.006 -12"><span class='ocrx_word' id='word_1_331' title='bbox 60 2494 113 2543; x_wconf 80' lang='lat' dir='ltr'>olins</span> <span class='ocrx_word' id='word_1_332' title='bbox 124 2494 176 2543; x_wconf 76' lang='lat' dir='ltr'>init</span> <span class='ocrx_word' id='word_1_333' title='bbox 186 2507 232 2541; x_wconf 85' lang='lat' dir='ltr'>ca.</span> <span class='ocrx_word' id='word_1_334' title='bbox 247 2507 304 2554; x_wconf 73' lang='lat' dir='ltr'>que</span> <span class='ocrx_word' id='word_1_335' title='bbox 315 2502 407 2555; x_wconf 85' lang='lat' dir='ltr'>postea,</span> <span class='ocrx_word' id='word_1_336' title='bbox 419 2492 457 2540; x_wconf 84' lang='lat' dir='ltr'>vel</span> <span class='ocrx_word' id='word_1_337' title='bbox 468 2508 501 2540; x_wconf 79' lang='lat' dir='ltr'>ex</span> <span class='ocrx_word' id='word_1_338' title='bbox 514 2493 632 2556; x_wconf 79' lang='lat' dir='ltr'>ignorati-</span> <span class='ocrx_word' id='word_1_339' title='bbox 665 2492 801 2556; x_wconf 80' lang='lat' dir='ltr'>adscripsit.</span> <span class='ocrx_word' id='word_1_340' title='bbox 827 2492 854 2539; x_wconf 88' lang='lat' dir='ltr'>L.</span> 
     </span>
    </p>
   </div>
   <div class='ocr_carea' id='block_1_4' title="bbox 63 2740 1230 2914">
    <p class='ocr_par' dir='ltr' id='par_1_4' title="bbox 63 2740 1230 2914">
     <span class='ocr_line' id='line_1_36' title="bbox 63 2740 1230 2805; baseline -0.003 -2"><span class='ocrx_word' id='word_1_341' title='bbox 63 2744 155 2805; x_wconf 80' lang='lat' dir='ltr'>AELll</span> <span class='ocrx_word' id='word_1_342' title='bbox 170 2742 345 2804; x_wconf 83' lang='lat' dir='ltr'>DONATI</span> <span class='ocrx_word' id='word_1_343' title='bbox 361 2740 401 2799; x_wconf 91' lang='lat' dir='ltr'>V.</span> <span class='ocrx_word' id='word_1_344' title='bbox 417 2742 452 2801; x_wconf 87' lang='lat' dir='ltr'>C.</span> <span class='ocrx_word' id='word_1_345' title='bbox 471 2740 687 2801; x_wconf 83' lang='lat' dir='ltr'>ORATORIS</span> <span class='ocrx_word' id='word_1_346' title='bbox 707 2740 829 2801; x_wconf 87' lang='lat' dir='ltr'>URBIS</span> <span class='ocrx_word' id='word_1_347' title='bbox 849 2741 983 2801; x_wconf 89' lang='lat' dir='ltr'><strong>ROMAE</strong></span> <span class='ocrx_word' id='word_1_348' title='bbox 1002 2741 1230 2801; x_wconf 88' lang='lat' dir='ltr'><strong>COMMENT.</strong></span> 
     </span>
     <span class='ocr_line' id='line_1_37' title="bbox 282 2853 1012 2914; baseline 0.003 -3"><span class='ocrx_word' id='word_1_349' title='bbox 282 2853 330 2912; x_wconf 89' lang='lat' dir='ltr'>IN</span> <span class='ocrx_word' id='word_1_350' title='bbox 352 2853 556 2913; x_wconf 85' lang='lat' dir='ltr'>TERENTll</span> <span class='ocrx_word' id='word_1_351' title='bbox 579 2854 783 2914; x_wconf 86' lang='lat' dir='ltr'>ANDRlAM</span> <span class='ocrx_word' id='word_1_352' title='bbox 805 2854 1012 2913; x_wconf 85' lang='lat' dir='ltr'>EXPLICIT.</span> 
     </span>
    </p>
   </div>
   <div class='ocr_carea' id='block_1_5' title="bbox 62 3000 1238 4136">
    <p class='ocr_par' dir='ltr' id='par_1_5' title="bbox 62 3000 1238 4093">
     <span class='ocr_line' id='line_1_38' title="bbox 90 3000 1233 3059; baseline -0.003 -7"><span class='ocrx_word' id='word_1_353' title='bbox 90 3003 138 3052; x_wconf 70' lang='lat' dir='ltr'>tte</span> <span class='ocrx_word' id='word_1_354' title='bbox 162 3000 256 3051; x_wconf 80' lang='lat' dir='ltr'>Hulst.</span> <span class='ocrx_word' id='word_1_355' title='bbox 279 3000 329 3048; x_wconf 85' lang='lat' dir='ltr'>its:</span> <span class='ocrx_word' id='word_1_356' title='bbox 359 3002 447 3047; x_wconf 82' lang='lat' dir='ltr'>Donati</span> <span class='ocrx_word' id='word_1_357' title='bbox 469 3002 494 3047; x_wconf 87' lang='lat' dir='ltr'>in</span> <span class='ocrx_word' id='word_1_358' title='bbox 521 3000 634 3047; x_wconf 81' lang='lat' dir='ltr'>dndrion</span> <span class='ocrx_word' id='word_1_359' title='bbox 666 3001 751 3046; x_wconf 84' lang='lat' dir='ltr'>noedio</span> <span class='ocrx_word' id='word_1_360' title='bbox 767 3000 910 3046; x_wconf 79' lang='lat' dir='ltr'>Pitorrnionie</span> <span class='ocrx_word' id='word_1_361' title='bbox 924 3002 1023 3059; x_wconf 72' lang='lat' dir='ltr'>explicit.</span> <span class='ocrx_word' id='word_1_362' title='bbox 1054 3002 1132 3048; x_wconf 77' lang='lat' dir='ltr'>Arnen.</span> <span class='ocrx_word' id='word_1_363' title='bbox 1161 3000 1233 3049; x_wconf 79' lang='lat' dir='ltr'>Alius</span> 
     </span>
     <span class='ocr_line' id='line_1_39' title="bbox 64 3062 1233 3129; baseline -0.003 -14"><span class='ocrx_word' id='word_1_364' title='bbox 64 3070 214 3117; x_wconf 70' lang='grc' dir='ltr'>ὺιιειειιι</span> <span class='ocrx_word' id='word_1_365' title='bbox 232 3062 446 3127; x_wconf 72' lang='lat' dir='ltr'>erpucitjettctter</span> <span class='ocrx_word' id='word_1_366' title='bbox 476 3063 506 3111; x_wconf 87' lang='lat' dir='ltr'>In</span> <span class='ocrx_word' id='word_1_367' title='bbox 520 3062 633 3113; x_wconf 84' lang='lat' dir='ltr'>aliisali·</span> <span class='ocrx_word' id='word_1_368' title='bbox 665 3063 756 3111; x_wconf 83' lang='lat' dir='ltr'>hebet:</span> <span class='ocrx_word' id='word_1_369' title='bbox 787 3066 865 3111; x_wconf 82' lang='lat' dir='ltr'>Finito</span> <span class='ocrx_word' id='word_1_370' title='bbox 887 3064 959 3111; x_wconf 83' lang='lat' dir='ltr'>Libro</span> <span class='ocrx_word' id='word_1_371' title='bbox 981 3067 1012 3111; x_wconf 83' lang='lat' dir='ltr'>rit</span> <span class='ocrx_word' id='word_1_372' title='bbox 1040 3066 1090 3112; x_wconf 81' lang='lat' dir='ltr'>leus</span> <span class='ocrx_word' id='word_1_373' title='bbox 1113 3072 1137 3113; x_wconf 88' lang='lat' dir='ltr'>et</span> <span class='ocrx_word' id='word_1_374' title='bbox 1156 3068 1233 3129; x_wconf 77' lang='lat' dir='ltr'>glorio</span> 
     </span>
     <span class='ocr_line' id='line_1_40' title="bbox 63 3127 1233 3192; baseline -0.005 -11"><span class='ocrx_word' id='word_1_375' title='bbox 63 3141 103 3180; x_wconf 79' lang='lat' dir='ltr'>ter.</span> <span class='ocrx_word' id='word_1_376' title='bbox 128 3134 260 3181; x_wconf 65' lang='lat' dir='ltr'>&amp;terum</span> <span class='ocrx_word' id='word_1_377' title='bbox 273 3129 359 3177; x_wconf 80' lang='lat' dir='ltr'>inultis</span> <span class='ocrx_word' id='word_1_378' title='bbox 370 3127 490 3192; x_wconf 80' lang='lat' dir='ltr'>exemplis</span> <span class='ocrx_word' id='word_1_379' title='bbox 504 3128 633 3176; x_wconf 86' lang='lat' dir='ltr'>ooniirrna·</span> <span class='ocrx_word' id='word_1_380' title='bbox 668 3130 766 3175; x_wconf 71' lang='lat' dir='ltr'>Christo.</span> <span class='ocrx_word' id='word_1_381' title='bbox 796 3127 844 3175; x_wconf 86' lang='lat' dir='ltr'>Ms.</span> <span class='ocrx_word' id='word_1_382' title='bbox 858 3127 928 3175; x_wconf 84' lang='lat' dir='ltr'>Bodl.</span> <span class='ocrx_word' id='word_1_383' title='bbox 946 3138 1035 3192; x_wconf 76' lang='lat' dir='ltr'>praeter</span> <span class='ocrx_word' id='word_1_384' title='bbox 1052 3130 1157 3189; x_wconf 74' lang='lat' dir='ltr'>Esplicit</span> <span class='ocrx_word' id='word_1_385' title='bbox 1171 3127 1233 3177; x_wconf 87' lang='lat' dir='ltr'>nihil</span> 
     </span>
     <span class='ocr_line' id='line_1_41' title="bbox 63 3190 1234 3256; baseline -0.003 -12"><span class='ocrx_word' id='word_1_386' title='bbox 63 3206 105 3254; x_wconf 84' lang='lat' dir='ltr'>tur,</span> <span class='ocrx_word' id='word_1_387' title='bbox 131 3194 288 3245; x_wconf 82' lang='lat' dir='ltr'>nodscribit</span> <span class='ocrx_word' id='word_1_388' title='bbox 304 3192 512 3256; x_wconf 83' lang='lat' dir='ltr'>Hieronymused</span> <span class='ocrx_word' id='word_1_389' title='bbox 527 3191 633 3240; x_wconf 84' lang='lat' dir='ltr'>Marcel·</span> <span class='ocrx_word' id='word_1_390' title='bbox 667 3190 800 3255; x_wconf 73' lang='lat' dir='ltr'>subjungit,</span> <span class='ocrx_word' id='word_1_391' title='bbox 819 3190 893 3253; x_wconf 84' lang='lat' dir='ltr'>idque</span> <span class='ocrx_word' id='word_1_392' title='bbox 909 3200 959 3248; x_wconf 69' lang='lat' dir='ltr'>ten</span> <span class='ocrx_word' id='word_1_393' title='bbox 986 3193 1031 3241; x_wconf 88' lang='lat' dir='ltr'>sub</span> <span class='ocrx_word' id='word_1_394' title='bbox 1052 3190 1126 3241; x_wconf 82' lang='lat' dir='ltr'>finem</span> <span class='ocrx_word' id='word_1_395' title='bbox 1147 3193 1234 3241; x_wconf 78' lang='lat' dir='ltr'>Eunu·</span> 
     </span>
     <span class='ocr_line' id='line_1_42' title="bbox 62 3214 1235 3325; baseline -0.003 -16"><span class='ocrx_word' id='word_1_396' title='bbox 62 3214 213 3325; x_wconf 51' lang='lat' dir='ltr'>qupist.</span> <span class='ocrx_word' id='word_1_397' title='bbox 238 3260 301 3307; x_wconf 68' lang='lat'>138:</span> <span class='ocrx_word' id='word_1_398' title='bbox 320 3260 385 3305; x_wconf 81' lang='lat' dir='ltr'>sn&#39;re</span> <span class='ocrx_word' id='word_1_399' title='bbox 401 3258 634 3318; x_wconf 55' lang='lat' dir='ltr'>sebennapodt-</span> <span class='ocrx_word' id='word_1_400' title='bbox 669 3255 716 3313; x_wconf 87' lang='lat' dir='ltr'>chi,</span> <span class='ocrx_word' id='word_1_401' title='bbox 728 3255 904 3318; x_wconf 76' lang='lat' dir='ltr'>Adelphorum,</span> <span class='ocrx_word' id='word_1_402' title='bbox 920 3266 945 3304; x_wconf 89' lang='lat' dir='ltr'>et</span> <span class='ocrx_word' id='word_1_403' title='bbox 962 3257 1074 3320; x_wconf 82' lang='lat' dir='ltr'>Hecyrre.</span> <span class='ocrx_word' id='word_1_404' title='bbox 1110 3257 1149 3305; x_wconf 89' lang='lat' dir='ltr'>De</span> <span class='ocrx_word' id='word_1_405' title='bbox 1165 3260 1235 3319; x_wconf 73' lang='lat' dir='ltr'>cnjus</span> 
     </span>
     <span class='ocr_line' id='line_1_43' title="bbox 64 3319 1235 3387; baseline -0.002 -16"><span class='ocrx_word' id='word_1_406' title='bbox 64 3327 130 3374; x_wconf 61' lang='lat' dir='ltr'>neos</span> <span class='ocrx_word' id='word_1_407' title='bbox 145 3329 172 3373; x_wconf 76' lang='lat' dir='ltr'>in</span> <span class='ocrx_word' id='word_1_408' title='bbox 183 3328 238 3387; x_wconf 66' lang='lat' dir='ltr'>stne</span> <span class='ocrx_word' id='word_1_409' title='bbox 250 3326 362 3370; x_wconf 74' lang='lat' dir='ltr'>librom</span> <span class='ocrx_word' id='word_1_410' title='bbox 370 3324 549 3369; x_wconf 75' lang='lat' dir='ltr'>unmetribus</span> <span class='ocrx_word' id='word_1_411' title='bbox 563 3322 636 3369; x_wconf 83' lang='lat' dir='ltr'>roiere</span> <span class='ocrx_word' id='word_1_412' title='bbox 669 3320 736 3368; x_wconf 84' lang='lat' dir='ltr'>vocis</span> <span class='ocrx_word' id='word_1_413' title='bbox 757 3320 852 3383; x_wconf 77' lang='lat' dir='ltr'>origiue</span> <span class='ocrx_word' id='word_1_414' title='bbox 875 3319 947 3369; x_wconf 85' lang='lat' dir='ltr'>Ever.</span> <span class='ocrx_word' id='word_1_415' title='bbox 971 3322 1032 3369; x_wconf 87' lang='lat' dir='ltr'>Otto</span> <span class='ocrx_word' id='word_1_416' title='bbox 1055 3320 1081 3367; x_wconf 94' lang='lat' dir='ltr'>in</span> <span class='ocrx_word' id='word_1_417' title='bbox 1104 3320 1182 3370; x_wconf 88' lang='lat' dir='ltr'>Diatr.</span> <span class='ocrx_word' id='word_1_418' title='bbox 1204 3322 1235 3369; x_wconf 87' lang='lat' dir='ltr'>de</span> 
     </span>
     <span class='ocr_line' id='line_1_44' title="bbox 62 3384 1234 3448; baseline -0.003 -11"><span class='ocrx_word' id='word_1_419' title='bbox 62 3390 168 3447; x_wconf 64' lang='lat' dir='ltr'>suas,</span> <span class='ocrx_word' id='word_1_420' title='bbox 185 3398 217 3436; x_wconf 75' lang='lat' dir='ltr'>st</span> <span class='ocrx_word' id='word_1_421' title='bbox 232 3395 278 3435; x_wconf 76' lang='lat' dir='ltr'>out</span> <span class='ocrx_word' id='word_1_422' title='bbox 293 3386 376 3434; x_wconf 78' lang='lat' dir='ltr'>Amen</span> <span class='ocrx_word' id='word_1_423' title='bbox 392 3388 502 3442; x_wconf 66' lang='lat' dir='ltr'>scribon,</span> <span class='ocrx_word' id='word_1_424' title='bbox 519 3393 561 3433; x_wconf 82' lang='lat' dir='ltr'>ost</span> <span class='ocrx_word' id='word_1_425' title='bbox 578 3384 635 3432; x_wconf 79' lang='lat' dir='ltr'>Sele</span> <span class='ocrx_word' id='word_1_426' title='bbox 667 3384 804 3448; x_wconf 79' lang='lat' dir='ltr'>Papiniano</span> <span class='ocrx_word' id='word_1_427' title='bbox 826 3400 878 3448; x_wconf 82' lang='lat' dir='ltr'>cup.</span> <span class='ocrx_word' id='word_1_428' title='bbox 901 3384 944 3433; x_wconf 85' lang='lat' dir='ltr'>xii.</span> <span class='ocrx_word' id='word_1_429' title='bbox 969 3385 991 3432; x_wconf 88' lang='grc'>6.</span> <span class='ocrx_word' id='word_1_430' title='bbox 1026 3386 1128 3443; x_wconf 72' lang='lat' dir='ltr'>locutio,</span> <span class='ocrx_word' id='word_1_431' title='bbox 1145 3384 1234 3447; x_wconf 87' lang='lat' dir='ltr'>inquit,</span> 
     </span>
     <span class='ocr_line' id='line_1_45' title="bbox 63 3451 1233 3514; baseline -0.001 -16"><span class='ocrx_word' id='word_1_432' title='bbox 63 3463 100 3501; x_wconf 73' lang='lat' dir='ltr'>sut</span> <span class='ocrx_word' id='word_1_433' title='bbox 115 3455 211 3510; x_wconf 74' lang='lat' dir='ltr'>Salon,</span> <span class='ocrx_word' id='word_1_434' title='bbox 228 3454 292 3514; x_wconf 73' lang='lat' dir='ltr'>qood</span> <span class='ocrx_word' id='word_1_435' title='bbox 308 3453 417 3511; x_wconf 72' lang='lat' dir='ltr'>aprinis</span> <span class='ocrx_word' id='word_1_436' title='bbox 433 3466 519 3512; x_wconf 63' lang='lat' dir='ltr'>pocesu</span> <span class='ocrx_word' id='word_1_437' title='bbox 536 3452 635 3497; x_wconf 83' lang='lat' dir='ltr'>undeet</span> <span class='ocrx_word' id='word_1_438' title='bbox 666 3452 771 3497; x_wconf 67' lang='lat' dir='ltr'>minio</span> <span class='ocrx_word' id='word_1_439' title='bbox 781 3457 816 3496; x_wconf 85' lang='lat' dir='ltr'>est</span> <span class='ocrx_word' id='word_1_440' title='bbox 826 3465 842 3495; x_wconf 90' lang='lat' dir='ltr'>o</span> <span class='ocrx_word' id='word_1_441' title='bbox 852 3456 940 3497; x_wconf 79' lang='lat' dir='ltr'>vetusto</span> <span class='ocrx_word' id='word_1_442' title='bbox 954 3451 1089 3497; x_wconf 80' lang='lat' dir='ltr'>uoluminum</span> <span class='ocrx_word' id='word_1_443' title='bbox 1104 3452 1233 3497; x_wconf 78' lang='lat' dir='ltr'>evolvendo·</span> 
     </span>
     <span class='ocr_line' id='line_1_46' title="bbox 63 3516 1233 3580; baseline -0.001 -18"><span class='ocrx_word' id='word_1_444' title='bbox 63 3521 171 3577; x_wconf 55' lang='grc' dir='ltr'>δώῃ,</span> <span class='ocrx_word' id='word_1_445' title='bbox 179 3518 298 3580; x_wconf 57' lang='grc' dir='ltr'>μαζίου</span> <span class='ocrx_word' id='word_1_446' title='bbox 308 3516 413 3562; x_wconf 81' lang='lat' dir='ltr'>dicitur:</span> <span class='ocrx_word' id='word_1_447' title='bbox 433 3522 460 3562; x_wconf 80' lang='lat' dir='ltr'>st</span> <span class='ocrx_word' id='word_1_448' title='bbox 475 3516 570 3562; x_wconf 75' lang='lat' dir='ltr'>solem</span> <span class='ocrx_word' id='word_1_449' title='bbox 586 3530 633 3570; x_wconf 82' lang='lat' dir='ltr'>soe,</span> <span class='ocrx_word' id='word_1_450' title='bbox 667 3530 718 3561; x_wconf 77' lang='lat' dir='ltr'>ruse</span> <span class='ocrx_word' id='word_1_451' title='bbox 733 3530 808 3561; x_wconf 78' lang='lat' dir='ltr'>nore:</span> <span class='ocrx_word' id='word_1_452' title='bbox 841 3529 875 3561; x_wconf 77' lang='lat' dir='ltr'>ue</span> <span class='ocrx_word' id='word_1_453' title='bbox 891 3517 988 3574; x_wconf 81' lang='lat' dir='ltr'>demptis</span> <span class='ocrx_word' id='word_1_454' title='bbox 1004 3516 1059 3561; x_wconf 81' lang='lat' dir='ltr'>loris</span> <span class='ocrx_word' id='word_1_455' title='bbox 1074 3516 1181 3575; x_wconf 65' lang='lat' dir='ltr'>nutuque</span> <span class='ocrx_word' id='word_1_456' title='bbox 1196 3529 1233 3561; x_wconf 83' lang='lat' dir='ltr'>re·</span> 
     </span>
     <span class='ocr_line' id='line_1_47' title="bbox 64 3530 1236 3644; baseline -0.001 -17"><span class='ocrx_word' id='word_1_457' title='bbox 64 3582 317 3644; x_wconf 61' lang='lat' dir='ltr'>equisopuesiis,</span> <span class='ocrx_word' id='word_1_458' title='bbox 330 3581 540 3626; x_wconf 79' lang='lat' dir='ltr'>addistisctionen</span> <span class='ocrx_word' id='word_1_459' title='bbox 554 3580 636 3625; x_wconf 81' lang='lat' dir='ltr'>reini-</span> <span class='ocrx_word' id='word_1_460' title='bbox 669 3580 756 3625; x_wconf 73' lang='lat' dir='ltr'>issatis</span> <span class='ocrx_word' id='word_1_461' title='bbox 778 3530 970 3641; x_wconf 79' lang='lat' dir='ltr'>explicabuntur,</span> <span class='ocrx_word' id='word_1_462' title='bbox 993 3579 1092 3639; x_wconf 68' lang='lat' dir='ltr'>odeoqm</span> <span class='ocrx_word' id='word_1_463' title='bbox 1115 3579 1236 3626; x_wconf 72' lang='lat' dir='ltr'>uctoritas</span> 
     </span>
     <span class='ocr_line' id='line_1_48' title="bbox 63 3639 1234 3709; baseline -0.004 -14"><span class='ocrx_word' id='word_1_464' title='bbox 63 3648 273 3709; x_wconf 57' lang='lat' dir='ltr'>mamantis,</span> <span class='ocrx_word' id='word_1_465' title='bbox 284 3646 383 3691; x_wconf 67' lang='lat' dir='ltr'>udins·</span> <span class='ocrx_word' id='word_1_466' title='bbox 394 3647 535 3703; x_wconf 77' lang='lat' dir='ltr'>interponere</span> <span class='ocrx_word' id='word_1_467' title='bbox 548 3639 636 3704; x_wconf 79' lang='lat' dir='ltr'>Expli-</span> <span class='ocrx_word' id='word_1_468' title='bbox 669 3643 776 3701; x_wconf 75' lang='lat' dir='ltr'>adfinem</span> <span class='ocrx_word' id='word_1_469' title='bbox 788 3658 858 3705; x_wconf 80' lang='lat' dir='ltr'>usqrse</span> <span class='ocrx_word' id='word_1_470' title='bbox 868 3644 985 3703; x_wconf 78' lang='lat' dir='ltr'>potebant.</span> <span class='ocrx_word' id='word_1_471' title='bbox 1011 3640 1118 3688; x_wconf 80' lang='lat' dir='ltr'>Martial.</span> <span class='ocrx_word' id='word_1_472' title='bbox 1131 3641 1164 3689; x_wconf 84' lang='lat' dir='ltr'>xi.</span> <span class='ocrx_word' id='word_1_473' title='bbox 1180 3642 1234 3690; x_wconf 85' lang='lat'>108.</span> 
     </span>
     <span class='ocr_line' id='line_1_49' title="bbox 64 3707 1236 3769; baseline -0.003 -12"><span class='ocrx_word' id='word_1_474' title='bbox 64 3711 100 3768; x_wconf 81' lang='lat' dir='ltr'>eit,</span> <span class='ocrx_word' id='word_1_475' title='bbox 116 3720 160 3759; x_wconf 80' lang='lat' dir='ltr'>eet</span> <span class='ocrx_word' id='word_1_476' title='bbox 178 3707 309 3764; x_wconf 76' lang='lat' dir='ltr'>Felioiter,</span> <span class='ocrx_word' id='word_1_477' title='bbox 321 3715 362 3754; x_wconf 83' lang='lat' dir='ltr'>ost</span> <span class='ocrx_word' id='word_1_478' title='bbox 379 3709 470 3769; x_wconf 70' lang='lat' dir='ltr'>aliquid</span> <span class='ocrx_word' id='word_1_479' title='bbox 485 3709 553 3754; x_wconf 83' lang='lat' dir='ltr'>istius</span> <span class='ocrx_word' id='word_1_480' title='bbox 569 3708 636 3753; x_wconf 80' lang='lat' dir='ltr'>nodi.</span> <span class='ocrx_word' id='word_1_481' title='bbox 670 3708 1138 3767; x_wconf 77' lang='lat' dir='ltr'>Explicitunnobisusqueodsuocornuu</span> <span class='ocrx_word' id='word_1_482' title='bbox 1145 3708 1236 3764; x_wconf 62' lang='lat' dir='ltr'>libum,</span> 
     </span>
     <span class='ocr_line' id='line_1_50' title="bbox 65 3768 1237 3832; baseline -0.003 -11"><span class='ocrx_word' id='word_1_483' title='bbox 65 3774 189 3824; x_wconf 81' lang='lat' dir='ltr'>litantem</span> <span class='ocrx_word' id='word_1_484' title='bbox 202 3774 236 3821; x_wconf 89' lang='lat' dir='ltr'>de</span> <span class='ocrx_word' id='word_1_485' title='bbox 247 3770 305 3819; x_wconf 83' lang='lat' dir='ltr'>aliis</span> <span class='ocrx_word' id='word_1_486' title='bbox 314 3784 415 3827; x_wconf 67' lang='lat' dir='ltr'>meniu,</span> <span class='ocrx_word' id='word_1_487' title='bbox 424 3780 463 3819; x_wconf 87' lang='lat' dir='ltr'>est</span> <span class='ocrx_word' id='word_1_488' title='bbox 473 3770 499 3818; x_wconf 91' lang='lat' dir='ltr'>in</span> <span class='ocrx_word' id='word_1_489' title='bbox 509 3771 558 3817; x_wconf 90' lang='lat' dir='ltr'>line</span> <span class='ocrx_word' id='word_1_490' title='bbox 564 3769 638 3818; x_wconf 90' lang='lat' dir='ltr'>unius</span> <span class='ocrx_word' id='word_1_491' title='bbox 670 3772 704 3817; x_wconf 78' lang='lat' dir='ltr'>Et</span> <span class='ocrx_word' id='word_1_492' title='bbox 718 3773 785 3832; x_wconf 74' lang='lat' dir='ltr'>qunti</span> <span class='ocrx_word' id='word_1_493' title='bbox 796 3772 928 3831; x_wconf 71' lang='lat' dir='ltr'>perlectum,</span> <span class='ocrx_word' id='word_1_494' title='bbox 942 3772 1078 3831; x_wconf 70' lang='lat' dir='ltr'>Septiciana,</span> <span class='ocrx_word' id='word_1_495' title='bbox 1090 3768 1237 3831; x_wconf 76' lang='lat' dir='ltr'>refers—-</span> 
     </span>
     <span class='ocr_line' id='line_1_51' title="bbox 65 3831 1238 3900; baseline 0.002 -18"><span class='ocrx_word' id='word_1_496' title='bbox 65 3841 115 3889; x_wconf 69' lang='lat' dir='ltr'>nod</span> <span class='ocrx_word' id='word_1_497' title='bbox 141 3834 383 3900; x_wconf 67' lang='lat' dir='ltr'>birgilum-Batavi,</span> <span class='ocrx_word' id='word_1_498' title='bbox 405 3836 434 3883; x_wconf 86' lang='lat' dir='ltr'>P.</span> <span class='ocrx_word' id='word_1_499' title='bbox 460 3837 562 3882; x_wconf 83' lang='lat' dir='ltr'>Terentii</span> <span class='ocrx_word' id='word_1_500' title='bbox 585 3831 638 3894; x_wconf 75' lang='lat' dir='ltr'>Afri</span> <span class='ocrx_word' id='word_1_501' title='bbox 670 3836 729 3882; x_wconf 79' lang='lat' dir='ltr'>inde</span> <span class='ocrx_word' id='word_1_502' title='bbox 755 3832 858 3894; x_wconf 80' lang='lat' dir='ltr'>prosectu</span> <span class='ocrx_word' id='word_1_503' title='bbox 879 3838 1023 3897; x_wconf 80' lang='lat' dir='ltr'>antiquorum</span> <span class='ocrx_word' id='word_1_504' title='bbox 1045 3838 1188 3891; x_wconf 76' lang='lat' dir='ltr'>consuetudo,</span> <span class='ocrx_word' id='word_1_505' title='bbox 1211 3844 1238 3884; x_wconf 83' lang='lat' dir='ltr'>ut</span> 
     </span>
     <span class='ocr_line' id='line_1_52' title="bbox 68 3896 1237 3963; baseline -0.004 -11"><span class='ocrx_word' id='word_1_506' title='bbox 68 3906 182 3952; x_wconf 62' lang='lat' dir='ltr'>&amp;emta</span> <span class='ocrx_word' id='word_1_507' title='bbox 194 3904 306 3949; x_wconf 72' lang='lat' dir='ltr'>Puornso</span> <span class='ocrx_word' id='word_1_508' title='bbox 319 3902 429 3960; x_wconf 82' lang='lat' dir='ltr'>Cniiiopio</span> <span class='ocrx_word' id='word_1_509' title='bbox 439 3900 638 3947; x_wconf 80' lang='lat' dir='ltr'>ionoScltoiostieo</span> <span class='ocrx_word' id='word_1_510' title='bbox 671 3900 778 3959; x_wconf 79' lang='lat' dir='ltr'>completo</span> <span class='ocrx_word' id='word_1_511' title='bbox 788 3900 848 3945; x_wconf 77' lang='lat' dir='ltr'>libro</span> <span class='ocrx_word' id='word_1_512' title='bbox 863 3914 936 3945; x_wconf 81' lang='lat' dir='ltr'>vocem</span> <span class='ocrx_word' id='word_1_513' title='bbox 954 3896 1101 3963; x_wconf 83' lang='lat' dir='ltr'>Explicitus,</span> <span class='ocrx_word' id='word_1_514' title='bbox 1118 3902 1171 3947; x_wconf 80' lang='lat' dir='ltr'>dein</span> <span class='ocrx_word' id='word_1_515' title='bbox 1182 3916 1237 3961; x_wconf 85' lang='lat' dir='ltr'>por-</span> 
     </span>
     <span class='ocr_line' id='line_1_53' title="bbox 67 3962 1236 4028; baseline 0.001 -18"><span class='ocrx_word' id='word_1_516' title='bbox 67 3972 158 4028; x_wconf 73' lang='lat' dir='ltr'>eeptictt</span> <span class='ocrx_word' id='word_1_517' title='bbox 173 3965 292 4028; x_wconf 65' lang='lat' dir='ltr'>fiddter.</span> <span class='ocrx_word' id='word_1_518' title='bbox 326 3963 398 4012; x_wconf 81' lang='lat' dir='ltr'>Alius</span> <span class='ocrx_word' id='word_1_519' title='bbox 417 3963 528 4011; x_wconf 85' lang='lat' dir='ltr'>additum</span> <span class='ocrx_word' id='word_1_520' title='bbox 550 3963 636 4010; x_wconf 82' lang='lat' dir='ltr'>habet:</span> <span class='ocrx_word' id='word_1_521' title='bbox 672 3964 794 4010; x_wconf 81' lang='lat' dir='ltr'>terioribus</span> <span class='ocrx_word' id='word_1_522' title='bbox 811 3965 893 4009; x_wconf 80' lang='lat' dir='ltr'>reculis</span> <span class='ocrx_word' id='word_1_523' title='bbox 909 3966 997 4011; x_wconf 77' lang='lat' dir='ltr'>curtius</span> <span class='ocrx_word' id='word_1_524' title='bbox 1014 3962 1124 4027; x_wconf 82' lang='lat' dir='ltr'>Explicit</span> <span class='ocrx_word' id='word_1_525' title='bbox 1138 3963 1236 4025; x_wconf 73' lang='lat' dir='ltr'>subjice·</span> 
     </span>
     <span class='ocr_line' id='line_1_54' title="bbox 69 4024 1236 4093; baseline -0.006 -14"><span class='ocrx_word' id='word_1_526' title='bbox 69 4034 196 4093; x_wconf 81' lang='lat' dir='ltr'>Csliiopiss</span> <span class='ocrx_word' id='word_1_527' title='bbox 212 4031 326 4077; x_wconf 79' lang='lat' dir='ltr'>recensui.</span> <span class='ocrx_word' id='word_1_528' title='bbox 355 4030 382 4075; x_wconf 86' lang='lat' dir='ltr'>P.</span> <span class='ocrx_word' id='word_1_529' title='bbox 403 4030 505 4076; x_wconf 77' lang='lat' dir='ltr'>Terentii</span> <span class='ocrx_word' id='word_1_530' title='bbox 522 4024 578 4088; x_wconf 78' lang='lat' dir='ltr'>Afri</span> <span class='ocrx_word' id='word_1_531' title='bbox 595 4028 638 4075; x_wconf 83' lang='lat' dir='ltr'>Co·</span> <span class='ocrx_word' id='word_1_532' title='bbox 671 4028 1010 4087; x_wconf 81' lang='lat' dir='ltr'>rent,stotimquercriptioneor</span> <span class='ocrx_word' id='word_1_533' title='bbox 1018 4030 1182 4076; x_wconf 67' lang='lat' dir='ltr'>continuarent.</span> <span class='ocrx_word' id='word_1_534' title='bbox 1197 4024 1236 4073; x_wconf 84' lang='lat' dir='ltr'>W.</span> 
     </span>
    </p>

    <p class='ocr_par' dir='ltr' id='par_1_6' title="bbox 832 4104 848 4136">
     <span class='ocr_line' id='line_1_55' title="bbox 832 4104 848 4136; baseline 0 0"><span class='ocrx_word' id='word_1_535' title='bbox 832 4104 848 4136; x_wconf 86' lang='lat' dir='ltr'>n</span> 
     </span>
    </p>
   </div>
   <div class='ocr_carea' id='block_1_6' title="bbox 0 0 1439 4436">
    <p class='ocr_par' dir='ltr' id='par_1_7' title="bbox 0 0 1439 4436">
     <span class='ocr_line' id='line_1_56' title="bbox 0 0 1439 4436; baseline 0 0"><span class='ocrx_word' id='word_1_536' title='bbox 0 0 1439 4436; x_wconf 95' lang='lat' dir='ltr'> </span> 
     </span>
    </p>
   </div>
  </div>
 </body>
</html>
