2834 4759
407 168 471 229 DE
491 165 740 230 THEATRO.
1101 169 1156 230 lrii

47 318 95 357 cun
105 296 253 377 npimlinm
265 298 423 358 dedicaret.
465 296 626 358 Carbssius
645 296 752 357 deinde
768 296 836 359 rela
853 299 967 377 primus
984 299 1014 359 in
1035 298 1152 359 theatro

36 378 136 473 linxisse
148 378 261 439 traditur
274 378 416 439 Lentulus
428 378 578 457 Spinther,
593 378 814 458 Apollinaribus
826 378 922 439 ludis:
935 400 1008 439 mox
1020 378 1075 457 (sit
1088 380 1151 441 Pli-

46 458 201 535 niuslcaessr
219 460 350 528 dictator,
371 472 467 519 totum
486 460 582 519 forum
603 459 769 519 Romanum
790 460 906 520 intexit.
949 460 1030 521 Nero
1047 458 1150 521 Cesar

45 539 104 607 ralis,
123 540 279 599 radentibus
304 540 493 619 superstratis
515 553 546 600 et
569 538 668 599 colore
687 538 756 599 coeli
774 538 883 599 stellati
901 541 1150 620 amphitheatrum

43 620 191 690 mansitat
203 620 289 681 solem
297 621 497 681 defenderent.
532 620 596 681 Ima
607 620 713 681 theatri
724 620 809 681 sedes
817 620 865 679 rel
875 622 973 699 potius
982 621 1014 681 id
1021 622 1150 701 spatium

41 700 99 775 quod
116 703 148 761 ab
166 702 220 760 ima
241 702 309 761 sede
333 702 439 761 theatri
463 701 654 779 interjacebat
677 700 801 781 pulpito,
821 702 967 761 orchestra
986 703 1149 774 dicebatur,

41 782 99 854 qussi
111 782 275 853 saltatorum,
288 782 369 859 quod
382 783 441 843 illic
455 782 534 860 apud
552 782 675 843 Graecos
689 796 720 841 et
733 782 813 860 apud
825 782 946 843 latiuos
959 784 1149 861 antiquiores,

40 859 143 921 sduntes
160 862 309 923 histriones
329 864 441 943 populo
453 863 678 923 oblectationem
691 862 840 933 afferrent,
855 865 967 923 interea
979 864 1050 929 dum
1064 878 1149 927 actus

40 958 254 1003 commutarentur.
296 943 332 1003 ln
352 965 417 1003 earn
437 946 524 1003 etiam
545 942 704 1022 thymelici,
726 944 782 1003 hoc
801 956 857 1012 est,
872 944 1040 1016 citharistis,
1054 946 1147 1006 citha·

41 1022 100 1091 redi,
110 1024 228 1085 tibicines
242 1044 311 1084 suas
321 1028 499 1102 praestabant
509 1026 638 1085 actiones
652 1024 724 1103 ipsis
737 1023 860 1095 Grecis,
873 1039 962 1103 atque
977 1026 1008 1083 id
1019 1028 1149 1104 spatium

41 1104 261 1179 comprehendebat
280 1104 361 1183 apud
384 1106 527 1183 antiquos,
555 1105 636 1184 quod
658 1126 714 1165 ceu
740 1118 875 1165 centrum
896 1106 1002 1165 theatri
1023 1109 1061 1167 ab
1088 1107 1149 1169 imo

40 1183 144 1256 graduad
155 1185 295 1264 pulpitum
309 1206 402 1263 usque
416 1206 643 1246 scenaevacuum
653 1185 882 1264 relinquebatur.
917 1187 954 1246 ln
968 1187 1150 1248 theatrorum

40 1263 157 1324 nchatris
169 1266 276 1345 (inquit
297 1266 424 1343 Plinius)
437 1271 525 1326 scobe
538 1280 590 1327 aut
603 1288 693 1325 arena
712 1266 880 1345 supeq'ccta
899 1288 959 1327 vox
979 1268 1149 1339 devoratur,

41 1356 61 1398 st
74 1344 95 1402 in
110 1347 166 1405 rudi
183 1348 329 1426 parietum
344 1347 553 1425 circumjectu:
575 1360 755 1427 quapropter
775 1348 913 1407 existimo
933 1350 1027 1427 probe
1046 1368 1151 1410 emun-

43 1420 110 1483 irtun
130 1428 221 1496 fuisse,
249 1430 276 1487 si
301 1428 417 1505 quando
441 1428 572 1507 pugilum
596 1427 674 1487 ludis
697 1448 786 1487 arena
806 1448 965 1507 conspersa
988 1428 1149 1489 videretur.

43 1500 163 1567 lutariae
175 1523 271 1569 autem
285 1510 366 1587 apud
387 1510 536 1569 Romanos
554 1509 705 1569 orchestra
725 1510 910 1569 senatoribus
923 1509 1020 1569 dicata
1038 1510 1105 1581 fuit,
1119 1511 1152 1571 in

45 1602 82 1657 qur
94 1586 360 1649 bnonficentiorurn
380 1604 464 1649 erant
485 1588 550 1650 loca
568 1590 730 1667 designata,
751 1602 873 1668 propter
892 1590 1149 1651 commoditatem:

44 1665 127 1738 stude,
137 1690 190 1729 non
204 1670 304 1731 solum
317 1673 407 1729 rerba
421 1684 451 1729 et
470 1684 581 1749 gestus,
596 1670 750 1729 sedetiam
769 1670 878 1747 pedum
891 1670 1044 1741 motiones,
1057 1684 1089 1729 et
1102 1671 1150 1729 vel

43 1744 121 1807 mlius
132 1771 248 1829 quaeque
263 1754 488 1829 conspicerent:
509 1751 662 1828 proximus
676 1752 755 1811 enim
768 1751 817 1810 hic
829 1750 939 1830 gradus
952 1765 1016 1811 erat
1032 1751 1151 1831 pulpito

41 1842 113 1897 toeue.
123 1830 155 1889 de
168 1832 249 1912 cujus
263 1832 477 1911 compositione
490 1852 561 1892 mox
574 1831 731 1891 dicendum
744 1845 799 1891 est.

196 1960 329 2025 Positio
344 1968 377 2025 et
391 1960 587 2024 constructio
603 1960 717 2046 Scenae
732 1960 767 2023 in
787 1958 939 2024 Theatra.

65 2058 123 2119 inte
140 2062 293 2133 theatrum,
309 2084 363 2122 ceu
383 2064 463 2122 frons
477 2063 613 2140 quaedam
633 2063 735 2140 ipsius,
750 2082 838 2122 scena
849 2064 986 2142 opposita
1006 2063 1071 2133 fuit,
1092 2083 1149 2142 pro

39 2156 59 2193 re
72 2154 123 2199 nata
139 2158 165 2201 et
181 2144 296 2223 menda
311 2144 457 2203 comoedia
476 2156 528 2203 aut
550 2144 694 2222 tragoedia
714 2156 884 2202 exstructa:
906 2164 965 2203 uno
985 2157 1036 2203 aut
1055 2143 1150 2203 altero

40 2231 118 2279 uatum
129 2222 171 2285 die
184 2226 248 2285 usui
264 2226 384 2283 futura:
406 2226 462 2283 nisi
476 2225 600 2284 fortasse
616 2224 730 2303 ligneus
744 2237 903 2301 apparatus
918 2226 948 2283 in
961 2223 1074 2302 aliquot
1086 2223 1152 2283 dies

39 2301 183 2371 unimam.
223 2306 303 2365 Nam
329 2305 367 2363 de
396 2306 490 2363 scenis
516 2306 685 2373 sumtuosis,
712 2318 743 2363 et
773 2317 883 2383 praetar
909 2303 1152 2365 consuetudinem

39 2395 98 2455 upra
118 2385 228 2445 modum
253 2386 474 2447 luxuriantibus
497 2386 546 2444 hic
570 2406 629 2444 non
654 2384 853 2463 intelligimus.
895 2385 931 2443 In
952 2386 1030 2444 hunc
1051 2397 1151 2445 autem

40 2462 125 2523 modurn
147 2467 287 2545 disposita
315 2479 388 2535 erat,
415 2480 556 2543 quantum
584 2486 639 2544 ego
674 2465 843 2544 conjectura
867 2466 982 2543 assequi
1017 2485 1151 2543 possum.

38 2537 100 2599 fresa
121 2546 189 2605 binis
212 2548 407 2626 pluribusque
430 2547 697 2625 contignationibus
721 2560 773 2606 aut
799 2545 1097 2617 contabulationibus,
1124 2547 1151 2607 si

36 2624 107 2691 aava
125 2642 269 2688 exstructa
294 2628 371 2686 fuit:
402 2628 480 2687 circa
501 2648 574 2705 quas
598 2626 715 2706 singula
737 2628 915 2697 ambulacra,
939 2641 990 2687 aut
1017 2628 1151 2705 porticus

37 2700 141 2765 munais
153 2708 284 2785 pluribus
299 2707 445 2769 distinctae
459 2708 643 2767 videbantur.
683 2708 784 2785 Atque
797 2728 833 2767 ea
845 2708 927 2767 frons
940 2726 1035 2768 scenae
1048 2707 1150 2786 appel-

37 2776 75 2839 Νι
95 2785 148 2846 fuit.
187 2789 220 2847 ln
247 2789 408 2868 cujuslibet
432 2790 657 2867 contignationis
680 2788 872 2866 frontispicio,
897 2789 976 2865 quod
1004 2788 1150 2849 theatrum

37 2865 178 2939 respiciebat,
193 2884 291 2949 portae
313 2870 544 2949 ingeniosissime
558 2870 685 2948 depictae
706 2882 738 2928 et
756 2869 855 2927 exitus
876 2870 949 2927 varii
969 2870 1097 2939 fuerunt,
1118 2870 1150 2931 in

37 2944 110 3013 quihus
127 2952 285 3025 presertim
308 2951 492 3029 superiorum
513 2950 773 3028 contignationem,
795 2950 885 3019 mimi,
906 2950 1105 3020 mirmillones,
1118 2964 1151 3009 et

36 3028 106 3084 meri
125 3029 191 3089 ludii
218 3032 318 3091 varios
340 3046 441 3109 gestus
463 3052 497 3090 ac
524 3030 761 3109 gesticulationes
784 3030 921 3101 edebant,
945 3030 1022 3090 unde
1045 3032 1150 3091 scenici

35 3107 204 3190 popriedicti.
249 3112 360 3171 Chorus
380 3114 478 3181 etiam,
498 3132 565 3171 mes
584 3112 737 3178 sententia,
758 3111 788 3169 in
809 3110 845 3169 iis
865 3112 1064 3189 superioribus
1078 3132 1150 3171 cou-

36 3188 203 3259 transitus
223 3193 418 3261 referebatur,
439 3192 509 3251 dum
524 3204 679 3270 agerentur
700 3191 863 3270 tragoediae,
881 3192 937 3251 nisi
959 3194 1060 3263 mavis,
1082 3206 1151 3271 post

35 3280 119 3327 ¹ttttern
137 3272 162 3329 in
180 3271 246 3333 loco
263 3273 413 3333 destinato
434 3274 523 3332 fuisse
545 3274 666 3332 chorum
680 3286 712 3331 et
728 3286 862 3331 cantores
883 3293 918 3331 ac
938 3273 1081 3343 tibicines,
1097 3274 1150 3351 qui

35 3337 91 3436 ¹⁰9¹!
101 3349 192 3423 odeum
207 3367 242 3413 ut
260 3367 345 3433 puto,
360 3356 399 3414 ob
421 3354 451 3412 id
465 3355 624 3413 vocabatur
638 3374 656 3412 a
670 3354 813 3413 cantibus.
855 3352 915 3412 Sed
935 3353 965 3411 in
980 3353 1016 3411 iis
1029 3374 1149 3431 quoque

34 3418 84 3484 leta
99 3430 195 3492 fiebant
207 3448 238 3493 et
257 3435 434 3495 nebularum
456 3434 563 3506 icones,
578 3447 609 3493 et
622 3434 743 3493 deorum
765 3433 931 3503 descensus,
946 3447 977 3493 et
988 3448 1096 3493 caetera
1116 3434 1149 3493 id

35 3512 153 3577 sumat
169 3534 291 3593 magnas
309 3528 340 3573 et
360 3528 524 3574 sumtuosas
538 3514 698 3575 comoedias
712 3526 790 3593 apta.
833 3515 980 3573 Existimo
1000 3514 1149 3575 tamenin

35 3578 251 3655 hmilicomcedia
265 3617 325 3655 non
340 3596 431 3655 fuisse
446 3608 557 3655 tanturn
568 3608 750 3674 apparatum.
786 3594 851 3654 Ima
864 3615 958 3655 scenae
968 3596 1147 3673 contignatio

36 3670 236 3735 troninenciorcc
253 3679 395 3736 exerebat
416 3676 575 3745 columnas,
590 3676 682 3735 veluti
703 3676 834 3754 porticus
855 3677 996 3753 quasdam
1018 3675 1148 3745 latiores,

36 3746 71 3837 Sub
81 3753 170 3825 quibus
183 3757 292 3817 casulae
306 3770 337 3817 et
350 3758 459 3817 rustica
472 3756 618 3817 domicilia
631 3758 660 3816 in
675 3758 760 3816 novis
774 3756 935 3827 comoetliis,
949 3756 1036 3816 variis
1050 3778 1148 3815 scente

36 3818 83 3909 ltus
94 3848 245 3897 constructa
259 3852 353 3909 erant,
368 3840 455 3897 urbes
468 3858 594 3915 quoque,
608 3852 639 3896 et
658 3837 724 3897 loca
736 3837 932 3897 remotissima
944 3838 1147 3897 referebantur

36 3920 55 3959 ¹⁰
64 3915 207 3989 taediis:
228 3920 366 3997 equibus
380 3918 535 3996 prodibant
548 3933 671 3987 actores,
683 3932 714 3977 et
725 3917 796 3976 illuc
806 3937 924 3995 quoque
935 3938 966 3976 se
980 3916 1148 3977 referebant

36 3984 172 4071 idumpru.
211 3998 248 4058 ln
262 3999 366 4058 eadem
379 4018 474 4059 scenae
489 4012 571 4076 parte
582 4000 743 4058 excitatum
753 3998 818 4068 fuit,
830 3997 911 4074 quod
920 3996 1036 4077 podium
1046 3997 1147 4073 appel-

95 4076 185 4151 t(etsi
209 4079 331 4157 podium
353 4080 383 4138 in
406 4079 548 4139 columnis
571 4079 602 4138 id
625 4078 792 4158 significare
813 4077 915 4146 soleat,
939 4076 1021 4154 quod
1042 4093 1149 4137 vocant

37 4157 131 4233 ΡΜ)
144 4158 217 4219 circa
230 4160 370 4221 secundae
385 4162 513 4239 porticus
527 4161 657 4220 medium
674 4158 869 4238 prominebat,
883 4176 919 4215 ne
933 4167 1052 4215 noceret
1067 4169 1149 4215 acto-

38 4226 102 4291 abur,
135 4234 222 4299 Breve
237 4261 357 4319 qnoque
377 4242 442 4311 fuit,
456 4254 486 4299 et
506 4262 668 4319 paucorum
683 4258 788 4317 capax,
810 4236 897 4309 idque
919 4237 980 4294 fere
992 4232 1150 4324 ridebatur

38 4306 210 4395 r3³l0¹102quod
228 4322 258 4381 in
271 4322 406 4382 aedificiis
426 4320 619 4381 nobilioribus
632 4321 713 4381 circa
732 4316 890 4377 secundam
911 4330 1058 4393 precipue
1079 4331 1154 4373 con-

39 4394 186 4461 turanum
203 4402 369 4479 prominere
389 4402 574 4467 videmussd
596 4402 751 4467 fenestras,
767 4411 917 4473 perronem
932 4390 1041 4466 vulgus
1055 4404 1157 4461 vocat,

569 4502 578 4540 ι
