2834 4759
38 142 163 189 wana
180 124 242 211 ua]
500 124 772 198 ΡΗΟΒΜῙΟ.

87 258 143 325 Et
155 262 190 327 id
204 262 415 348 impetrabisr'
433 262 512 328 dixi.
551 264 618 329 Dr.
635 265 700 334 Dio
712 287 809 345 nunc,
825 264 946 351 Hegio.

86 356 164 430 Hs.
181 358 257 445 Ego
272 360 386 425 sedulo
399 360 487 427 hunc
502 361 623 427 dixisse
638 364 756 429 credor
778 386 891 431 verum
904 367 950 431 ita
962 376 1026 445 ast,

89 456 188 530 Quot
202 458 359 537 homines,
376 470 425 525 tot
440 462 625 525 sententias:
649 484 728 527 suus
743 463 859 547 cuique
873 486 954 529 mos.

40 567 75 615 15
90 555 180 620 Mihi
195 578 259 621 non
273 558 413 635 videtur,
428 559 516 644 quod
532 560 573 623 sit
587 558 708 625 factum
724 560 862 645 iegibus,

89 654 253 720 Rescindi
269 678 382 740 posse:
406 668 439 720 et
454 667 550 741 turpe
565 658 695 743 inceptu
710 671 772 723 est.
812 659 881 725 Da.
897 660 973 739 Dic,
990 659 1094 727 Crito.

44 788 52 797 ·
89 752 170 817 Car.
188 754 263 839 Ego
277 754 414 839 amplius
428 754 673 821 deliberandum
688 780 827 823 censeor

89 850 165 915 Res
176 874 291 937 magna
302 863 363 917 est.
398 852 466 917 ΗΕ.
481 854 571 919 Num
585 856 662 941 quid
675 879 734 921 nos
745 857 815 922 visi
851 857 919 923 Da.
934 855 1070 924 Fecistis
1081 860 1201 944 probe:

89 949 251 1016 Incertior
264 973 334 1015 sum
349 951 460 1029 multo,
475 952 721 1037 quamdudum.
754 956 826 1021 Gn.
843 955 977 1041 Negant

40 1060 76 1106 20
90 1048 246 1113 Redisse.
285 1049 353 1114 Da.
370 1048 485 1115 Frater
500 1062 551 1115 est
564 1055 806 1138 exspectandus
820 1054 918 1119 mihi:

87 1147 126 1212 ls
142 1150 230 1232 quod
243 1150 322 1214 mihi
336 1150 463 1216 dederit
477 1153 518 1218 de
533 1152 595 1219 hac
609 1174 644 1217 re
659 1152 837 1229 consilium,
850 1153 885 1219 id
900 1175 1029 1239 sequar.

89 1246 323 1315 Percontatum
337 1252 393 1315 ibo
407 1250 450 1315 ad
464 1262 606 1336 portum,
621 1252 731 1336 quoad
746 1272 782 1315 se
795 1253 941 1337 recipiat.

89 1344 160 1410 Gs.
178 1348 225 1412 At
239 1370 300 1433 ego
315 1347 537 1434 Antiphonem
552 1372 713 1435 quaeram5
735 1362 774 1413 ut
784 1372 858 1434 quae
868 1361 943 1415 acta
955 1350 1009 1415 hic
1022 1352 1097 1430 siut,
1108 1351 1199 1418 sciat.

87 1443 159 1509 Sed
174 1467 285 1511 eccum
299 1448 404 1531 ipsum
419 1448 514 1513 video
528 1448 562 1513 in
577 1460 723 1534 tempore
738 1448 803 1513 huc
818 1471 853 1513 se
868 1450 1026 1535 recipere.

174 1711 364 1786 ACTUS
398 1710 607 1785 TERTII
645 1711 838 1798 SCENA
870 1714 1071 1789 PRIMA.

467 1902 637 1951 ANTIPHO·
669 1900 777 1951 GETA.

88 2026 291 2101 Enimvero,
315 2024 474 2109 Antipho,
497 2025 692 2091 multimodis
719 2046 794 2091 cum
816 2026 899 2093 istoc
923 2028 1030 2093 animo
1052 2050 1089 2095 es
1114 2031 1200 2095 vitu·

152 2123 336 2209 peraridus:

88 2220 181 2287 ltane
196 2221 271 2287 hinc
285 2222 403 2299 abisse,
419 2233 452 2285 et
467 2221 564 2287 vitam
579 2230 667 2285 tuam
682 2221 851 2287 tutandam
865 2221 935 2288 aliis
949 2223 1103 2291 dedisset

44 2374 110 2423 Pith.
130 2390 218 2437 mas
233 2390 261 2423 ar
282 2376 361 2423 oman
376 2381 417 2422 sat.
440 2374 605 2437 L.-Repone
637 2375 715 2431 multo,
726 2389 794 2435 quom
805 2372 903 2435 Mass]
922 2372 995 2423 Dicta
1010 2374 1106 2425 ratione
1117 2376 1198 2431 incer-

43 2456 130 2502 aeqsoss
152 2456 200 2488 aras
222 2456 250 2487 ac
273 2441 359 2487 traaas.
394 2438 458 2487 Nom
475 2454 504 2487 oc
520 2450 557 2487 est
578 2438 604 2486 in
637 2436 724 2488 tiorem
741 2453 767 2485 se
785 2436 874 2487 factum
890 2437 963 2495 dicim
985 2439 1105 2503 siquidem
1121 2442 1199 2494 suasit

44 2504 148 2560 nostrin
166 2514 191 2552 et
201 2520 248 2552 sese
265 2503 491 2567 regiturans'detur.
504 2514 532 2551 ut
548 2518 605 2552 mox
637 2516 707 2559 unus,
720 2501 835 2551 dissuasit
851 2502 920 2562 alter,
931 2515 1016 2553 coatia
1033 2506 1120 2555 tertius
1135 2506 1200 2566 nihii

44 2584 106 2617 vera.
122 2570 158 2617 111
174 2584 246 2630 possa
267 2569 296 2617 Β.
636 2565 707 2615 dixit.
732 2566 761 2614 Ε.

79 2636 115 2681 12
129 2636 162 2682 Et
177 2636 203 2681 id
218 2631 365 2696 impetrabis]
383 2632 534 2697 Apossibiii.
569 2632 604 2681 Et
668 2632 706 2679 21.
721 2632 769 2679 Pro
779 2648 879 2694 mom
895 2648 960 2681 unus
972 2634 1087 2683 enutris
1097 2652 1197 2699 sequor:

44 2698 151 2747 breviter
172 2696 336 2747 deliberativas
359 2710 408 2747 tres
430 2698 496 2747 iocos
514 2697 602 2761 tetigit,
635 2704 707 2758 atque
724 2696 789 2745 idem
805 2696 871 2745 hunc
881 2697 992 2747 ordinem
1009 2700 1139 2749 verborum
1154 2701 1195 2749 in·

40 2766 143 2825 justum
155 2763 223 2819 utile,
234 2774 260 2811 et
270 2762 393 2826 possibile.
416 2764 447 2811 1).
634 2760 709 2817 ducit,
722 2763 747 2807 Is
756 2764 817 2823 qaod
826 2764 883 2809 niiss'
890 2764 918 2809 ds
930 2766 973 2811 inc
982 2780 1008 2812 rs
1017 2767 1108 2813 dederit
1118 2782 1137 2813 c.
1150 2769 1166 2813 i.
1176 2782 1197 2815 s.

78 2830 114 2876 ta.
128 2825 521 2891 Bgoasdsiolsaacdicissrcredc]
535 2826 602 2875 Arti-
635 2825 699 2889 quod
709 2825 796 2889 placet.
823 2826 860 2874 Ci
874 2826 991 2876 1111111.
1005 2830 1027 2877 6.
1040 2831 1079 2877 54.
1103 2830 1130 2877 Β

44 2892 127 2941 ticiose
138 2906 266 2957 personam
277 2892 393 2949 defendis,
405 2892 552 2941 seutentiam
563 2906 602 2939 rr·
668 2892 707 2937 22.
718 2890 943 2954 Quosdserecs'ps'st]
952 2892 1056 2948 Quaado
1063 2894 1152 2943 redeat.
1165 2895 1199 2947 E.

44 2958 224 3021 prehensurus:
242 2970 273 3005 ne
289 2956 311 3006 si
326 2956 441 3007 inimicus
456 2956 495 3015 sit,
513 2956 604 3005 adimat
667 2956 707 3002 23.
721 2956 770 3003 Pro
779 2964 840 3013 sant,
853 2956 966 3005 meliores
981 2958 1069 3007 Fsemi
1082 2969 1108 3007 et
1118 2957 1197 3009 nostri

44 3022 210 3071 auctoritatem
233 3022 361 3071 sententiae
383 3038 439 3071 sum
471 3024 552 3069 Vsu-ans
568 3025 605 3070 itu
634 3018 698 3077 libri,
710 3023 764 3068 sint.
788 3020 817 3067 Β.
1110 3080 1114 3085 ‚

44 3086 91 3151 stt]
101 3086 231 3149 Subiunxit
237 3087 316 3135 locum
324 3085 469 3149 drospicsns
476 3085 601 3135 oratoriar
668 3087 705 3132 24.
721 3087 748 3131 12
757 3093 854 3145 tenpm
864 3088 908 3135 isc
918 3103 943 3135 ss
951 3085 1063 3151 recipere]
1071 3086 1197 3151 rosum.

45 3151 180 3201 utintidias
190 3151 384 3201 contradicturus
395 3162 540 3199 oecumeret.
569 3152 600 3199 1).
635 3148 771 3206 Sallustius.
781 3150 1197 3216 liiarinequsferom'aregisdlittrs'-¹

79 3218 113 3265 14.
128 3220 187 3270 Quot
203 3220 307 3274 hmines,
320 3223 352 3265 tot
363 3214 494 3278 antenus]
515 3216 600 3263 Horat.
633 3216 834 3275 dntisintsnpm
847 3217 960 3264 uastari.
985 3216 1017 3265 D.

43 3281 84 3330 lib.
102 3282 127 3330 ii
148 3282 198 3331 Sat.
217 3282 233 3329 i.
255 3282 293 3332 27.
321 3282 380 3332 Quot
399 3285 499 3342 capitam
516 3284 601 3337 cicant,
670 3280 689 3326 1.
703 3281 829 3335 Enimvero,
843 3283 951 3342 Antipho,
963 3286 1041 3331 uultu
1059 3285 1130 3331 nodis
1146 3300 1198 3332 cass

44 3350 134 3395 totidem
149 3350 274 3395 stadiorum
290 3348 370 3393 millia.
404 3346 495 3395 Arnob.
508 3346 601 3393 advers.
634 3346 691 3392 istoc
706 3342 793 3407 animo]
813 3347 941 3395 cnutone
957 3350 1047 3396 asino.-
1065 3364 1116 3412 pro,
1128 3348 1198 3409 cuju

44 3422 108 3475 gent.
126 3410 167 3460 lib.
182 3410 206 3461 11.
235 3410 294 3465 Quos
311 3415 336 3457 in
353 3412 406 3459 orbs
423 3418 476 3460 sust
495 3413 600 3468 iamt,
632 3411 711 3457 asini.
733 3409 1195 3473 Enniuaonnio(0ptimol.i1auter·

45 3484 97 3525 sant
107 3480 222 3525 antestio
234 3478 333 3524 totidem.
361 3476 390 3523 L.
633 3474 691 3535 que)
704 3490 753 3521 ran
763 3476 866 3534 pulchris
876 3480 958 3524 anissis
970 3475 1198 3539 Romssjasentns,

79 3543 114 3589 15.
126 3543 187 3589 Mitt
197 3558 240 3589 san
251 3538 386 3602 oidstsr]ii
400 3538 516 3603 possibili.
537 3540 602 3591 Quod
634 3538 829 3593 D.—-Eaiiavero‚
842 3543 951 3601 Anapias,
962 3545 1041 3589 struis
1057 3544 1130 3589 modia
1145 3560 1196 3591 ran

44 3609 76 3655 sit
84 3604 173 3667 factast
185 3604 286 3669 iegibus]
306 3605 354 3653 Hic
372 3604 420 3655 aiio
435 3603 519 3652 ordina
535 3603 601 3653 locos
633 3606 689 3651 istoc
708 3608 784 3651 anino
799 3608 963 3665 vituperandus
978 3604 1015 3668 es]
1040 3606 1102 3654 Haec
1121 3622 1196 3655 scena

45 3669 388 3785 maiiiiiimim
403 3668 598 3733 'M'ffi'w
631 3668 1197 3795 iiiimrttffitttitttrfi‘itt'

79 3800 113 3849 16.
132 3802 164 3849 111
181 3808 247 3862 turpe
261 3769 352 3860 incepta
368 3797 414 3861 est]
434 3798 473 3847 Ab
489 3798 598 3847 honesto.
632 3807 656 3845 et
674 3798 759 3845 irritus
776 3798 811 3859 (et
832 3767 958 3847 d’uerueas
981 3798 1023 3860 Ζ.)
1045 3814 1098 3847 eam
1122 3771 1199 3862 quani

45 3864 178 3915 Utilitatem
190 3875 270 3913 autem
283 3863 439 3928 pretermisit
455 3878 499 3927 per
513 3873 599 3922 artem,
631 3861 755 3925 diligebat,
768 3877 847 3923 neque
858 3862 881 3910 ei
892 3878 921 3910 ac
933 3862 979 3911 sibi
991 3862 1100 3912 attulerit
1111 3873 1194 3926 patto·

44 3945 102 3992 qia,
113 3928 154 3979 ubi
164 3944 214 3979 uon
231 3940 313 3993 potest
324 3928 384 3986 fieri,
397 3929 486 3977 frustra
503 3938 597 3991 spacta-
630 3926 731 3975 ciuium.
756 3926 869 3975 E.-Pso
879 3930 958 3977 mauis
967 3932 1038 3977 nodis
1046 3942 1131 3976 versus
1140 3928 1195 3976 exi·

44 4004 88 4043 tur.
114 3994 228 4043 D.-Pro
244 3998 335 4055 inceptu
351 3992 433 4057 piures
449 3992 505 4041 libri
521 3996 598 4054 iusp-
630 3990 667 4055 git
689 3994 839 4046 multinodas
862 3991 927 4053 quod
948 3991 1029 4057 ipsum
1049 3990 1106 4041 limi
1128 4008 1197 4057 prm,

44 4068 95 4107 tam
119 4058 337 4122 Utrumvisprobe.
363 4058 390 4105 Β.
631 4056 761 4105 stratiotes
772 4056 896 4104 exhibent.
925 4057 954 4105 Β.

78 4126 111 4173 l&
130 4126 176 4173 aa
192 4140 276 4186 mna
294 4122 343 4186 cst]
364 4123 444 4173 Causa
465 4121 599 4187 ampliandi
664 4122 766 4169 aluno
781 4123 927 4179 discedisse,
938 4130 962 4170 st
973 4124 1042 4171 aas·
1059 4120 1135 4185 tum]
1152 4121 1195 4173 'Es

44 4188 191 4239 seutentiam.
215 4188 246 4239 Ι).
630 4183 764 4247 isospices:
781 4184 927 4243 utAEuxi.
941 4188 1196 4247 270.1naidissstos,

77 4256 111 4303 lii.
129 4256 240 4304 Isosrtior
258 4268 308 4301 assa
324 4255 394 4303 nouo
410 4264 478 4315 prosa
498 4248 596 4314 dadam]
625 4254 714 4312 patriis
724 4258 751 4298 at
761 4252 865 4298 redditas
876 4254 931 4309 oris.
944 4250 1080 4315 conjugium
1091 4261 1194 4315 aptoton

45 4318 82 4369 Βκ
93 4318 243 4369 trime-'uu
255 4333 318 4367 unus
328 4317 412 4376 sumit,
424 4316 486 4367 aiter
502 4316 596 4373 dissue
627 4324 652 4364 st
660 4317 779 4377 paleam
792 4317 1033 4378 stammana?
1051 4314 1191 4374 EtSsms'

45 4382 81 4444 sit,
92 4382 176 4435 tertius
186 4382 249 4435 nihii
259 4382 332 4435 dixit.
359 4383 538 4436 u-rmrmr
547 4396 597 4433 assi
621 4378 733 4444 sartam
742 4396 805 4431 m
814 4382 1042 4448 mnisisaesatili?
1062 4380 1191 4433 1).-Lec-
