2834 4759
238 193 301 255 lxiv
498 192 562 253 DE
583 192 765 254 Murrus
785 190 1127 254 TERENTIANIS.

449 320 500 375 Per
512 328 539 376 et
551 320 648 377 Dienre
661 319 669 392 Ι
683 336 740 375 non
751 319 886 376 movenda
897 320 1019 385 numina,

449 390 501 445 Per
512 401 593 463 atque
604 391 688 446 libros
703 390 709 463 Ι
724 392 875 447 carminum
885 391 1033 447 sueonum

449 459 543 516 Refixu
554 462 622 517 coelo
636 460 643 534 Ι
658 461 788 517 dcvooero
800 462 894 517 sidera.

240 549 328 609 Hanc
348 571 470 610 caesurae
492 551 592 611 sedem
614 550 786 630 plerumque
807 551 837 610 iu
859 550 997 613 trimetris
1014 562 1134 609 servant
1151 558 1251 627 poetae
1268 545 1387 605 comici:

239 646 272 691 nt
287 644 403 702 nomn
449 724 493 778 Ne
505 724 549 780 cui
561 725 596 779 sit
606 734 728 780 vestmm
742 725 748 798 Ι
762 724 872 791 mirum,
886 743 935 781 cur
946 724 1035 796 partes
1046 724 1105 779 seni

449 794 533 850 Poe'ta
545 794 647 850 dederit
662 794 667 868 Ι
683 796 752 868 quae
763 805 827 851 sunt
838 796 1064 851 adolescentium:

392 874 396 885 ·
449 864 482 919 ld
494 864 612 936 primurn
624 866 712 921 dicam
726 866 733 939 Ι
748 865 844 921 deinde
855 866 930 940 quod
940 867 1004 922 veni
1015 865 1133 938 eloquar.

240 954 280 1014 Et
295 954 396 1013 itidem
411 952 526 1013 Graeci:
687 990 693 999 ,

441 1048 473 1093 Οι
486 1040 536 1112 γάρ
549 1043 690 1105 βλεποντες
708 1033 714 1116 Ι
730 1041 785 1117 spis
797 1043 909 1114 τνφλοις
921 1040 1060 1115 walperto,

442 1122 524 1177 ovete
536 1121 559 1175 δ’
573 1121 707 1177 molendo
725 1116 730 1197 Ι
748 1118 811 1193 ccipe
823 1124 1018 1195 προσβιάζεται.

241 1212 276 1271 ln
291 1213 422 1272 iambicis
437 1213 648 1291 trochaicisque
663 1215 841 1275 tetrametris
854 1236 967 1274 caesura
978 1215 1153 1294 plerumque
1169 1212 1204 1271 iit
1216 1224 1285 1291 post
1298 1210 1392 1269 ditro-

240 1294 354 1353 chaeum
368 1294 545 1353 secundum:

379 1386 513 1443 Demissis
525 1388 644 1443 humeris
656 1388 715 1444 esse
725 1390 818 1444 vincto
833 1388 840 1461 Ι
853 1388 961 1460 pectore
971 1395 1005 1443 nt
1015 1387 1130 1458 gracilae
1140 1387 1220 1442 sieut.

378 1456 465 1513 Video
478 1468 585 1514 sentum
596 1459 749 1531 squilidum
761 1477 864 1531 aegrum
879 1460 885 1529 Ι
899 1460 996 1531 paonis
1007 1459 1137 1530 maioque
1147 1457 1275 1513 6bsitum.

281 1548 359 1608 lllud
380 1561 477 1607 autem
499 1549 631 1627 inprimis
651 1549 831 1620 notandum
861 1570 929 1609 cum
945 1548 1042 1608 Greci
1061 1548 1194 1626 magistri
1209 1566 1262 1624 per
1275 1551 1395 1605 διποδίω

241 1630 389 1688 trimetros
410 1630 521 1689 iambos
543 1630 680 1689 scandere
698 1630 846 1709 juberent,
868 1650 983 1708 semper
1004 1650 1054 1688 eos
1072 1628 1253 1687 intellexisse
1273 1632 1393 1686 διποδίω

240 1714 376 1785 taposirim
399 1710 472 1769 adeo
486 1724 520 1769 ut
534 1711 575 1769 sic
591 1711 771 1771 divideretur
785 1732 823 1769 ex
837 1731 939 1770 eorum
952 1710 1065 1769 ratione
1079 1707 1258 1768 versiculus:

450 1803 493 1858 Ne
505 1810 547 1858 cut
560 1806 639 1859 sitve
654 1804 662 1876 Ι
676 1814 763 1860 etrum
774 1803 883 1869 mirum,
898 1822 946 1859 cur
976 1803 1046 1858 artes
1058 1803 1117 1858 seui

449 1873 533 1929 Poeta
544 1874 610 1929 dede
625 1873 632 1946 Ι
646 1875 682 1929 rit
691 1875 759 1947 quae
770 1884 834 1930 sunt
845 1822 1071 1929 adolescdntium:

450 1944 482 2000 ld
494 1944 611 2016 primum
624 1945 651 2000 di
666 1943 672 2017 Ι
687 1964 756 2011 cam,
769 1944 866 2000 deinde
878 1945 952 2017 quod
963 1945 1025 1999 veui
1036 1944 1155 2016 eloquar.

443 2040 475 2092 Oi
487 2040 538 2111 γάρ
550 2042 650 2104 fillencis
667 2030 672 2114 Ι
690 2062 733 2096 res
745 2042 799 2096 edas
812 2041 923 2111 τυφλοις
937 2036 1075 2111 ηγοῦμεθα,

442 2122 524 2176 Ουτός
537 2120 560 2175 d’
574 2123 669 2175 ακολου
687 2113 692 2195 Ι
710 2120 750 2175 der
762 2122 825 2191 κάμε
837 2122 1031 2193 προσβιάζεται.

240 2228 292 2287 ubi
314 2226 397 2286 vides
419 2228 542 2306 primam
563 2228 714 2306 dipodiam
737 2228 768 2286 in
790 2228 895 2287 mediis
921 2230 1080 2287 verborum
1103 2226 1224 2306 syllabis
1248 2225 1393 2295 desinere,

241 2322 391 2386 totamque
406 2328 526 2367 caesurae
542 2310 678 2368 virtutem
693 2330 728 2368 ac
739 2312 863 2387 gratiam
878 2309 983 2367 misere
996 2310 1102 2387 perire.
1138 2307 1238 2373 Quare
1256 2328 1312 2385 ego
1329 2308 1396 2385 jam

239 2391 278 2449 ab
292 2390 356 2468 ipsa
369 2389 565 2449 adolescentia
578 2390 607 2448 in
620 2390 755 2449 omnibus
768 2390 899 2449 iambicis
912 2403 1021 2467 praeter
1032 2402 1233 2449 tetrametrum
1244 2387 1395 2447 catalecti-

240 2490 317 2539 cum,
332 2470 368 2529 de
382 2490 441 2547 quo
455 2484 560 2548 postea
574 2470 678 2541 dicam,
691 2470 776 2530 aliam
790 2471 862 2529 mihi
876 2470 1036 2530 scansionis
1049 2470 1192 2530 rationem
1206 2469 1328 2540 institui,
1339 2488 1396 2547 per

241 2556 357 2610 διποδίαν
370 2550 482 2610 scilicet
493 2556 638 2627 τροχαῖκὴν,
652 2553 709 2611 hoc
723 2551 820 2623 modo,

451 2644 490 2699 Po
506 2645 512 2717 Ι
526 2644 569 2700 eta
581 2645 683 2700 dederit
698 2644 703 2719 Ι
720 2645 787 2718 quae
798 2655 863 2701 sunt
874 2645 1100 2701 adolescentium:

240 2734 336 2813 primo
357 2733 503 2812 semipede
525 2736 608 2812 quasi
630 2735 776 2794 subducto
796 2749 826 2794 et
846 2736 955 2806 abciso,
974 2757 1063 2795 versu
1080 2746 1179 2794 autem
1198 2735 1229 2793 in
1242 2734 1397 2812 dactylum

242 2814 289 2881 rel
310 2816 448 2874 creticum
470 2829 606 2874 exeunte.
649 2815 800 2893 Siquidem
816 2816 873 2875 ista
884 2822 987 2876 διποδία
1000 2837 1039 2875 ex
1053 2816 1189 2876 trochaeis
1203 2815 1331 2884 duobus,
1346 2815 1399 2874 vel

240 2916 299 2953 uno
313 2910 342 2954 et
357 2895 487 2973 spondeo
501 2896 562 2955 sire
577 2896 695 2973 epitrito
711 2897 841 2956 secundo
855 2911 1001 2964 constans,
1015 2896 1195 2967 commodare,
1212 2894 1398 2966 comedoni,

241 2990 271 3035 et
291 2996 358 3035 eum
379 2996 499 3035 caesurae
521 2976 617 3035 indole
639 2978 794 3048 convenit3
822 2990 853 3037 et
869 2998 972 3037 verum
990 2979 1095 3038 iambei
1110 2978 1259 3056 rythmum
1272 2978 1399 3035 auribus

241 3056 385 3127 insinuat3
418 3071 449 3115 et
468 3070 573 3135 poctae,
597 3058 668 3116 dum
689 3059 869 3117 versus·hos
893 3060 1061 3129 fabricatur,
1089 3059 1237 3137 praecipue
1263 3070 1400 3116 mentem

241 3150 384 3216 occupat;
407 3150 445 3208 et,
461 3138 540 3215 quod
553 3139 715 3197 maximnm
728 3150 782 3223 est,
802 3140 832 3197 in
850 3140 929 3198 omni
950 3141 1011 3199 ferc
1032 3139 1210 3198 comicorum
1229 3153 1401 3197 metrorum

241 3238 346 3297 genere
365 3218 560 3296 principatum
580 3219 713 3290 obtinet;
742 3240 900 3297 veramque
919 3242 1046 3290 causam,
1066 3241 1118 3279 cur
1132 3220 1161 3278 in
1176 3240 1235 3279 una
1247 3219 1402 3278 comoedia

243 3311 287 3358 tot
302 3318 439 3357 versuum
454 3300 567 3378 species
581 3300 783 3371 adhibeantur,
798 3300 862 3360 sola
874 3301 1067 3361 demonstrat.

441 3426 590 3493 Varietas
604 3428 797 3493 Metrorum.
823 3422 986 3507 'Iambicn
1008 3428 1191 3493 Troclsaicr'.
1264 3498 1267 3505 ,

283 3528 498 3597 Quinctilianus
514 3530 646 3591 institut.
661 3530 746 3590 Orat.
761 3552 792 3591 x.
810 3537 837 3589 1.
858 3532 894 3590 In
907 3530 1042 3590 concordia
1060 3531 1181 3589 maxime
1192 3530 1402 3603 claudicamus,

242 3610 307 3679 licet
317 3610 470 3671 Tannnnn
480 3612 589 3691 scripta
596 3611 636 3670 od
643 3612 802 3691 Scipionem
810 3612 981 3691 Africanum
992 3612 1168 3691 reserantur:
1182 3632 1248 3692 qnoe
1259 3621 1357 3670 tamen
1366 3612 1402 3671 in

241 3692 293 3751 lroc
311 3712 414 3772 genere
427 3702 491 3751 aunt
511 3692 741 3772 elegantissima,=
762 3704 790 3752 et
806 3696 875 3772 plats
885 3692 977 3752 adbuc
991 3692 1124 3753 habitura
1142 3694 1261 3773 gratioe,
1276 3692 1300 3750 si
1315 3693 1403 3753 intra

239 3793 335 3832 omaus
349 3772 489 3832 trimetros
502 3774 650 3833 stetissent.
688 3774 852 3833 Mirificum
873 3793 943 3833 sane
963 3774 1061 3852 magni
1081 3774 1209 3833 rhetoris
1224 3772 1397 3853 judicium!

241 3853 373 3934 Optabat
387 3854 507 3924 scilicet,
519 3867 552 3913 ut
565 3854 672 3914 sabulae
686 3853 881 3925 Terentianae,
891 3874 958 3932 quae
971 3854 1002 3913 in
1014 3854 1110 3933 primo
1124 3854 1267 3933 cujusque
1280 3868 1353 3914 actu
1368 3867 1402 3913 et

241 3954 329 3994 scena
341 3955 360 3993 a
373 3936 511 3994 trimetris
527 3934 709 4006 inchoantur,
724 3935 827 3994 eodem
840 3949 935 3994 metro
949 3956 983 3994 ac
997 3948 1098 3994 tenore
1119 3955 1172 4014 per
1186 3955 1287 3993 omnes
1307 3948 1401 3994 actus

241 4034 400 4092 scenasque
427 4015 672 4076 decucurrissent.
729 4014 872 4075 Crederes
900 4016 1034 4095 profecto
1067 4016 1214 4074 hominem
1240 4036 1403 4094 nunquam

241 4115 356 4155 scenam
370 4096 488 4166 vidisse,
503 4116 649 4173 nunquam
664 4096 831 4157 comoedum
851 4111 950 4175 partes
969 4118 1037 4155 suas
1051 4109 1185 4175 agentem
1203 4098 1402 4175 spectavisse.

242 4175 324 4242 Quid
334 4176 448 4236 voluit?
470 4176 551 4255 quod
563 4197 616 4236 nec
630 4177 795 4237 Menander
809 4198 863 4236 nec
871 4177 949 4237 ullus
961 4177 1136 4237 Graecorum
1145 4177 1224 4247 iecit,
1235 4175 1403 4237 Terentius

239 4270 275 4316 ut
287 4255 419 4316 faceret?
441 4271 475 4317 ut
494 4259 546 4329 ira,
566 4270 671 4330 metus,
687 4258 853 4329 exsultatio,
875 4259 969 4329 dolor,
991 4258 1146 4337 gaudium3
1168 4270 1199 4316 ct
1218 4258 1330 4335 quietae
1349 4280 1404 4318 res

241 4348 272 4397 et
293 4338 428 4408 turbata,
449 4338 552 4399 eodem
572 4352 669 4399 metro
687 4340 765 4399 lente
784 4341 962 4418 agerentur?
991 4352 1025 4397 ut
1044 4339 1154 4399 tibicen
1174 4340 1296 4417 paribus
1318 4341 1404 4400 tonis

240 4432 442 4499 perpetuoque
463 4419 577 4483 caudeo
595 4422 791 4502 spectantium
804 4440 890 4482 aures
903 4420 951 4482 vel
964 4420 1125 4482 delassaret
1136 4420 1192 4491 ¹vul
1205 4418 1403 4482 offenderet?
