2834 4759
317 162 495 226 v1ctron
517 142 850 227 us‘conmom.
1085 164 1161 226 sisu

60 302 197 351 maerent:
216 292 345 371 quodque
365 295 519 373 sapientes,
535 294 625 373 quum
645 296 771 375 tempori
791 294 954 355 cedendum
974 307 1028 367 est,
1043 294 1162 355 efficere

59 372 205 449 solentque
222 389 281 433 erat
299 379 463 447 necessitas,
479 378 509 435 in
528 378 665 436 virtutem
686 378 835 455 egregiam
857 376 1041 436 transtulere.
1083 376 1162 437 Nam

58 466 119 511 anns
136 454 229 513 sabula
251 456 291 515 sic
310 461 434 535 agebant
454 458 616 536 colligatos,
640 472 675 517 ut
694 478 748 537 per
769 458 930 527 intervalla,
954 478 1021 535 quse
1043 458 1162 535 quidem

58 549 118 591 eram
132 537 245 605 minima,
259 537 359 597 saltem
374 558 449 597 unus
464 540 566 597 histrio
580 538 805 615 relinqueretur,
820 551 870 597 aut
886 538 1067 615 frequentius
1081 558 1162 597 com-

57 613 132 690 plures
146 614 250 675 alternis
268 619 341 677 inter
361 639 393 677 se
406 619 557 679 versiculis
577 620 763 678 disserentes.
805 618 940 696 Denique
959 618 1031 678 nibil
1053 620 1162 679 vetusti

57 695 115 753 ebori
134 698 268 775 proprium
292 702 505 759 observabant:
526 700 771 778 quemadmodum
795 700 824 758 in
845 698 1049 779 Aristophanis
1071 698 1163 759 Pluto

55 776 128 834 sabula
139 792 193 835 tute
201 778 375 859 jampridem
390 781 498 839 vidisti.
541 782 577 839 ld
592 781 736 840 Horatius
753 782 792 839 ita
805 781 919 851 cecinit,

395 872 440 925 lex
451 880 491 925 est
504 890 564 926 acce
585 880 625 925 ta:
648 871 802 941 chorusque

255 939 383 1011 Turpiter
395 942 519 1006 obticuit,
533 890 639 997 sublato
647 942 709 1013 jure
722 941 845 997 nocendi

53 1018 124 1080 llimr
141 1036 227 1083 autern
250 1026 334 1103 quasi
357 1041 520 1085 monstrum
543 1027 737 1105 conspicatus,
759 1026 842 1084 illum
865 1024 949 1105 cujus
972 1026 1082 1107 scripta
1105 1028 1163 1087 sub

54 1101 145 1163 boonis
165 1108 275 1165 nomine
299 1108 554 1177 circumferuntur,
576 1106 624 1165 rel
646 1108 669 1165 si
689 1121 734 1166 eat
748 1108 811 1186 ipse
826 1109 915 1175 Acro,
929 1108 1040 1166 dixisse
1054 1108 1084 1166 id
1097 1108 1163 1187 lege

54 1198 138 1241 rantum
150 1190 200 1246 sub
213 1188 362 1265 Augusto.
396 1187 516 1247 Poterat
530 1188 732 1247 mediusfidius
747 1189 933 1267 perspexisse
950 1188 1053 1265 (modo
1073 1188 1164 1248 Plau·

54 1276 96 1321 tun
107 1280 147 1323 sut
159 1266 326 1327 Terentium
340 1268 457 1347 legerit)
468 1290 504 1328 an
517 1283 585 1328 ante
600 1270 768 1347 Augustum
780 1284 853 1328 actae
865 1268 974 1328 sabulee
985 1288 1163 1347 quemquam

53 1346 243 1407 momordissent.
280 1348 310 1407 Ο
325 1368 412 1426 quarn
427 1352 543 1429 egregie
557 1364 674 1409 vetusta
688 1350 782 1419 novis,
796 1349 959 1427 Latineque
974 1349 1089 1409 Groeeis
1105 1372 1163 1411 non

56 1420 178 1497 bicnodo,
199 1450 302 1488 verum
325 1429 424 1488 etalii
446 1431 563 1489 fortuna
586 1430 694 1489 similes
715 1430 921 1489 confuderunt.
962 1428 1082 1509 Quippe
1106 1432 1163 1491 boc

59 1502 141 1565 Athenis
155 1510 306 1569 decretum
323 1511 438 1588 patricii
451 1511 673 1589 promulgavere
691 1511 744 1569 rix
764 1532 841 1570 anno
861 1511 943 1570 urbis
965 1510 1070 1570 Rornae
1090 1531 1163 1588 qua·

59 1581 176 1663 dngtsimo
188 1592 317 1669 septimo
330 1612 419 1669 supra
432 1606 477 1651 ter
490 1606 618 1662 centum,
634 1592 772 1652 videlicet
782 1612 874 1670 quum
891 1592 1002 1651 tribuni
1023 1592 1164 1652 militares

57 1665 139 1743 imperio
151 1673 292 1731 consulari
310 1688 485 1731 crearentur.

81 1744 230 1811 &mediam
253 1754 354 1829 itaque
375 1768 489 1832 tempus
507 1766 539 1812 et
551 1754 682 1821 materia,
698 1754 775 1813 sicut
787 1752 926 1821 diximus,
941 1751 970 1811 in
984 1752 1040 1812 tria
1054 1775 1164 1834 genera

51 1824 156 1901 diridnm,
175 1834 328 1912 antiquum
346 1834 465 1903 scilicet,
480 1847 510 1892 et
526 1854 644 1903 novum,
663 1848 692 1893 et
712 1835 852 1894 medium.
894 1834 985 1893 Stilus
1005 1855 1086 1905 vero,
1107 1856 1162 1895 nu·

51 1910 106 1975 ueri,
118 1925 141 1969 et
151 1928 307 1992 apparatus
320 1914 432 1992 duplici
453 1928 564 1973 tantum
585 1916 714 1973 sectione
728 1916 914 1993 partiuntur:
935 1914 1053 1974 diversa
1065 1930 1164 1976 tamen

52 1990 147 2052 tribue:
166 1997 301 2072 qnoniam
319 1995 406 2054 stilus
424 2006 454 2053 et
471 1996 584 2055 numeri
606 1998 768 2055 vetustiora
787 1996 847 2054 duo
866 1995 954 2053 simul
974 2010 1162 2073 componunt,

50 2086 93 2141 que
109 2074 140 2130 ad
158 2076 360 2135 Alexandrum
378 2096 471 2155 nsque
489 2096 668 2155 pervenere:
697 2076 751 2135 sed
768 2088 925 2155 apparatus
943 2077 1073 2135 medium
1090 2077 1165 2137 illud

49 2155 142 2211 inuenit
154 2158 317 2215 recentiori.
354 2156 430 2215 Nam
446 2158 475 2215 in
490 2172 614 2233 utroque
632 2157 671 2236 (si
687 2156 885 2236 grammaticis
905 2156 1085 2216 credendum
1105 2156 1165 2235 est)

49 2230 104 2289 nulla
114 2235 184 2295 ebori
197 2237 419 2297 modulamenta
431 2239 624 2315 reperiuntur.

75 2310 127 2372 Nou
139 2329 230 2376 autem
245 2338 311 2378 esse
323 2319 450 2377 arbitror
462 2318 588 2377 alienum
606 2320 635 2377 in
651 2319 809 2397 praesentia
826 2318 962 2396 quaedam
979 2316 1165 2397 particulari·

48 2402 78 2448 ltt
92 2397 269 2469 considerare,
290 2420 358 2476 quae
375 2398 508 2476 proiecto
525 2399 616 2458 mults
631 2420 688 2459 non
703 2411 810 2459 erunt:
831 2400 969 2476 quoniam
983 2398 1067 2457 facile
1082 2398 1164 2457 vide·

48 2484 81 2529 mr
95 2494 125 2533 ex
142 2478 279 2539 hactenus
300 2478 386 2537 dictis
405 2478 467 2537 sere
488 2500 588 2538 omnes
609 2492 671 2539 tum
694 2480 825 2550 Graecas,
847 2494 909 2538 tum
925 2479 1046 2538 Latinas
1067 2480 1164 2539 metiri

47 2558 179 2628 modias,
195 2561 221 2618 si
238 2575 407 2639 temporum
428 2561 591 2639 praeaertim
612 2559 701 2619 ullam
721 2561 830 2619 babere
850 2558 979 2619 volueris
999 2560 1163 2631 rationem,

46 2638 132 2705 quaudo
143 2640 249 2700 sedicet
263 2642 294 2699 in
310 2660 397 2699 scena
411 2640 543 2700 floruerit
556 2642 757 2719 unusquisque
774 2641 938 2701 fabularum
959 2653 1056 2719 poeta.
1100 2639 1165 2699 Pri·

45 2718 190 2796 usigitur
204 2722 311 2780 Romae
327 2719 456 2779 fabulam
471 2721 541 2781 dare
557 2720 666 2781 Lucius
684 2721 787 2780 Livius
807 2722 922 2799 occepit
941 2722 1056 2780 decimo
1076 2740 1166 2800 supra

45 2795 275 2874 quingentesimum
289 2802 373 2861 urbis
384 2822 460 2860 anno
471 2824 478 2860 :
503 2802 692 2881 quiquidem,
705 2801 803 2861 Gellio
814 2816 898 2870 teste,
909 2802 1165 2881 quinquagesimus

44 2879 154 2938 modus
166 2884 201 2941 ab
212 2884 297 2942 obitu
314 2881 472 2941 Menandri
486 2885 709 2943 numerabatur:
733 2883 875 2962 vigesimo
887 2883 947 2942 fere
961 2896 1064 2961 postea
1077 2904 1166 2961 quam

45 2950 137 3019 lemni
146 2963 271 3040 primum
287 2963 575 3041 Carthaginiensibus
587 2963 696 3024 bellum
709 2964 898 3023 indixissent:
920 2978 990 3023 tunc
1004 2964 1082 3023 enim
1093 2984 1165 3042 pace

43 3043 179 3115 conposita,
192 3066 262 3121 quae
276 3044 388 3124 populo
402 3058 483 3103 tanto
495 3066 583 3123 opere
598 3048 801 3123 expetebatur,
814 3044 844 3102 id
856 3066 947 3123 genus
959 3043 1165 3105 oblectamenti

44 3114 159 3205 relaxandi
173 3127 261 3183 animi
277 3126 373 3204 gratia
390 3139 540 3205 receptum
557 3138 613 3185 est.
649 3125 767 3185 Deinde
780 3126 876 3204 spatio
896 3146 1002 3183 norem
1023 3146 1165 3185 annorum

43 3200 173 3277 interjecto,
187 3205 221 3263 C.
239 3206 366 3265 Naevius
388 3206 457 3265 data
475 3206 573 3266 fabula
587 3206 738 3287 spectandi
753 3208 868 3284 copiam
884 3206 962 3265 fecit.
1005 3204 1078 3265 Post
1097 3228 1166 3267 eum

44 3272 145 3365 iltutus,
158 3306 232 3345 anno
247 3288 311 3345 sere
327 3286 572 3364 decimoquinto:
595 3287 718 3347 subinde
733 3288 862 3346 seriatim
875 3285 915 3353 Q.
931 3286 1055 3357 Ennius,
1069 3286 1165 3347 Casci-

43 3352 90 3429 lm,
101 3376 126 3421 et
137 3364 292 3427 Terentius
308 3367 452 3426 floruere:
474 3381 576 3446 postea
589 3388 647 3427 non
660 3367 754 3427 multo
768 3368 924 3437 Pacuvius,
936 3368 986 3444 qui
996 3368 1058 3446 jam
1073 3388 1167 3428 senex

44 3435 112 3500 decio
123 3448 213 3507 cessit.
249 3448 406 3507 Postremo
420 3449 551 3507 Lucilius
566 3449 630 3517 suit,
645 3450 695 3525 qui
710 3448 839 3508 medium
858 3447 930 3507 illud
951 3463 1164 3527 argumentum,

44 3512 158 3585 beandi
171 3528 285 3588 scilicet
299 3528 422 3588 aliorum
435 3544 580 3608 poemata,
596 3531 772 3589 sectabatur.
810 3527 901 3587 Hunc
916 3529 992 3587 enim
1007 3529 1122 3588 Gellius
1137 3530 1167 3588 in

44 3596 147 3676 dotium,
160 3622 189 3667 et
202 3608 367 3669 Pacuvium
382 3631 488 3687 magna
501 3610 588 3669 laude
603 3609 701 3669 stilum
717 3610 884 3669 exercuisse
900 3622 1032 3670 testatur.
1069 3609 1166 3671 Fabu-

44 3672 158 3761 inigitur
170 3690 218 3748 isti
232 3690 271 3749 de
285 3690 395 3749 Graeco
410 3691 515 3769 petitas
529 3704 710 3770 argumento,
721 3690 834 3749 Latinis
848 3690 957 3749 salibus
972 3690 1091 3749 condire
1106 3705 1166 3750 sta·

45 3772 151 3827 tuerent:
171 3770 419 3847 quemadmodum
435 3772 464 3830 in
479 3770 620 3841 Terentii,
635 3772 681 3830 vel
696 3770 804 3840 Plauti,
824 3792 891 3849 quse
911 3772 1166 3842 circumferuntur,

45 3837 123 3904 bbulis
135 3863 176 3908 est
190 3853 316 3911 ridere:
336 3872 502 3928 novamque
515 3854 633 3931 penitus
648 3853 822 3912 comoediam
843 3865 914 3911 sunt
926 3852 1041 3922 imitati,
1056 3851 1168 3911 nullam

46 3918 103 3982 thori
119 3930 299 3993 modulantes
320 3932 511 3992 cantilenam:
540 3932 593 3992 sed
610 3946 693 3992 actus
712 3933 759 4011 (ut
777 3934 818 3992 ait
835 3932 1014 4010 Porphyrio)
1029 3933 1167 3993 tibiarum

45 4018 158 4069 metente
180 4013 363 4072 dirimentes.
406 4014 467 4073 Ubi
488 4034 586 4091 operte
608 4014 736 4094 pretium
759 4027 805 4073 est
827 4012 1060 4071 animadvertere
1080 4015 1168 4074 tibias

46 4079 104 4143 thori
112 4094 313 4171 proprietatem
324 4092 466 4154 temulari.
496 4093 572 4154 Nam
584 4093 631 4171 (ut
642 4109 743 4155 auctor
756 4108 803 4155 est
816 4092 967 4167 Donatus)
977 4113 1045 4168 quae
1057 4094 1167 4155 fabulae

46 4180 123 4234 intes
144 4172 320 4234 haberentur
339 4187 369 4233 et
390 4196 511 4245 severae,
534 4176 612 4235 tibiis
634 4175 748 4235 dextris
770 4176 817 4253 agi
836 4186 1069 4231 consueverunt:
1098 4195 1166 4251 quae

45 4254 98 4301 '0¹⁰
106 4249 172 4325 jocis
185 4268 216 4313 et
228 4258 342 4315 urbane
357 4256 444 4315 dictis
456 4256 586 4333 undique
600 4268 757 4323 scaterent,
772 4254 911 4314 continuo
925 4251 1058 4310 sinistris.
1096 4252 1166 4310 Pol-

46 4317 84 4381 lux
100 4332 167 4392 enim
185 4351 288 4397 auctor
308 4349 354 4396 est
372 4338 500 4416 quinque
515 4338 585 4396 olim
597 4338 628 4396 in
642 4356 730 4395 scena
744 4336 852 4413 januas
868 4330 1021 4400 extitisse,
1044 4351 1168 4407 quarum

45 4406 120 4467 media
131 4412 202 4475 illius
214 4418 335 4478 omuino
348 4417 528 4479 domicilium
541 4431 629 4489 esset,
645 4418 695 4493 qui
710 4415 820 4493 primas
834 4412 864 4469 in
879 4410 977 4467 fabula
997 4423 1095 4484 partes
1115 4408 1168 4463 be-
