2834 4759
209 231 253 296 46
648 225 929 292 TERENTII
1198 225 1323 310 [acras
1342 245 1384 288 ιι.

211 376 241 423 15
254 363 346 438 Quid
369 363 427 430 tibi
448 363 599 428 videtur?
637 361 753 426 adeon’
767 361 811 426 ad
832 364 929 425 euml
968 359 1033 424 Br.
1058 359 1206 434 Quidni?
1244 359 1274 423 si
1295 357 1386 423 nihil

320 463 363 525 im
387 473 487 537 atres,

254 557 303 623 Ut
318 569 350 623 te
364 483 542 622 lrirbitretur
557 557 618 620 sihi
633 567 783 640 paratum
798 554 971 632 moechum,
987 555 1015 619 ai
1029 553 1117 619 illam
1131 554 1289 619 duxerit?

255 656 320 720 Cri.
338 655 436 722 Abiu’
451 655 526 720 hino
542 655 573 718 in
588 653 703 718 malam
717 674 786 717 rem
801 676 875 718 oum
889 655 1073 738 suspicione
1087 654 1181 728 istac,
1197 651 1328 717 soclus!

256 753 347 818 Pam.
373 753 551 818 Charinum
567 753 679 816 video:
702 752 800 816 salve.
839 751 904 816 Cu.
922 752 954 817 O
971 751 1070 828 salve,
1088 749 1273 835 Pamphile,

251 849 308 920 Ad
324 862 356 916 te
371 851 521 929 advenio,
537 872 639 934 spem,
655 849 805 926 salutem,
820 848 986 926 auxilium,
1003 848 1172 914 consilium
1186 860 1367 933 expetens.

210 963 241 1010 ao
254 949 344 1014 Pam.
360 948 482 1032 Neque
498 946 553 1032 pol
566 946 690 1013 consilii
704 945 811 1013 locum
825 946 944 1025 habeo,
959 968 1067 1031 neque
1082 945 1194 1011 auxilii
1207 947 1353 1032 copiam.

210 1111 325 1170 ostendit,
345 1111 456 1169 dicendo,
482 1113 513 1159 Id
533 1112 625 1172 aliquid
645 1113 705 1159 nihil
731 1118 773 1160 art.
806 1111 844 1174 git
854 1110 977 1160 Charinus
992 1109 1024 1159 ad
1039 1109 1237 1174 impetrationem
1248 1109 1308 1158 rite
1324 1126 1385 1160 m

210 1179 266 1226 ror
276 1175 378 1240 aliquid]
392 1177 427 1224 Ut
438 1191 520 1240 supra,
532 1176 669 1237 Impetrnbo.
694 1175 726 1223 D.
806 1175 951 1240 perieulum,
963 1178 990 1223 st
1000 1173 1102 1239 idsneir,
1113 1177 1330 1237 hodieportrmn
1343 1193 1386 1224 are

245 1243 282 1290 15.
299 1239 774 1305 Adam'odranl]Cousuetudinema·
806 1243 883 1296 aidau
907 1240 950 1289 sed
966 1239 1131 1304 iuterrogatus
1148 1254 1164 1288 a
1181 1239 1313 1303 Pamphilo
1332 1255 1386 1288 eur

210 1306 341 1420 litut*
352 1303 565 1422 titul-‘thr
579 1304 776 1432 tttttttt
806 1303 1385 1433 hidaltt‘rttlt⁰r⁰ti⁰⁰‘isstt.t¹¹m

214 1438 282 1494 Quid,
300 1438 346 1484 alai
361 1437 422 1483 atttt
436 1404 558 1496 iirpetrerr
581 1441 607 1481 nt
624 1441 654 1490 tr,
670 1440 714 1480 eto.
744 1433 775 1480 ln
807 1433 917 1492 callidus,
929 1448 961 1481 ne
975 1433 1057 1482 minus
1072 1431 1235 1508 impetrabile,
1245 1433 1291 1482 aad
1307 1445 1385 1482 certe

210 1509 314 1563 utroque
321 1499 386 1548 idem
396 1514 482 1548 sennua
490 1508 540 1546 eat:
558 1497 601 1547 sed
610 1496 722 1560 superior
731 1511 776 1561 per
807 1497 1010 1547 contumeliosum
1022 1508 1088 1546 esset
1097 1513 1118 1546 ιι
1130 1496 1231 1555 dicerer,
1242 1507 1310 1545 amat
1328 1513 1382 1546 ux-

212 1563 336 1627 slpmlav,
347 1563 447 1612 inferior
456 1577 500 1626 per
511 1561 646 1626 simplicem
658 1560 776 1624 explana·
808 1577 876 1611 orem
892 1571 967 1620 nram,
983 1579 1094 1623 ιριιιιιιιι,
1109 1561 1197 1624 inquit,
1215 1569 1278 1610 taen
1294 1572 1385 1616 mr,-

213 1627 304 1676 tionem
333 1627 441 1686 solvitur,
470 1636 496 1674 et
522 1627 543 1675 ai
570 1629 650 1688 quidni
677 1625 774 1688 legitur,
807 1627 854 1675 hoe
870 1627 936 1675 enim
952 1626 1074 1689 estquod
1090 1627 1170 1675 adhue
1186 1624 1230 1673 ribi
1247 1641 1384 1675 uxornon

212 1691 414 1750 subaudiendum,
435 1692 522 1740 adem:
550 1701 577 1739 ut
599 1691 639 1748 sir,
660 1689 728 1745 Quid
749 1690 776 1738 ni
808 1691 847 1740 sit.
884 1691 956 1739 Unde
976 1689 1092 1739 adulterii
1110 1689 1179 1738 nulla
1196 1689 1306 1754 auspicio
1330 1701 1385 1748 est,

211 1757 301 1806 adeas!
319 1755 378 1805 utsi
392 1755 454 1804 nihil
470 1755 593 1819 impetres,
604 1763 628 1802 te
644 1755 777 1803 arbitretur
824 1756 873 1804 uod
892 1755 966 1804 illan
999 1770 1044 1803 naa
1063 1764 1108 1811 est,
1123 1755 1164 1803 hio
1182 1764 1249 1802 amat
1268 1763 1384 1804 rantum

211 1830 325 1885 paratum
342 1820 471 1878 mmohum,
487 1819 509 1868 ai
525 1819 592 1868 iham
610 1818 715 1868 duxerit.
749 1821 777 1868 m·
807 1771 858 1869 ded
868 1820 971 1884 Pamphi
981 1835 1018 1877 ιιι,
1029 1834 1123 1868 memor
1133 1818 1230 1868 consilii
1241 1819 1282 1868 aui
1293 1830 1320 1868 et
1334 1836 1383 1868 vo·

211 1887 271 1934 sitit
286 1883 404 1947 impetret]
417 1887 528 1946 Impetrar
543 1899 589 1948 per
602 1881 775 1946 ὑστερολσγίυ
806 1883 916 1942 luntatis,
922 1884 1011 1946 quaerit
1017 1894 1099 1932 utrum
1107 1884 1215 1933 Charino
1223 1883 1307 1946 aliqua
1314 1900 1383 1932 con·

212 1949 305 2024 dietum
317 1948 420 2024 ridetur,
434 1963 479 2012 pro
492 1948 693 2024 petitaquoniam
741 1947 773 1996 ti·
806 1949 911 2024 suetudo
928 1948 1033 2023 aitoum
1048 1963 1086 1997 ea.
1115 1948 1164 1996 Sed
1184 1948 1309 1998 Charinus
1333 1965 1384 2023 ne·

212 2022 776 2130 hilldlhlldi‘lliei‘lfflhr'}
806 2013 1386 2142 tttrrtlthrtlsstffl'tt

214 2145 275 2192 nitu
290 2146 412 2204 tnperrer,·
435 2141 491 2199 duo,
511 2144 573 2194 Quid
588 2145 652 2189 nisi?
675 2144 734 2189 as'hr'l
751 2149 778 2190 at
808 2142 875 2192 lebat
892 2152 975 2191 autem
996 2142 1140 2207 Pamphilus
1157 2157 1257 2190 aarum
1277 2143 1384 2207 nmpli·

213 2210 327 2269 impetret.
354 2205 668 2270 Emendaigr'turoumarr
685 2209 778 2254 nihilist
808 2205 997 2270 eiterreperire,
1008 2221 1118 2256 caream
1130 2221 1179 2254 uon
1194 2205 1296 2255 dudem
1311 2222 1385 2255 uxo-

213 2275 326 2334 impetra.
353 2269 725 2384 Igituratsipniiatri,qaamria
747 2271 777 2318 B.
809 2287 870 2328 rem,
886 2286 959 2334 quam
975 2271 1080 2320 uolebat.
1110 2271 1182 2326 Quod
1197 2280 1227 2319 ut
1241 2270 1285 2319 ille
1300 2270 1385 2320 intel-

251 2335 289 2388 17.
315 2337 386 2384 Ahin'
405 2345 472 2384 recte
550 2344 578 2384 nt
597 2334 665 2384 codd.
687 2342 778 2398 prater·
809 2335 1385 2400 laxiaseadpreoeaverdtetpetitexmore

214 2409 428 2464 quatuornostros,
438 2399 588 2450 ubiestAhr'.
617 2399 647 2448 ln
656 2398 777 2447 Vaticano
809 2399 993 2464 postmontium
1016 2415 1065 2463 quo
1091 2415 1189 2464 semper
1209 2399 1297 2465 prima,
1321 2417 1386 2464 qm

213 2474 239 2514 et
248 2465 534 2514 Victorianonnbrarum
546 2473 590 2514 est.
619 2463 708 2512 Nullus
717 2478 777 2512 vero
809 2467 901 2528 majora
911 2465 1110 2529 mntpetimuar
1126 2464 1384 2528 deindeeaqoevo-

214 2529 514 2578 uoan'umhabetmorrn.
544 2527 699 2578 Retinererr.
724 2528 753 2576 B.
808 2529 898 2578 lumua
926 2530 997 2587 Nam,
1016 2529 1052 2577 uti
1069 2544 1146 2593 snpra
1161 2528 1226 2578 dixit
1242 2529 1383 2587 Charinum,

249 2596 286 2642 la
319 2597 443 2643 croam
470 2591 548 2655 video]
577 2593 635 2642 Non
662 2591 776 2656 imperita
809 2593 871 2642 nihil
888 2593 956 2643 aliud
972 2610 989 2641 a
1005 2593 1136 2670 Pamphilo
1151 2593 1261 2658 cupient,
1279 2593 1332 2642 nisi
1350 2605 1386 2644 ut

214 2657 370 2722 Pamphilum
381 2657 488 2722 priorem
499 2656 565 2720 loqui
577 2657 642 2715 feeit,
654 2657 698 2706 sed
708 2667 737 2706 ut
747 2657 777 2706 ii·
810 2658 902 2722 aliquot
909 2658 996 2707 saltem
1006 2658 1100 2723 nuptria
1107 2658 1227 2723 proferret
1234 2658 1295 2706 diea.
1319 2659 1384 2707 Hoc

215 2722 311 2772 damiam
328 2722 371 2771 det
387 2722 496 2771 Charino
515 2721 643 2784 loquendi:
667 2721 733 2784 quod
753 2730 780 2770 et
809 2723 886 2786 igitur
898 2739 955 2772 oum
971 2723 1093 2772 desiderio
1108 2722 1148 2782 ait,
1159 2722 1252 2786 aliquid
1268 2723 1385 2788 amplius

215 2786 342 2850 Virgilius,
352 2787 409 2836 AEn.
422 2786 437 2834 i.
451 2788 506 2835 325.
516 2786 647 2849 eleganter,
656 2789 729 2844 Hm,
741 2789 779 2834 ιἰι-
810 2787 890 2852 primo
900 2787 1016 2852 pasorlat,
1027 2788 1216 2837 aicutdiximua.
1244 2787 1382 2842 Qrdamo-

216 2851 635 2915 qutr‚jumm,mnrtrare,nearam
649 2853 780 2899 Vidistiui
810 2852 895 2901 risest
908 2861 936 2902 ut
951 2867 997 2916 per
1052 2862 1089 2901 tea
1105 2850 1293 2916 primmdeinde
1308 2853 1384 2915 quod

214 2933 283 2979 qaam
293 2918 331 2963 hie
341 2913 524 2978 mantamsorte
539 2931 645 2964 tororum.
674 2915 716 2963 Ad
731 2915 778 2962 hoe
811 2916 922 2966 volumus
939 2927 1104 2980 postremum
1121 2927 1150 2966 ut
1164 2917 1186 2965 si
1201 2927 1321 2981 uagam
1338 2917 1382 2966 iu-

214 2980 283 3045 prior
293 2979 381 3044 incipit
392 2979 542 3043 Pamphilus,
555 2989 582 3029 ut
598 2980 629 3030 ad
645 2979 778 3028 aonlesaio·
810 2980 864 3039 erit,
877 2982 942 3044 quod
952 2980 1033 3045 primo
1047 2981 1153 3046 petinam
1168 2981 1269 3046 sitiam
1285 2982 1384 3046 pudori

215 3061 272 3094 nem
290 3044 399 3094 Charino
416 3044 498 3093 mium
515 3043 596 3092 clausa
615 3059 666 3118 prat
685 3044 778 3108 pudore
810 3045 844 3095 sit
856 3062 872 3094 a
887 3061 936 3109 quo
950 3045 1183 3122 peritnrdeneprre.
1211 3045 1296 3095 Primo
1311 3048 1385 3110 petit

214 3109 247 3159 sit
260 3109 307 3158 via.
331 3109 456 3158 n-atir
471 3107 589 3156 orationis
606 3123 643 3158 vra
659 3118 683 3156 et
700 3108 780 3157 virtus
810 3125 843 3158 ne
858 3111 939 3169 ducat,
954 3110 1063 3159 meundo
1079 3110 1100 3159 ai
1117 3112 1144 3160 rd
1161 3126 1210 3159 non
1228 3120 1319 3176 potest,
1336 3121 1384 3160 aaa

214 3173 269 3231 erit,
278 3173 299 3222 ai
309 3183 365 3237 poat
376 3176 465 3221 Orator
476 3174 592 3235 majorem
603 3171 690 3222 teceri·
700 3172 778 3222 inter·
811 3177 855 3223 titt
870 3178 958 3237 nuptia
972 3178 1009 3223 λι
1023 3183 1078 3224 aaut
1092 3179 1163 3233 nardi,
1179 3175 1266 3224 saltem
1281 3175 1385 3238 aliquant

214 3237 380 3302 punctionem.
418 3236 484 3285 Nam
506 3236 571 3286 alata
589 3252 649 3288 vooe
667 3253 778 3302 promm·
828 3239 919 3288 roserat
938 3239 998 3297 dies,
1018 3239 1077 3288 dom
1096 3239 1265 3304 pmfleisoanrr
1284 3239 1382 3303 aliquo.

216 3302 331 3352 siendum
343 3303 518 3363 estPaarphile.
544 3302 572 3350 B.
840 3319 869 3353 oo
880 3304 993 3367 estquod
1003 3304 1210 3369 sueratpetitum:
1227 3304 1385 3354 similiteret

251 3368 287 3415 19.
311 3369 420 3423 Salutem
439 3368 557 3424 armiliam,
575 3369 693 3415 omilium
710 3383 779 3428 arpa-
811 3369 879 3418 Juno
896 3370 927 3417 ab
938 3368 1012 3417 AEolo
1029 3369 1169 3431 postularit,
1185 3369 1293 3443 primum
1309 3371 1383 3432 quod

215 3430 277 3494 tear]
292 3430 363 3480 Utin
374 3429 534 3495 petitionibus
551 3429 604 3478 deri
621 3430 690 3489 solet,
703 3433 777 3480 bene-
810 3448 926 3496 maguum
943 3442 987 3482 eat.
1016 3433 1208 3497 virgulum.
1226 3435 1266 3484 rt.
1294 3436 1382 3484 Ine-te

215 3495 298 3544 ficium
320 3504 415 3560 petens,
434 3495 511 3544 utitur
528 3495 639 3558 partibus
657 3494 778 3545 delibera·
809 3501 945 3554 marath,
953 3500 1305 3561 “Mamertinam
1336 3499 1381 3548 lta

215 3559 279 3608 dvm.
326 3562 449 3610 amdam
477 3558 596 3622 expetens]
631 3559 776 3623 Eleganter:
810 3562 918 3611 mundo
936 3562 998 3620 loro,
1019 3563 1084 3625 qnod
1102 3562 1205 3620 volebat,
1222 3563 1300 3628 petit:
1325 3567 1382 3612 Ast

215 3625 330 3688 quoniam
346 3625 448 3674 demens
465 3633 490 3672 et
505 3623 643 3688 improbum
660 3625 780 3688 estquod
810 3643 854 3690 agr
879 3629 988 3683 diuum,
1013 3634 1037 3676 st
1065 3627 1148 3688 dip's‘oa
1174 3644 1270 3690 corpora
1297 3637 1382 3690 ponto.

215 3689 285 3753 petit,
304 3688 463 3740 novissimum
483 3689 565 3753 posuit
583 3687 727 3737 eonsilium:
752 3699 782 3738 ut
814 3691 869 3739 Hoc
881 3706 985 3754 namque
996 3690 1157 3748 desiderabat,
1168 3691 1270 3755 'l'rojani
1278 3691 1311 3740 ad
1324 3693 1379 3741 lta-

215 3754 303 3803 sinon
380 3754 398 3803 't
414 3753 522 3813 concedi,
534 3754 573 3803 vel
589 3752 719 3803 consilium
735 3769 778 3803 ex·
812 3753 870 3804 liam
883 3772 915 3805 ue
928 3756 1046 3814 venirent,
1058 3772 1086 3805 ac
1102 3765 1233 3821 propterea
1248 3757 1380 3820 disperge·

215 3827 284 3884 petat
349 3819 482 3868 sanandum
499 3818 655 3868 dementiam.
684 3818 781 3876 Cicero,
811 3831 905 3870 rennrr.
940 3821 1007 3869 Huic
1022 3819 1099 3884 igitur
1114 3820 1228 3885 peritioni
1243 3821 1383 3886 respondet

215 3882 299 3948 proL'
318 3900 360 3933 ‚ra
393 3885 427 3933 Ta
443 3887 474 3932 dn
490 3887 645 3947 ralatmqar'
661 3901 723 3946 rpem
738 3887 780 3932 da·
813 3885 957 3949 Pamphilus
967 3885 1096 3950 patienter,
1109 3894 1136 3934 ut
1148 3885 1220 3934 amici
1237 3901 1313 3945 more,
1325 3901 1380 3936 non

215 3951 279 3998 dieti.
293 3899 409 3998 ¹l).-Ad
420 3957 442 3998 te
453 3951 516 3996 venio
570 3967 599 4007 ιιι,
611 3951 730 4006 aunam,
740 3966 780 3998 an·
813 3949 870 4012 quia
877 3950 994 4013 petiverit
1001 3950 1131 4009 Charinus,
1140 3950 1184 3999 sed
1193 3950 1250 4013 quia
1259 3950 1313 4015 ipae
1321 3967 1380 4000 earn

215 4015 284 4062 lutam
299 4012 417 4076 asprum]
436 3965 579 4078 Pamphiliia
595 4023 695 4077 proptor
711 4027 780 4061 amo·
811 4013 874 4062 nolit
884 4014 973 4064 ducere
981 4031 1091 4064 uxorem.
1115 4015 1300 4064 m-Aurtrn
1310 4031 1380 4079 pone

215 4091 268 4126 ram
277 4093 349 4127 auum
358 4079 424 4128 istud
433 4077 505 4126 aliter
512 4077 608 4142 accipit,
621 4087 646 4126 et
657 4077 779 4141 respodet,
810 4087 868 4142 post
882 4083 1007 4128 masiliam
1042 4080 1109 4128 Nam
1123 4089 1152 4128 ut
1166 4095 1224 4154 spes
1240 4080 1324 4129 minua
1339 4091 1380 4130 eat

216 4143 297 4204 Neque
308 4146 398 4192 consitis·
409 4147 480 4192 ἱοιιιιι
490 4145 568 4200 habeo,
580 4145 694 4205 nequead
711 4147 779 4191 auti·
811 4143 897 4201 adum,
920 4144 955 4193 ita
976 4144 1106 4193 nomiliam
1131 4144 1232 4194 auxilio.
1277 4145 1379 4194 Deinde

215 4208 271 4254 liam
281 4210 364 4267 coplas.
393 4207 531 4271 lntemognt
546 4217 628 4256 tamen
645 4206 700 4255 ille:
718 4223 779 4270 quo-
811 4209 956 4257 eommotius
966 4209 1150 4273 pronunciaurr.
1179 4209 1294 4272 Denique
1309 4209 1380 4258 idem

215 4268 282 4316 niam
294 4271 394 4332 pudoris
404 4271 483 4320 fuerat
497 4272 586 4330 dicere,
603 4274 699 4320 Uxorem
715 4280 779 4320 mna·
810 4273 1334 4338 ordoeatinresponaiouerermsequentia
1346 4275 1377 4324 B.

215 4335 296 4394 artiga,
312 4331 380 4394 priua
398 4334 531 4399 interrogat
549 4351 580 4384 nn
598 4335 699 4384 ducaret
716 4351 777 4386 uxo·
843 4339 882 4386 20.
899 4340 981 4400 Neque
991 4341 1032 4400 pol
1045 4341 1136 4387 muttit
1152 4342 1224 4387 lm
1239 4341 1318 4395 halaa
1335 4357 1377 4388 ae·

216 4409 283 4445 rem:
300 4399 432 4459 respondet
442 4399 585 4462 Pamphilus
599 4400 664 4461 quod
680 4400 706 4448 in
724 4399 777 4463 opi·
811 4417 853 4463 qsa
864 4405 948 4450 aaas'lr‘r'
958 4402 1058 4466 coptam]
1072 4403 1145 4467 Apud
1157 4412 1280 4452 amantem
1294 4418 1377 4466 neque

216 4460 290 4510 niune
301 4471 345 4518 et,
358 4475 407 4510 non
419 4461 444 4510 in
457 4465 509 4525 ejur
521 4464 651 4513 voluntate.
682 4463 777 4525 Adjun·
810 4465 906 4514 consilii
918 4467 1033 4516 incidias:
1051 4468 1116 4531 apud
1128 4467 1227 4533 inopem
1239 4483 1319 4531 neque
1333 4483 1376 4516 co·
