2834 4759
230 248 272 310 58
668 243 950 312 TERENTII
1219 243 1341 327 [uerus
1356 263 1392 304 u.

275 379 363 445 Pau.
396 380 501 444 Modo
528 391 564 445 ut
591 381 726 466 possim,
752 381 858 446 Dave.
910 380 1001 445 Dav.
1018 379 1139 458 Crede,
1163 381 1305 465 inquam,
1330 376 1395 441 hoc

337 477 426 555 mihi,
444 477 624 564 Pamphile,

274 578 454 662 Nunquam
467 577 565 642 hodie
581 589 688 644 tecum
702 580 973 645 commutaturum
987 590 1113 665 patrem

275 675 385 740 Unum
400 697 472 740 esse
490 677 634 754 verbum,
650 677 676 740 si
692 687 725 741 te
741 678 829 743 dices
846 678 978 742 ducere.

413 974 605 1048 ACTUS
639 975 903 1049 SECUNDI
937 973 1129 1048 SCENA
1162 975 1207 1047 V.

476 1179 651 1228 BYRRHIA.
670 1179 769 1228 slaw.
784 1180 912 1228 DAVUS.
931 1179 1146 1229 PAMPHILUS.

274 1302 398 1368 Hunos
413 1326 475 1381 me,
491 1303 611 1368 relictis
625 1304 737 1380 rebus,
747 1304 849 1388 jussit
864 1301 1069 1387 Pamphilum

274 1400 386 1466 Hodie
401 1403 584 1480 observare,
601 1413 648 1480 ut,
665 1402 745 1486 quid
760 1413 874 1486 ageret
889 1401 930 1465 de
945 1402 1079 1485 nuptiis,

275 1501 417 1566 Scirem:
441 1499 474 1564 id
490 1512 666 1584 propterea
680 1522 766 1565 nunc
781 1498 868 1563 hunc
883 1499 1065 1563 venientem
1080 1520 1209 1582 sequor.

274 1599 386 1684 Ipsum
402 1600 484 1663 adeo
500 1609 622 1683 praesto
637 1598 732 1662 video
748 1621 822 1664 cum
837 1596 952 1662 Davo:
975 1596 1039 1662 hoc
1053 1619 1158 1682 agam.

247 1710 262 1756 o
276 1698 324 1762 S1.
337 1698 521 1782 Utrumque
532 1697 647 1763 adesse
657 1697 763 1762 video.
788 1698 878 1762 Dm.
892 1696 998 1761 Hem!
1018 1718 1122 1760 serra.
1144 1695 1194 1760 Sl.
1207 1695 1392 1782 Pamphile.

230 1848 447 1897 amoreaconailio
456 1863 500 1896 suo
509 1847 629 1896 alienetur
641 1847 792 1911 Pamphilus.
825 1861 892 1895 nom.
926 1846 961 1894 Et
977 1845 1004 1894 in
1017 1846 1263 1908 hacncenaquatuor
1279 1863 1393 1912 persona

230 1916 301 1975 Apud
317 1921 339 1960 re
355 1911 413 1976 aies]
434 1914 587 1976 Praeparatun
603 1913 652 1960 sinz
677 1911 717 1960 cui
733 1929 792 1960 con·
825 1911 879 1960 aine
901 1910 1068 1975 implicatione
1087 1911 1226 1960 intellectus
1248 1911 1392 1975 loquuntur.

230 1978 388 2034 trariumest‚
406 1980 519 2026 Novarum
535 1980 597 2038 apud
612 1994 653 2025 me.
678 1977 794 2025 D.-Fao
825 1979 904 2025 Herus
915 1974 1138 2038 memlictirrehur]
1153 1976 1393 2040 Imponiturmanus

230 2051 257 2091 ut
268 2039 330 2104 apud
341 2050 362 2090 te
373 2039 418 2104 ais]
439 2042 468 2090 ld
479 2051 523 2098 eat,
535 2041 663 2090 consilium
680 2041 726 2089 tibi
743 2051 792 2089 tra-
825 2042 907 2099 rebon,
924 2056 979 2089 cum
998 2040 1124 2104 perficitur
1141 2040 1167 2088 id
1186 2041 1252 2102 quod
1271 2041 1391 2106 coeperia:

229 2107 309 2156 ditum
327 2115 408 2155 mente
420 2106 558 2161 contineasr
581 2122 628 2169 quo
646 2106 794 2218 factuappd
826 2105 1055 2168 utVirgiliuaAEn.
1068 2105 1110 2152 vii.
1123 2104 1177 2156 57³.
1201 2107 1393 2169 Inponisreginn

230 2183 255 2220 te
275 2187 328 2220 esse
349 2171 448 2236 poteria.
479 2169 598 2223 u-oua
615 2173 709 2232 dfferor
774 2187 793 2218 a.
826 2187 923 2218 monum
953 2169 1392 2237 Relinquanturverorencnmirn-

232 2237 278 2290 Qus·
301 2239 402 2298 differat.
438 2234 568 2284 n-Libri
596 2235 748 2284 Basilicanua
769 2245 795 2283 et
826 2235 941 2298 perfecta
959 2233 1137 2297 relinquuntur.
1178 2234 1242 2282 Item
1262 2235 1392 2298 virgilius,

230 2302 379 2350 Deoua-tatus
390 2299 482 2348 habent
493 2301 647 2362 eridr'fferut,
657 2299 794 2362 etitaquo·
827 2301 916 2362 Georg.
928 2299 963 2347 iii.
977 2300 1032 2347 519.
1053 2301 1130 2362 Atque
1141 2315 1207 2359 opere
1217 2302 1242 2348 ὄπ
1258 2303 1336 2349 nediu
1350 2303 1390 2348 de-

230 2381 277 2429 que
293 2366 320 2414 in
333 2365 475 2414 victoriano
489 2375 513 2413 et
525 2365 644 2413 Vaticano
656 2373 693 2412 est
709 2380 793 2412 emen·
820 2366 871 2424 fica
882 2367 992 2427 relinquit
1003 2372 1092 2411 matra.
1111 2366 1208 2411 mucro
1219 2365 1304 2428 robur]
1323 2365 1393 2413 Adeo

230 2429 495 2486 datumaitFaemua.
530 2430 587 2478 Duo
604 2439 793 2478 tantumenon-
825 2429 960 2492 praepoauit
970 2429 1016 2476 hoc
1027 2427 1119 2491 negotii
1130 2429 1203 2476 rebua
1211 2429 1335 2478 omnibus
1360 2429 1392 2478 D.

230 2493 275 2542 trin
288 2493 509 2552 QuucaeteriQur'.
534 2493 562 2542 B.
825 2495 937 2542 -Herur
958 2510 1000 2551 ne,
1024 2496 1112 2541 relictis
1131 2491 1211 2555 rebus]
1234 2493 1299 2541 Haec
1319 2509 1393 2542 scena

263 2559 285 2606 6.
308 2561 378 2607 Modo
397 2566 423 2606 ul
479 2558 535 2621 sim]
558 2561 597 2615 Ut,
618 2573 714 2622 prone
735 2573 792 2606 non.
826 2556 929 2606 fortunar
956 2557 1127 2621 interponitur.
1172 2556 1276 2620 Byrrhia
1306 2574 1392 2607 nervon

229 2619 302 2672 Nodo'
311 2631 337 2671 ut
344 2577 479 2686 patrimi?
492 2623 609 2686 poaaibili,
622 2622 717 2671 Possim
729 2623 794 2686 apud
826 2621 936 2680 Charini,
959 2622 1000 2685 qui
1029 2621 1198 2670 Philumenam
1224 2622 1277 2670 vult
1303 2624 1392 2671 ducere

230 2703 339 2736 mecane.
362 2687 578 2751 D.-Credemilri]
588 2687 710 2742 Quoniam
722 2688 794 2735 Pam·
826 2702 936 2744 uxorem,
959 2701 1031 2749 quam
1052 2686 1151 2748 quidem
1174 2686 1322 2751 Pamphilus
1343 2703 1392 2736 non

230 2751 312 2817 philus
323 2752 399 2800 veluti
410 2751 576 2801 difficultatem
586 2761 702 2816 posuerat
710 2751 793 2800 dicen·
826 2751 886 2809 vult,
910 2751 968 2799 dum
990 2760 1060 2815 pater
1079 2751 1131 2798 illio
1149 2750 1226 2810 offert,
1246 2751 1391 2810 intervenit,

230 2817 269 2874 do,
281 2825 308 2864 ut
319 2821 421 2878 possim:
439 2817 566 2880 respondit
581 2831 666 2865 rursus
676 2816 706 2864 ad
719 2831 794 2865 even·
827 2831 875 2878 qno
886 2831 954 2864 error
965 2815 1059 2864 facilins
1070 2816 1148 2880 possit
1158 2814 1304 2865 increscere.
1339 2817 1391 2881 Ap

231 2891 290 2937 tum,
298 2880 794 2944 quodpaterverhumnoncommutaturrn
825 2880 926 2944 ponitur
944 2895 974 2928 eo
992 2889 1041 2929 tem
1074 2895 1108 2937 re,
1128 2896 1176 2942 quo
1196 2880 1342 2944 Pamphilus
1362 2897 1392 2929 ex

230 2944 292 3008 (alii,
303 2953 457 3002 commoturus,
469 2945 539 2994 male.
563 2945 654 3006 zum,
667 2945 792 2993 ainedix·
825 2944 1023 3002 auaaioneservi,
1072 2944 1222 3008 mquidem,
1239 2945 1391 2994 nonvolun-

229 3009 425 3059 eritducturum.
450 3009 583 3058 E.-Modo
594 3017 620 3058 ut
628 3009 727 3073 possim]
745 3010 793 3058 Ma.
827 3020 883 3067 tate,
904 3008 1069 3073 promiscum·
1088 3020 1126 3057 est
1146 3009 1220 3073 patri,
1237 3025 1264 3058 ae
1288 3025 1392 3059 uxorem

230 3076 436 3135 Modoutporrim,
449 3076 521 3122 Daue.
545 3074 573 3122 L.
825 3089 880 3122 eane
890 3073 1028 3122 ducturum.
1053 3074 1083 3122 Ε.

268 3139 291 3188 7.
315 3140 438 3200 Nunquam
460 3137 538 3200 hodie]
564 3139 603 3186 Ab
623 3138 677 3186 utili
694 3147 791 3188 eventu.
858 3139 880 3185 2.
898 3141 974 3187 Hodie
989 3136 1120 3201 clamare]
1138 3138 1284 3188 Observatio
1299 3139 1393 3205 duplex

228 3205 359 3266 Nunquam,
370 3202 424 3266 plua
433 3202 619 3251 aaaeverationis
630 3204 711 3260 habet,
720 3219 792 3266 quam
825 3212 871 3260 eat,
883 3203 922 3251 vel
933 3203 1059 3268 captionis,
1073 3203 1112 3251 vel
1123 3203 1240 3266 obsequii.
1263 3203 1298 3252 D.

228 3283 288 3322 nom
305 3277 333 3314 ut
345 3265 469 3329 Virgilius,
483 3266 540 3315 AEn.
553 3267 578 3314 ii.
591 3269 646 3318 670.
669 3271 793 3331 Nunquam
858 3269 880 3315 3.
898 3270 929 3316 Id
941 3267 1075 3330 propterea]
1094 3267 1202 3316 Necesse
1219 3277 1257 3316 eat
1271 3278 1319 3318 ant
1330 3269 1391 3317 alte·

228 3348 304 3380 omnen
319 3333 384 3378 hodie
395 3334 515 3378 moriemur
526 3334 602 3379 inulti.
638 3334 792 3380 Cornmututu-
824 3347 1135 3397 rumeaaeaupervacuum,
1149 3341 1325 3395 autprnpteren
1336 3343 1392 3398 pont

229 3413 279 3444 rum
298 3393 402 3456 putrem]
425 3394 539 3456 Jurgium
561 3395 718 3452 habiturum
747 3397 792 3445 hoc
824 3397 1002 3460 accipiendum.
1027 3398 1181 3446 D.—Pror‘d
1190 3412 1279 3446 unuae
1299 3399 1392 3448 nonnis

229 3471 266 3508 ert
284 3458 350 3508 enim
372 3461 441 3506 verbu
461 3467 556 3508 mutare.
600 3463 792 3510 Commutntumm
823 3461 962 3519 lubechun,
980 3461 1077 3510 rectius.
1111 3463 1161 3510 Sed
1177 3470 1392 3513 totuarerruseat

227 3523 530 3586 narbnmJAltercaturum.
554 3523 627 3572 sicin
636 3525 791 3584 Phormione,
823 3526 929 3590 spurius.
964 3527 1028 3574 Nam
1046 3527 1209 3591 Pamphilum,
1226 3526 1275 3590 qni,
1294 3544 1329 3577 ex
1343 3541 1391 3592 quo

232 3591 516 3638 Triononeommutobr'tn'r
524 3593 791 3646 oubainteruoahodn'n
826 3591 931 3654 Byrrhia
946 3591 1327 3655 fugerejuaanaest,nuaqua1n
1379 3621 1390 3631 ·

226 3655 274 3704 hoc
291 3663 335 3710 eat,
352 3653 441 3702 dabitis
458 3663 530 3716 atque
550 3653 683 3718 accipielia,
704 3654 731 3703 id
747 3665 791 3714 eat,
825 3656 880 3703 dem
891 3671 906 3703 e
917 3671 991 3704 acerra
1007 3657 1091 3714 movit,
1105 3656 1145 3705 hic
1158 3656 1262 3720 Byrrhia
1274 3673 1328 3706 non
1359 3657 1390 3706 ici

223 3717 790 3848 {lqrcgqquteinpmzqqmpqitptiqqqnqqqtqqqeqqqqn
822 3730 904 3832 isium
916 3720 1390 3849 qqqpriplqquqgnvqwirqqqqrqqqnevxeqqiq:

227 3850 273 3898 hoc
285 3857 329 3907 eat,
346 3847 472 3896 iracundia
488 3847 514 3897 in
527 3849 656 3897 maledicta
667 3849 789 3912 compelli.
822 3848 974 3907 cedentibus,
986 3849 1027 3898 nbi
1044 3849 1131 3899 vitione
1145 3851 1258 3899 omnibus
1274 3850 1304 3900 in
1321 3851 1391 3900 libri·

240 3915 330 3971 Verba,
341 3915 393 3977 Ego
405 3916 604 3974 puto-compelli,
614 3929 664 3962 non
677 3913 791 3962 videntur
822 3914 940 3978 scriptum
952 3913 1074 3978 reperitur
1083 3918 1209 3971 obseruare.
1221 3923 1255 3974 at,
1267 3919 1334 3979 qaid,
1347 3925 1389 3965 ale.

227 3995 280 4054 ense
301 3977 400 4036 Donati,
423 3987 449 4026 at
468 3987 606 4042 repugnant
623 3978 789 4027 antecedenti·
823 3978 934 4027 Emenda
950 3979 993 4037 aio,
1005 3982 1152 4038 abromum,
1167 3983 1225 4044 qaid
1240 3989 1331 4044 agerer,
1346 3990 1389 4030 ere.

226 4043 291 4105 bun)
316 4043 347 4091 D.
823 4042 1389 4107 Exmiqn'turnatumeatat,quiajmr'tcum

261 4110 281 4156 1.
299 4110 377 4156 Herus
390 4124 433 4166 mc,
444 4109 532 4156 relictis
543 4105 623 4169 rebus]
641 4106 705 4157 Vide
717 4123 789 4170 quam
823 4107 952 4157 lnflnitivo
968 4118 1006 4156 eat
1022 4108 1142 4158 usitatius.
1181 4109 1230 4157 Sed
1246 4125 1305 4158 rum
1322 4111 1389 4158 Con·

225 4170 295 4229 mire,
306 4187 380 4233 quum
398 4187 483 4220 omnen
499 4170 610 4220 consulto
623 4171 726 4220 consilio
742 4172 788 4221 nihi
818 4173 896 4234 junci.
920 4174 985 4238 apud
1012 4183 1122 4222 nostrum
1149 4189 1245 4238 qnoque
1272 4175 1388 4234 occurrit,

225 4234 525 4310 qgorevideantuntumen
534 4251 620 4312 omnen
629 4251 709 4285 rerum
720 4236 789 4284 exitu
822 4236 886 4285 Eun.
898 4237 931 4285 iv.
943 4239 966 4285 4.
980 4239 1018 4285 25.
1030 4238 1060 4286 cl.
1075 4238 1138 4287 Anu
1151 4239 1167 4286 i.
1181 4241 1201 4286 l.
1215 4239 1269 4287 142
1295 4240 1325 4288 B.

225 4299 786 4429 {logiimiihiiiiifilnlihiiririusainii.Nauplii-iu,
820 4301 1339 4432 figiimiiriipoaiifflbaleiviiiiilqiaiilhghliaii.
1351 4313 1388 4417 lli

224 4428 285 4477 thie.
319 4429 397 4476 Herna
417 4445 458 4486 rna,
476 4428 576 4492 relictis]
599 4429 637 4478 Ad
655 4430 700 4478 hoc
720 4430 788 4478 venit
852 4433 875 4479 ὅ.
897 4431 1035 4495 Utrunque]
1053 4431 1085 4481 Er
1104 4433 1209 4491 Davum,
1225 4442 1250 4483 et
1267 4433 1385 4500 Pamphi-

227 4491 337 4564 Bylrhia,
354 4501 382 4540 ut
402 4492 429 4542 in
446 4508 552 4544 errorem
569 4494 683 4544 conciliet
699 4495 786 4543 Chari-
820 4494 877 4545 lum.
903 4495 933 4545 D.
