<?xml version="1.0" encoding="UTF-8"?>
<!DOCTYPE html PUBLIC "-//W3C//DTD XHTML 1.0 Transitional//EN"
    "http://www.w3.org/TR/xhtml1/DTD/xhtml1-transitional.dtd">
<html xmlns="http://www.w3.org/1999/xhtml" xml:lang="en" lang="en">
 <head>
  <title>
</title>
<meta http-equiv="Content-Type" content="text/html;charset=utf-8" />
  <meta name='ocr-system' content='tesseract 3.04.00' />
  <meta name='ocr-capabilities' content='ocr_page ocr_carea ocr_par ocr_line ocrx_word'/>
</head>
<body>
  <div class='ocr_page' id='page_1' title='image "./publiiterentiic01lindgoog/publiiterentiic01lindgoog_0077.png"; bbox 0 0 2834 4759; ppageno 0'>
   <div class='ocr_carea' id='block_1_1' title="bbox 266 190 1004 253">
    <p class='ocr_par' dir='ltr' id='par_1_1' title="bbox 266 190 1004 253">
     <span class='ocr_line' id='line_1_1' title="bbox 266 190 1004 253; baseline 0 -2"><span class='ocrx_word' id='word_1_1' title='bbox 266 193 298 251; x_wconf 87' lang='lat' dir='ltr'><strong>lii</strong></span> <span class='ocrx_word' id='word_1_2' title='bbox 676 192 740 252; x_wconf 82' lang='lat' dir='ltr'><strong>DE</strong></span> <span class='ocrx_word' id='word_1_3' title='bbox 760 190 1004 253; x_wconf 78' lang='lat' dir='ltr'><strong>THEATRO.</strong></span> 
     </span>
    </p>
   </div>
   <div class='ocr_carea' id='block_1_2' title="bbox 265 320 1387 543">
    <p class='ocr_par' dir='ltr' id='par_1_2' title="bbox 265 320 1387 543">
     <span class='ocr_line' id='line_1_2' title="bbox 269 320 1387 401; baseline 0 -18"><span class='ocrx_word' id='word_1_4' title='bbox 269 323 306 383; x_wconf 83' lang='lat' dir='ltr'><strong>de</strong></span> <span class='ocrx_word' id='word_1_5' title='bbox 320 324 365 393; x_wconf 85' lang='lat' dir='ltr'><strong>iis,</strong></span> <span class='ocrx_word' id='word_1_6' title='bbox 379 322 430 401; x_wconf 89' lang='lat' dir='ltr'><strong>qui</strong></span> <span class='ocrx_word' id='word_1_7' title='bbox 443 322 528 383; x_wconf 76' lang='lat' dir='ltr'><strong>facile</strong></span> <span class='ocrx_word' id='word_1_8' title='bbox 540 321 651 401; x_wconf 88' lang='lat' dir='ltr'><strong>aliquid</strong></span> <span class='ocrx_word' id='word_1_9' title='bbox 664 324 790 383; x_wconf 66' lang='lat' dir='ltr'><strong>saecuti</strong></span> <span class='ocrx_word' id='word_1_10' title='bbox 804 334 882 393; x_wconf 86' lang='lat' dir='ltr'><strong>runt,</strong></span> <span class='ocrx_word' id='word_1_11' title='bbox 895 335 928 383; x_wconf 87' lang='lat' dir='ltr'><strong>et</strong></span> <span class='ocrx_word' id='word_1_12' title='bbox 943 324 1018 383; x_wconf 82' lang='lat' dir='ltr'><strong>citra</strong></span> <span class='ocrx_word' id='word_1_13' title='bbox 1032 322 1179 391; x_wconf 71' lang='lat' dir='ltr'><strong>sndorm</strong></span> <span class='ocrx_word' id='word_1_14' title='bbox 1197 320 1275 400; x_wconf 82' lang='lat' dir='ltr'><strong>qnod</strong></span> <span class='ocrx_word' id='word_1_15' title='bbox 1285 334 1314 382; x_wconf 89' lang='lat' dir='ltr'><strong>at</strong></span> <span class='ocrx_word' id='word_1_16' title='bbox 1326 321 1387 383; x_wconf 76' lang='lat' dir='ltr'><strong>sitm</strong></span> 
     </span>
     <span class='ocr_line' id='line_1_3' title="bbox 265 401 1387 543; baseline 0.001 -81"><span class='ocrx_word' id='word_1_17' title='bbox 265 402 409 543; x_wconf 47' lang='lat' dir='ltr'><strong>nolueram</strong></span> <span class='ocrx_word' id='word_1_18' title='bbox 428 404 485 464; x_wconf 92' lang='lat' dir='ltr'><strong>dici</strong></span> <span class='ocrx_word' id='word_1_19' title='bbox 505 416 612 483; x_wconf 85' lang='lat' dir='ltr'><strong>potest.</strong></span> <span class='ocrx_word' id='word_1_20' title='bbox 655 402 733 467; x_wconf 83' lang='lat' dir='ltr'><strong>Eum</strong></span> <span class='ocrx_word' id='word_1_21' title='bbox 751 404 904 483; x_wconf 81' lang='lat' dir='ltr'><strong>pulverem</strong></span> <span class='ocrx_word' id='word_1_22' title='bbox 923 404 1022 463; x_wconf 78' lang='lat' dir='ltr'><strong>Gracci</strong></span> <span class='ocrx_word' id='word_1_23' title='bbox 1040 402 1133 482; x_wconf 76' lang='lat' dir='ltr'><strong>spira</strong></span> <span class='ocrx_word' id='word_1_24' title='bbox 1150 401 1291 463; x_wconf 78' lang='lat' dir='ltr'><strong>dicebant.</strong></span> <span class='ocrx_word' id='word_1_25' title='bbox 1320 404 1387 463; x_wconf 82' lang='lat' dir='ltr'><strong>luter</strong></span> 
     </span>
    </p>
   </div>
   <div class='ocr_carea' id='block_1_3' title="bbox 260 484 1402 4520">
    <p class='ocr_par' dir='ltr' id='par_1_3' title="bbox 267 484 1390 1129">
     <span class='ocr_line' id='line_1_4' title="bbox 300 484 1386 563; baseline 0.001 -20"><span class='ocrx_word' id='word_1_26' title='bbox 300 497 425 544; x_wconf 88' lang='lat' dir='ltr'><strong>ctatores</strong></span> <span class='ocrx_word' id='word_1_27' title='bbox 439 485 556 563; x_wconf 80' lang='lat' dir='ltr'><strong>quidam</strong></span> <span class='ocrx_word' id='word_1_28' title='bbox 570 486 690 545; x_wconf 85' lang='lat' dir='ltr'><strong>summis</strong></span> <span class='ocrx_word' id='word_1_29' title='bbox 704 486 779 545; x_wconf 88' lang='lat' dir='ltr'><strong>inter</strong></span> <span class='ocrx_word' id='word_1_30' title='bbox 792 506 824 545; x_wconf 92' lang='lat' dir='ltr'><strong>se</strong></span> <span class='ocrx_word' id='word_1_31' title='bbox 841 486 975 545; x_wconf 89' lang='lat' dir='ltr'><strong>manibus</strong></span> <span class='ocrx_word' id='word_1_32' title='bbox 995 484 1212 563; x_wconf 75' lang='lat' dir='ltr'><strong>depugnabant,</strong></span> <span class='ocrx_word' id='word_1_33' title='bbox 1232 484 1307 544; x_wconf 91' lang='lat' dir='ltr'><strong>nullo</strong></span> <span class='ocrx_word' id='word_1_34' title='bbox 1322 506 1386 544; x_wconf 86' lang='lat' dir='ltr'><strong>corn·</strong></span> 
     </span>
     <span class='ocr_line' id='line_1_5' title="bbox 267 564 1386 644; baseline -0.001 -20"><span class='ocrx_word' id='word_1_35' title='bbox 267 565 358 644; x_wconf 86' lang='lat' dir='ltr'><strong>plexu</strong></span> <span class='ocrx_word' id='word_1_36' title='bbox 384 567 549 625; x_wconf 74' lang='lat' dir='ltr'>haerentes:</span> <span class='ocrx_word' id='word_1_37' title='bbox 584 586 634 625; x_wconf 89' lang='lat' dir='ltr'><strong>eos</strong></span> <span class='ocrx_word' id='word_1_38' title='bbox 656 566 855 625; x_wconf 68' lang='lat' dir='ltr'><strong>amaciubtcr</strong></span> <span class='ocrx_word' id='word_1_39' title='bbox 878 569 1024 625; x_wconf 85' lang='lat' dir='ltr'><strong>vocabant</strong></span> <span class='ocrx_word' id='word_1_40' title='bbox 1046 564 1156 624; x_wconf 80' lang='lat' dir='ltr'><strong>Graeci.</strong></span> <span class='ocrx_word' id='word_1_41' title='bbox 1198 565 1256 625; x_wconf 83' lang='lat' dir='ltr'><strong>ntii</strong></span> <span class='ocrx_word' id='word_1_42' title='bbox 1281 567 1386 624; x_wconf 79' lang='lat' dir='ltr'><strong>vicissim</strong></span> 
     </span>
     <span class='ocr_line' id='line_1_6' title="bbox 267 646 1388 727; baseline -0.004 -20"><span class='ocrx_word' id='word_1_43' title='bbox 267 646 410 707; x_wconf 74' lang='lat' dir='ltr'><strong>feriebant</strong></span> <span class='ocrx_word' id='word_1_44' title='bbox 430 648 586 709; x_wconf 85' lang='lat' dir='ltr'><strong>arrectaria</strong></span> <span class='ocrx_word' id='word_1_45' title='bbox 606 648 830 717; x_wconf 73' lang='lat' dir='ltr'>concertatione,</span> <span class='ocrx_word' id='word_1_46' title='bbox 851 648 907 707; x_wconf 90' lang='lat' dir='ltr'><strong>buc</strong></span> <span class='ocrx_word' id='word_1_47' title='bbox 928 659 981 717; x_wconf 90' lang='lat' dir='ltr'><strong>est,</strong></span> <span class='ocrx_word' id='word_1_48' title='bbox 1001 646 1116 727; x_wconf 80' lang='lat' dir='ltr'><strong>arrecti,</strong></span> <span class='ocrx_word' id='word_1_49' title='bbox 1133 658 1164 705; x_wconf 90' lang='lat' dir='ltr'><strong>et</strong></span> <span class='ocrx_word' id='word_1_50' title='bbox 1179 646 1295 725; x_wconf 80' lang='lat' dir='ltr'><strong>pulvere</strong></span> <span class='ocrx_word' id='word_1_51' title='bbox 1307 648 1388 714; x_wconf 86' lang='lat' dir='ltr'><strong>obsiti,</strong></span> 
     </span>
     <span class='ocr_line' id='line_1_7' title="bbox 267 727 1388 808; baseline -0.001 -21"><span class='ocrx_word' id='word_1_52' title='bbox 267 727 340 787; x_wconf 84' lang='lat' dir='ltr'><strong>alter</strong></span> <span class='ocrx_word' id='word_1_53' title='bbox 367 727 491 787; x_wconf 84' lang='lat' dir='ltr'><strong>alterum</strong></span> <span class='ocrx_word' id='word_1_54' title='bbox 518 728 698 807; x_wconf 81' lang='lat' dir='ltr'>impetebant</span> <span class='ocrx_word' id='word_1_55' title='bbox 725 747 869 808; x_wconf 85' lang='lat' dir='ltr'><strong>procursu</strong></span> <span class='ocrx_word' id='word_1_56' title='bbox 896 728 1130 803; x_wconf 77' lang='lat' dir='ltr'><strong>calcitratuquee</strong></span> <span class='ocrx_word' id='word_1_57' title='bbox 1169 727 1294 787; x_wconf 80' lang='lat' dir='ltr'><strong>calcibus</strong></span> <span class='ocrx_word' id='word_1_58' title='bbox 1317 728 1388 797; x_wconf 85' lang='lat' dir='ltr'><strong>enim,</strong></span> 
     </span>
     <span class='ocr_line' id='line_1_8' title="bbox 269 807 1389 887; baseline -0.002 -20"><span class='ocrx_word' id='word_1_59' title='bbox 269 809 386 877; x_wconf 90' lang='lat' dir='ltr'><strong>cubitis,</strong></span> <span class='ocrx_word' id='word_1_60' title='bbox 406 810 563 887; x_wconf 89' lang='lat' dir='ltr'><strong>unguibus,</strong></span> <span class='ocrx_word' id='word_1_61' title='bbox 584 830 641 867; x_wconf 92' lang='lat' dir='ltr'><strong>non</strong></span> <span class='ocrx_word' id='word_1_62' title='bbox 662 809 750 869; x_wconf 91' lang='lat' dir='ltr'><strong>modo</strong></span> <span class='ocrx_word' id='word_1_63' title='bbox 769 809 876 887; x_wconf 89' lang='lat' dir='ltr'><strong>pugnis</strong></span> <span class='ocrx_word' id='word_1_64' title='bbox 896 810 1065 878; x_wconf 88' lang='lat' dir='ltr'><strong>utebantur,</strong></span> <span class='ocrx_word' id='word_1_65' title='bbox 1090 809 1227 885; x_wconf 90' lang='lat' dir='ltr'><strong>omnique</strong></span> <span class='ocrx_word' id='word_1_66' title='bbox 1252 807 1389 886; x_wconf 85' lang='lat' dir='ltr'><strong>impetendi</strong></span> 
     </span>
     <span class='ocr_line' id='line_1_9' title="bbox 269 888 1390 969; baseline 0 -22"><span class='ocrx_word' id='word_1_67' title='bbox 269 889 525 969; x_wconf 87' lang='lat' dir='ltr'><strong>prehendendique</strong></span> <span class='ocrx_word' id='word_1_68' title='bbox 538 890 642 949; x_wconf 82' lang='lat' dir='ltr'><strong>modo:</strong></span> <span class='ocrx_word' id='word_1_69' title='bbox 660 891 871 968; x_wconf 65' lang='lat' dir='ltr'><strong>Pancratiastae</strong></span> <span class='ocrx_word' id='word_1_70' title='bbox 884 890 988 960; x_wconf 72' lang='lat' dir='ltr'><strong>vocata,</strong></span> <span class='ocrx_word' id='word_1_71' title='bbox 1010 902 1040 946; x_wconf 85' lang='lat' dir='ltr'><strong>et</strong></span> <span class='ocrx_word' id='word_1_72' title='bbox 1056 888 1227 966; x_wconf 69' lang='lat' dir='ltr'><strong>parmarias</strong></span> <span class='ocrx_word' id='word_1_73' title='bbox 1246 888 1390 967; x_wconf 87' lang='lat' dir='ltr'><strong>hujusmodi</strong></span> 
     </span>
     <span class='ocr_line' id='line_1_10' title="bbox 271 969 1389 1049; baseline -0.002 -20"><span class='ocrx_word' id='word_1_74' title='bbox 271 970 435 1029; x_wconf 76' lang='lat' dir='ltr'>certaminis</span> <span class='ocrx_word' id='word_1_75' title='bbox 461 990 561 1049; x_wconf 88' lang='lat' dir='ltr'><strong>genus,</strong></span> <span class='ocrx_word' id='word_1_76' title='bbox 585 990 623 1029; x_wconf 80' lang='lat' dir='ltr'><strong>ex</strong></span> <span class='ocrx_word' id='word_1_77' title='bbox 647 990 683 1030; x_wconf 88' lang='lat' dir='ltr'><strong>eo</strong></span> <span class='ocrx_word' id='word_1_78' title='bbox 704 970 784 1048; x_wconf 91' lang='lat' dir='ltr'><strong>quod</strong></span> <span class='ocrx_word' id='word_1_79' title='bbox 807 971 956 1030; x_wconf 86' lang='lat' dir='ltr'><strong>advocatis</strong></span> <span class='ocrx_word' id='word_1_80' title='bbox 979 970 1114 1029; x_wconf 90' lang='lat' dir='ltr'><strong>omuibus</strong></span> <span class='ocrx_word' id='word_1_81' title='bbox 1136 970 1268 1048; x_wconf 88' lang='lat' dir='ltr'><strong>eorporis</strong></span> <span class='ocrx_word' id='word_1_82' title='bbox 1289 969 1389 1037; x_wconf 73' lang='lat' dir='ltr'><strong>viribus,</strong></span> 
     </span>
     <span class='ocr_line' id='line_1_11' title="bbox 270 1052 1057 1129; baseline -0.005 -18"><span class='ocrx_word' id='word_1_83' title='bbox 270 1052 457 1128; x_wconf 87' lang='lat' dir='ltr'><strong>omniumque</strong></span> <span class='ocrx_word' id='word_1_84' title='bbox 471 1070 626 1111; x_wconf 84' lang='lat' dir='ltr'><strong>nervorum</strong></span> <span class='ocrx_word' id='word_1_85' title='bbox 640 1052 823 1110; x_wconf 82' lang='lat' dir='ltr'><strong>contentione</strong></span> <span class='ocrx_word' id='word_1_86' title='bbox 837 1052 1057 1129; x_wconf 75' lang='lat' dir='ltr'><strong>transigeretur.</strong></span> 
     </span>
    </p>

    <p class='ocr_par' dir='ltr' id='par_1_4' title="bbox 268 1129 1391 1373">
     <span class='ocr_line' id='line_1_12' title="bbox 309 1129 1389 1209; baseline -0.002 -19"><span class='ocrx_word' id='word_1_87' title='bbox 309 1131 370 1197; x_wconf 87' lang='lat' dir='ltr'><strong>Qui</strong></span> <span class='ocrx_word' id='word_1_88' title='bbox 391 1131 471 1191; x_wconf 91' lang='lat' dir='ltr'><strong>disco</strong></span> <span class='ocrx_word' id='word_1_89' title='bbox 491 1152 523 1191; x_wconf 87' lang='lat' dir='ltr'><strong>se</strong></span> <span class='ocrx_word' id='word_1_90' title='bbox 544 1135 719 1192; x_wconf 83' lang='lat' dir='ltr'><strong>exercebant</strong></span> <span class='ocrx_word' id='word_1_91' title='bbox 738 1132 867 1199; x_wconf 83' lang='lat' dir='ltr'><strong>athletae,</strong></span> <span class='ocrx_word' id='word_1_92' title='bbox 893 1130 1025 1189; x_wconf 85' lang='lat' dir='ltr'><strong>discoboli</strong></span> <span class='ocrx_word' id='word_1_93' title='bbox 1044 1129 1160 1191; x_wconf 81' lang='lat' dir='ltr'><strong>Graecis</strong></span> <span class='ocrx_word' id='word_1_94' title='bbox 1179 1130 1389 1209; x_wconf 81' lang='lat' dir='ltr'><strong>appellabsutrn,</strong></span> 
     </span>
     <span class='ocr_line' id='line_1_13' title="bbox 268 1210 1391 1291; baseline -0.003 -20"><span class='ocrx_word' id='word_1_95' title='bbox 268 1212 324 1272; x_wconf 91' lang='lat' dir='ltr'><strong>boc</strong></span> <span class='ocrx_word' id='word_1_96' title='bbox 345 1224 399 1281; x_wconf 88' lang='lat' dir='ltr'><strong>est,</strong></span> <span class='ocrx_word' id='word_1_97' title='bbox 420 1212 532 1273; x_wconf 88' lang='lat' dir='ltr'><strong>discum</strong></span> <span class='ocrx_word' id='word_1_98' title='bbox 556 1213 585 1272; x_wconf 93' lang='lat' dir='ltr'><strong>in</strong></span> <span class='ocrx_word' id='word_1_99' title='bbox 611 1214 736 1271; x_wconf 90' lang='lat' dir='ltr'><strong>sublime</strong></span> <span class='ocrx_word' id='word_1_100' title='bbox 758 1212 933 1291; x_wconf 87' lang='lat' dir='ltr'><strong>jaculantes.</strong></span> <span class='ocrx_word' id='word_1_101' title='bbox 975 1210 1070 1271; x_wconf 82' lang='lat' dir='ltr'><strong>Erant</strong></span> <span class='ocrx_word' id='word_1_102' title='bbox 1091 1226 1190 1271; x_wconf 84' lang='lat' dir='ltr'><strong>autem</strong></span> <span class='ocrx_word' id='word_1_103' title='bbox 1216 1211 1312 1271; x_wconf 88' lang='lat' dir='ltr'><strong>discus</strong></span> <span class='ocrx_word' id='word_1_104' title='bbox 1330 1210 1391 1288; x_wconf 85' lang='lat' dir='ltr'><strong>lapis</strong></span> 
     </span>
     <span class='ocr_line' id='line_1_14' title="bbox 269 1292 923 1373; baseline -0.002 -22"><span class='ocrx_word' id='word_1_105' title='bbox 269 1292 411 1353; x_wconf 83' lang='lat' dir='ltr'><strong>rotundus</strong></span> <span class='ocrx_word' id='word_1_106' title='bbox 425 1312 459 1353; x_wconf 87' lang='lat' dir='ltr'><strong>ac</strong></span> <span class='ocrx_word' id='word_1_107' title='bbox 473 1306 618 1373; x_wconf 78' lang='lat' dir='ltr'><strong>pertnent,</strong></span> <span class='ocrx_word' id='word_1_108' title='bbox 634 1294 728 1371; x_wconf 89' lang='lat' dir='ltr'><strong>inquit</strong></span> <span class='ocrx_word' id='word_1_109' title='bbox 741 1294 923 1353; x_wconf 83' lang='lat' dir='ltr'><strong>Ammonius.</strong></span> 
     </span>
    </p>

    <p class='ocr_par' dir='ltr' id='par_1_5' title="bbox 266 1373 1393 1677">
     <span class='ocr_line' id='line_1_15' title="bbox 307 1373 1391 1455; baseline -0.001 -24"><span class='ocrx_word' id='word_1_110' title='bbox 307 1374 459 1454; x_wconf 81' lang='lat' dir='ltr'><strong>Pugilntus</strong></span> <span class='ocrx_word' id='word_1_111' title='bbox 476 1394 563 1452; x_wconf 91' lang='lat' dir='ltr'><strong>quern</strong></span> <span class='ocrx_word' id='word_1_112' title='bbox 581 1374 679 1433; x_wconf 79' lang='lat' dir='ltr'><strong>Graeci</strong></span> <span class='ocrx_word' id='word_1_113' title='bbox 694 1394 819 1455; x_wconf 80' lang='lat' dir='ltr'><strong>pygmea</strong></span> <span class='ocrx_word' id='word_1_114' title='bbox 835 1373 1030 1453; x_wconf 86' lang='lat' dir='ltr'><strong>appellabant,</strong></span> <span class='ocrx_word' id='word_1_115' title='bbox 1048 1373 1187 1433; x_wconf 72' lang='lat' dir='ltr'><strong>cmstibus</strong></span> <span class='ocrx_word' id='word_1_116' title='bbox 1207 1375 1391 1441; x_wconf 85' lang='lat' dir='ltr'><strong>exercebatur,</strong></span> 
     </span>
     <span class='ocr_line' id='line_1_16' title="bbox 289 1452 1393 1533; baseline -0.001 -20"><span class='ocrx_word' id='word_1_117' title='bbox 289 1454 367 1514; x_wconf 90' lang='lat' dir='ltr'><strong>uales</strong></span> <span class='ocrx_word' id='word_1_118' title='bbox 381 1477 398 1514; x_wconf 91' lang='lat' dir='ltr'><strong>a</strong></span> <span class='ocrx_word' id='word_1_119' title='bbox 412 1454 536 1533; x_wconf 83' lang='lat' dir='ltr'><strong>Virgilio</strong></span> <span class='ocrx_word' id='word_1_120' title='bbox 550 1454 601 1515; x_wconf 91' lang='lat' dir='ltr'><strong>lib.</strong></span> <span class='ocrx_word' id='word_1_121' title='bbox 617 1476 645 1513; x_wconf 88' lang='lat' dir='ltr'><strong>v.</strong></span> <span class='ocrx_word' id='word_1_122' title='bbox 661 1456 884 1514; x_wconf 89' lang='lat' dir='ltr'><strong>describuntur:</strong></span> <span class='ocrx_word' id='word_1_123' title='bbox 905 1456 935 1513; x_wconf 87' lang='lat' dir='ltr'><strong>in</strong></span> <span class='ocrx_word' id='word_1_124' title='bbox 949 1474 985 1513; x_wconf 91' lang='lat' dir='ltr'><strong>eo</strong></span> <span class='ocrx_word' id='word_1_125' title='bbox 998 1454 1050 1531; x_wconf 89' lang='lat' dir='ltr'><strong>qui</strong></span> <span class='ocrx_word' id='word_1_126' title='bbox 1062 1456 1284 1524; x_wconf 75' lang='lat' dir='ltr'><strong>exercebantur,</strong></span> <span class='ocrx_word' id='word_1_127' title='bbox 1295 1452 1393 1533; x_wconf 72' lang='lat' dir='ltr'><strong>pugile</strong></span> 
     </span>
     <span class='ocr_line' id='line_1_17' title="bbox 266 1472 1392 1615; baseline 0.002 -22"><span class='ocrx_word' id='word_1_128' title='bbox 266 1472 388 1606; x_wconf 52' lang='lat' dir='ltr'><strong>lestinis,</strong></span> <span class='ocrx_word' id='word_1_129' title='bbox 403 1536 515 1595; x_wconf 75' lang='lat' dir='ltr'><strong>Graecis</strong></span> <span class='ocrx_word' id='word_1_130' title='bbox 526 1545 626 1615; x_wconf 68' lang='lat' dir='ltr'><strong>pyctae</strong></span> <span class='ocrx_word' id='word_1_131' title='bbox 640 1535 709 1595; x_wconf 90' lang='lat' dir='ltr'><strong>dicti</strong></span> <span class='ocrx_word' id='word_1_132' title='bbox 724 1551 808 1595; x_wconf 89' lang='lat' dir='ltr'><strong>sunt:</strong></span> <span class='ocrx_word' id='word_1_133' title='bbox 830 1535 910 1614; x_wconf 87' lang='lat' dir='ltr'><strong>quod</strong></span> <span class='ocrx_word' id='word_1_134' title='bbox 922 1554 1028 1594; x_wconf 89' lang='lat' dir='ltr'><strong>nomen</strong></span> <span class='ocrx_word' id='word_1_135' title='bbox 1045 1534 1084 1594; x_wconf 91' lang='lat' dir='ltr'><strong>ad</strong></span> <span class='ocrx_word' id='word_1_136' title='bbox 1102 1535 1279 1613; x_wconf 68' lang='lat' dir='ltr'><strong>gallinam</strong></span> <span class='ocrx_word' id='word_1_137' title='bbox 1298 1553 1392 1614; x_wconf 76' lang='lat' dir='ltr'><strong>pugna-</strong></span> 
     </span>
     <span class='ocr_line' id='line_1_18' title="bbox 271 1616 572 1677; baseline 0 -2"><span class='ocrx_word' id='word_1_138' title='bbox 271 1636 319 1675; x_wconf 87' lang='lat' dir='ltr'><strong>ces</strong></span> <span class='ocrx_word' id='word_1_139' title='bbox 333 1616 503 1675; x_wconf 84' lang='lat' dir='ltr'><strong>translatum</strong></span> <span class='ocrx_word' id='word_1_140' title='bbox 518 1630 572 1677; x_wconf 90' lang='lat' dir='ltr'><strong>est.</strong></span> 
     </span>
    </p>

    <p class='ocr_par' dir='ltr' id='par_1_6' title="bbox 264 1694 1396 2665">
     <span class='ocr_line' id='line_1_19' title="bbox 306 1694 1393 1775; baseline -0.004 -20"><span class='ocrx_word' id='word_1_141' title='bbox 306 1696 495 1755; x_wconf 83' lang='lat' dir='ltr'><strong>Sallationum</strong></span> <span class='ocrx_word' id='word_1_142' title='bbox 509 1698 538 1756; x_wconf 95' lang='lat' dir='ltr'><strong>in</strong></span> <span class='ocrx_word' id='word_1_143' title='bbox 551 1696 627 1756; x_wconf 88' lang='lat' dir='ltr'><strong>ludis</strong></span> <span class='ocrx_word' id='word_1_144' title='bbox 641 1696 784 1775; x_wconf 86' lang='lat' dir='ltr'><strong>gymnicis</strong></span> <span class='ocrx_word' id='word_1_145' title='bbox 796 1696 889 1755; x_wconf 91' lang='lat' dir='ltr'><strong>multa</strong></span> <span class='ocrx_word' id='word_1_146' title='bbox 898 1716 1005 1774; x_wconf 91' lang='lat' dir='ltr'><strong>genera</strong></span> <span class='ocrx_word' id='word_1_147' title='bbox 1023 1696 1151 1767; x_wconf 84' lang='lat' dir='ltr'><strong>fuerunt,</strong></span> <span class='ocrx_word' id='word_1_148' title='bbox 1166 1694 1393 1773; x_wconf 81' lang='lat' dir='ltr'><strong>quemadmodum</strong></span> 
     </span>
     <span class='ocr_line' id='line_1_20' title="bbox 267 1774 1394 1857; baseline -0.004 -22"><span class='ocrx_word' id='word_1_149' title='bbox 267 1774 353 1836; x_wconf 90' lang='lat' dir='ltr'><strong>docet</strong></span> <span class='ocrx_word' id='word_1_150' title='bbox 373 1776 526 1837; x_wconf 86' lang='lat' dir='ltr'><strong>Lucienus.</strong></span> <span class='ocrx_word' id='word_1_151' title='bbox 569 1777 643 1836; x_wconf 85' lang='lat' dir='ltr'><strong>Erat</strong></span> <span class='ocrx_word' id='word_1_152' title='bbox 662 1779 740 1837; x_wconf 87' lang='lat' dir='ltr'><strong>enim</strong></span> <span class='ocrx_word' id='word_1_153' title='bbox 759 1778 875 1837; x_wconf 91' lang='lat' dir='ltr'><strong>saltatio</strong></span> <span class='ocrx_word' id='word_1_154' title='bbox 895 1777 1066 1857; x_wconf 74' lang='lat' dir='ltr'><strong>Pyrrhiclsu,</strong></span> <span class='ocrx_word' id='word_1_155' title='bbox 1085 1798 1102 1835; x_wconf 91' lang='lat' dir='ltr'><strong>a</strong></span> <span class='ocrx_word' id='word_1_156' title='bbox 1121 1776 1236 1855; x_wconf 87' lang='lat' dir='ltr'><strong>Pyrrbo</strong></span> <span class='ocrx_word' id='word_1_157' title='bbox 1253 1778 1394 1843; x_wconf 79' lang='lat' dir='ltr'><strong>inventas</strong></span> 
     </span>
     <span class='ocr_line' id='line_1_21' title="bbox 267 1856 1393 1937; baseline 0 -20"><span class='ocrx_word' id='word_1_158' title='bbox 267 1878 325 1935; x_wconf 91' lang='lat' dir='ltr'><strong>qua</strong></span> <span class='ocrx_word' id='word_1_159' title='bbox 340 1857 537 1937; x_wconf 73' lang='lat' dir='ltr'><strong>Pyrrhiclrarii</strong></span> <span class='ocrx_word' id='word_1_160' title='bbox 557 1871 587 1917; x_wconf 92' lang='lat' dir='ltr'><strong>et</strong></span> <span class='ocrx_word' id='word_1_161' title='bbox 605 1858 810 1937; x_wconf 77' lang='lat' dir='ltr'><strong>Pyrrbiobistae</strong></span> <span class='ocrx_word' id='word_1_162' title='bbox 829 1859 919 1916; x_wconf 86' lang='lat' dir='ltr'><strong>dicti:</strong></span> <span class='ocrx_word' id='word_1_163' title='bbox 945 1878 1013 1935; x_wconf 70' lang='lat' dir='ltr'><strong>quas</strong></span> <span class='ocrx_word' id='word_1_164' title='bbox 1033 1856 1134 1916; x_wconf 89' lang='lat' dir='ltr'><strong>eadem</strong></span> <span class='ocrx_word' id='word_1_165' title='bbox 1155 1858 1273 1917; x_wconf 83' lang='lat' dir='ltr'><strong>saltatio</strong></span> <span class='ocrx_word' id='word_1_166' title='bbox 1289 1856 1393 1936; x_wconf 79' lang='lat' dir='ltr'><strong>caoplio,</strong></span> 
     </span>
     <span class='ocr_line' id='line_1_22' title="bbox 265 1937 1393 2015; baseline -0.002 -18"><span class='ocrx_word' id='word_1_167' title='bbox 265 1938 298 1997; x_wconf 91' lang='lat' dir='ltr'><strong>id</strong></span> <span class='ocrx_word' id='word_1_168' title='bbox 319 1952 371 2008; x_wconf 86' lang='lat' dir='ltr'><strong>est,</strong></span> <span class='ocrx_word' id='word_1_169' title='bbox 394 1952 503 1998; x_wconf 89' lang='lat' dir='ltr'><strong>armata</strong></span> <span class='ocrx_word' id='word_1_170' title='bbox 523 1939 692 1998; x_wconf 83' lang='lat' dir='ltr'><strong>dicebatur:</strong></span> <span class='ocrx_word' id='word_1_171' title='bbox 722 1939 801 2015; x_wconf 91' lang='lat' dir='ltr'><strong>quod</strong></span> <span class='ocrx_word' id='word_1_172' title='bbox 817 1940 919 1997; x_wconf 87' lang='lat' dir='ltr'><strong>armati</strong></span> <span class='ocrx_word' id='word_1_173' title='bbox 938 1937 1085 1998; x_wconf 76' lang='lat' dir='ltr'><strong>saltarent.</strong></span> <span class='ocrx_word' id='word_1_174' title='bbox 1121 1938 1194 1996; x_wconf 86' lang='lat' dir='ltr'><strong>Erat</strong></span> <span class='ocrx_word' id='word_1_175' title='bbox 1213 1938 1326 1998; x_wconf 88' lang='lat' dir='ltr'><strong>saltatio</strong></span> <span class='ocrx_word' id='word_1_176' title='bbox 1344 1956 1393 1995; x_wconf 85' lang='lat' dir='ltr'><strong>eer-</strong></span> 
     </span>
     <span class='ocr_line' id='line_1_23' title="bbox 266 2018 1393 2097; baseline -0.001 -21"><span class='ocrx_word' id='word_1_177' title='bbox 266 2018 325 2076; x_wconf 83' lang='lat' dir='ltr'><strong>das</strong></span> <span class='ocrx_word' id='word_1_178' title='bbox 338 2022 484 2089; x_wconf 90' lang='lat' dir='ltr'><strong>obscoena,</strong></span> <span class='ocrx_word' id='word_1_179' title='bbox 505 2032 534 2078; x_wconf 93' lang='lat' dir='ltr'><strong>et</strong></span> <span class='ocrx_word' id='word_1_180' title='bbox 553 2021 681 2079; x_wconf 86' lang='lat' dir='ltr'><strong>comica:</strong></span> <span class='ocrx_word' id='word_1_181' title='bbox 705 2034 735 2078; x_wconf 90' lang='lat' dir='ltr'><strong>et</strong></span> <span class='ocrx_word' id='word_1_182' title='bbox 749 2020 805 2078; x_wconf 91' lang='lat' dir='ltr'><strong>alia</strong></span> <span class='ocrx_word' id='word_1_183' title='bbox 820 2019 935 2079; x_wconf 90' lang='lat' dir='ltr'><strong>saltatio</strong></span> <span class='ocrx_word' id='word_1_184' title='bbox 954 2020 1088 2097; x_wconf 87' lang='lat' dir='ltr'><strong>satyrica,</strong></span> <span class='ocrx_word' id='word_1_185' title='bbox 1109 2038 1177 2096; x_wconf 76' lang='lat' dir='ltr'><strong>qua·</strong></span> <span class='ocrx_word' id='word_1_186' title='bbox 1196 2018 1311 2077; x_wconf 55' lang='lat' dir='ltr'><strong>missu</strong></span> <span class='ocrx_word' id='word_1_187' title='bbox 1328 2018 1393 2075; x_wconf 88' lang='lat' dir='ltr'><strong>dice·</strong></span> 
     </span>
     <span class='ocr_line' id='line_1_24' title="bbox 265 2098 1393 2180; baseline -0.003 -23"><span class='ocrx_word' id='word_1_188' title='bbox 265 2100 363 2158; x_wconf 87' lang='lat' dir='ltr'><strong>batur.</strong></span> <span class='ocrx_word' id='word_1_189' title='bbox 399 2099 467 2159; x_wconf 87' lang='lat' dir='ltr'><strong>Fuit</strong></span> <span class='ocrx_word' id='word_1_190' title='bbox 480 2102 549 2159; x_wconf 93' lang='lat' dir='ltr'><strong>item</strong></span> <span class='ocrx_word' id='word_1_191' title='bbox 563 2099 687 2159; x_wconf 73' lang='lat' dir='ltr'><strong>enmeliu</strong></span> <span class='ocrx_word' id='word_1_192' title='bbox 702 2100 826 2171; x_wconf 87' lang='lat' dir='ltr'><strong>saltatio,</strong></span> <span class='ocrx_word' id='word_1_193' title='bbox 841 2113 943 2180; x_wconf 89' lang='lat' dir='ltr'><strong>pacata</strong></span> <span class='ocrx_word' id='word_1_194' title='bbox 956 2112 987 2159; x_wconf 92' lang='lat' dir='ltr'><strong>et</strong></span> <span class='ocrx_word' id='word_1_195' title='bbox 999 2102 1132 2158; x_wconf 86' lang='lat' dir='ltr'><strong>honesta.</strong></span> <span class='ocrx_word' id='word_1_196' title='bbox 1160 2099 1223 2165; x_wconf 81' lang='lat' dir='ltr'><strong>Qui</strong></span> <span class='ocrx_word' id='word_1_197' title='bbox 1235 2120 1304 2158; x_wconf 82' lang='lat' dir='ltr'><strong>vero</strong></span> <span class='ocrx_word' id='word_1_198' title='bbox 1316 2098 1393 2159; x_wconf 70' lang='grc' dir='ltr'><strong>ειΙιιιι</strong></span> 
     </span>
     <span class='ocr_line' id='line_1_25' title="bbox 265 2177 1394 2260; baseline -0.005 -21"><span class='ocrx_word' id='word_1_199' title='bbox 265 2181 438 2260; x_wconf 84' lang='lat' dir='ltr'><strong>pernicitate</strong></span> <span class='ocrx_word' id='word_1_200' title='bbox 452 2180 664 2240; x_wconf 86' lang='lat' dir='ltr'><strong>contendebant</strong></span> <span class='ocrx_word' id='word_1_201' title='bbox 677 2182 707 2239; x_wconf 92' lang='lat' dir='ltr'><strong>in</strong></span> <span class='ocrx_word' id='word_1_202' title='bbox 722 2183 889 2259; x_wconf 78' lang='lat' dir='ltr'><strong>gymnasiis,</strong></span> <span class='ocrx_word' id='word_1_203' title='bbox 901 2180 999 2239; x_wconf 82' lang='lat' dir='ltr'><strong>baltici</strong></span> <span class='ocrx_word' id='word_1_204' title='bbox 1011 2202 1029 2239; x_wconf 93' lang='lat' dir='ltr'><strong>a</strong></span> <span class='ocrx_word' id='word_1_205' title='bbox 1042 2179 1157 2239; x_wconf 82' lang='lat' dir='ltr'><strong>Graecis</strong></span> <span class='ocrx_word' id='word_1_206' title='bbox 1167 2180 1343 2247; x_wconf 83' lang='lat' dir='ltr'><strong>dicebantur,</strong></span> <span class='ocrx_word' id='word_1_207' title='bbox 1353 2177 1394 2253; x_wconf 91' lang='lat' dir='ltr'><strong>qui</strong></span> 
     </span>
     <span class='ocr_line' id='line_1_26' title="bbox 265 2257 1393 2339; baseline -0.003 -20"><span class='ocrx_word' id='word_1_208' title='bbox 265 2275 363 2320; x_wconf 89' lang='lat' dir='ltr'><strong>autem</strong></span> <span class='ocrx_word' id='word_1_209' title='bbox 377 2261 508 2331; x_wconf 77' lang='lat' dir='ltr'><strong>balmeta,</strong></span> <span class='ocrx_word' id='word_1_210' title='bbox 524 2262 621 2330; x_wconf 84' lang='lat' dir='ltr'><strong>idest,</strong></span> <span class='ocrx_word' id='word_1_211' title='bbox 637 2262 714 2321; x_wconf 88' lang='lat' dir='ltr'><strong>saltu</strong></span> <span class='ocrx_word' id='word_1_212' title='bbox 734 2263 895 2328; x_wconf 82' lang='lat' dir='ltr'><strong>certabant,</strong></span> <span class='ocrx_word' id='word_1_213' title='bbox 917 2261 995 2339; x_wconf 89' lang='lat' dir='ltr'><strong>apud</strong></span> <span class='ocrx_word' id='word_1_214' title='bbox 1015 2261 1149 2337; x_wconf 90' lang='lat' dir='ltr'><strong>antiquos</strong></span> <span class='ocrx_word' id='word_1_215' title='bbox 1166 2262 1323 2320; x_wconf 85' lang='lat' dir='ltr'><strong>utebantur</strong></span> <span class='ocrx_word' id='word_1_216' title='bbox 1340 2257 1393 2316; x_wconf 81' lang='lat' dir='ltr'><strong>bul·</strong></span> 
     </span>
     <span class='ocr_line' id='line_1_27' title="bbox 265 2340 1395 2421; baseline -0.005 -21"><span class='ocrx_word' id='word_1_217' title='bbox 265 2342 388 2401; x_wconf 64' lang='lat' dir='ltr'><strong>imibas:</strong></span> <span class='ocrx_word' id='word_1_218' title='bbox 410 2342 451 2401; x_wconf 89' lang='lat' dir='ltr'><strong>sic</strong></span> <span class='ocrx_word' id='word_1_219' title='bbox 466 2344 543 2401; x_wconf 90' lang='lat' dir='ltr'><strong>enim</strong></span> <span class='ocrx_word' id='word_1_220' title='bbox 556 2345 699 2402; x_wconf 87' lang='lat' dir='ltr'><strong>vocabant</strong></span> <span class='ocrx_word' id='word_1_221' title='bbox 711 2342 863 2420; x_wconf 89' lang='lat' dir='ltr'><strong>plumbeas</strong></span> <span class='ocrx_word' id='word_1_222' title='bbox 872 2342 956 2421; x_wconf 91' lang='lat' dir='ltr'><strong>pilas,</strong></span> <span class='ocrx_word' id='word_1_223' title='bbox 970 2340 1158 2411; x_wconf 72' lang='lat' dir='ltr'><strong>massulam,</strong></span> <span class='ocrx_word' id='word_1_224' title='bbox 1170 2343 1278 2418; x_wconf 86' lang='lat' dir='ltr'><strong>quibua</strong></span> <span class='ocrx_word' id='word_1_225' title='bbox 1288 2354 1395 2416; x_wconf 88' lang='lat' dir='ltr'><strong>utraque</strong></span> 
     </span>
     <span class='ocr_line' id='line_1_28' title="bbox 264 2416 1395 2499; baseline -0.004 -18"><span class='ocrx_word' id='word_1_226' title='bbox 264 2440 352 2482; x_wconf 89' lang='lat' dir='ltr'><strong>manu</strong></span> <span class='ocrx_word' id='word_1_227' title='bbox 366 2444 397 2482; x_wconf 88' lang='lat' dir='ltr'><strong>se</strong></span> <span class='ocrx_word' id='word_1_228' title='bbox 411 2422 563 2490; x_wconf 85' lang='lat' dir='ltr'><strong>librabant,</strong></span> <span class='ocrx_word' id='word_1_229' title='bbox 578 2440 610 2482; x_wconf 92' lang='lat' dir='ltr'><strong>ut</strong></span> <span class='ocrx_word' id='word_1_230' title='bbox 625 2424 733 2483; x_wconf 89' lang='lat' dir='ltr'><strong>certius</strong></span> <span class='ocrx_word' id='word_1_231' title='bbox 746 2423 900 2482; x_wconf 78' lang='lat' dir='ltr'><strong>assilirent.</strong></span> <span class='ocrx_word' id='word_1_232' title='bbox 938 2423 1118 2481; x_wconf 76' lang='lat' dir='ltr'><strong>Chironomia</strong></span> <span class='ocrx_word' id='word_1_233' title='bbox 1133 2442 1251 2499; x_wconf 86' lang='lat' dir='ltr'><strong>quoque</strong></span> <span class='ocrx_word' id='word_1_234' title='bbox 1271 2434 1333 2480; x_wconf 88' lang='lat' dir='ltr'><strong>crat</strong></span> <span class='ocrx_word' id='word_1_235' title='bbox 1348 2416 1395 2477; x_wconf 87' lang='lat' dir='ltr'><strong>sal·</strong></span> 
     </span>
     <span class='ocr_line' id='line_1_29' title="bbox 265 2501 1396 2583; baseline 0 -22"><span class='ocrx_word' id='word_1_236' title='bbox 265 2504 339 2563; x_wconf 87' lang='lat' dir='ltr'><strong>tatio</strong></span> <span class='ocrx_word' id='word_1_237' title='bbox 359 2504 568 2583; x_wconf 87' lang='lat' dir='ltr'><strong>gesticulatrix,</strong></span> <span class='ocrx_word' id='word_1_238' title='bbox 584 2504 676 2581; x_wconf 89' lang='lat' dir='ltr'><strong>qualia</strong></span> <span class='ocrx_word' id='word_1_239' title='bbox 690 2516 745 2571; x_wconf 88' lang='lat' dir='ltr'><strong>est,</strong></span> <span class='ocrx_word' id='word_1_240' title='bbox 759 2522 848 2579; x_wconf 89' lang='lat' dir='ltr'><strong>quam</strong></span> <span class='ocrx_word' id='word_1_241' title='bbox 862 2503 1026 2563; x_wconf 78' lang='lat' dir='ltr'><strong>Mauricum</strong></span> <span class='ocrx_word' id='word_1_242' title='bbox 1039 2522 1196 2562; x_wconf 83' lang='lat' dir='ltr'><strong>vocamus:</strong></span> <span class='ocrx_word' id='word_1_243' title='bbox 1222 2502 1301 2562; x_wconf 90' lang='lat' dir='ltr'><strong>unde</strong></span> <span class='ocrx_word' id='word_1_244' title='bbox 1320 2501 1396 2560; x_wconf 66' lang='lat' dir='ltr'><strong>clare</strong></span> 
     </span>
     <span class='ocr_line' id='line_1_30' title="bbox 264 2584 851 2665; baseline 0 -22"><span class='ocrx_word' id='word_1_245' title='bbox 264 2587 338 2643; x_wconf 77' lang='lat' dir='ltr'><strong>sorni</strong></span> <span class='ocrx_word' id='word_1_246' title='bbox 353 2584 518 2663; x_wconf 88' lang='lat' dir='ltr'><strong>hujusmodi</strong></span> <span class='ocrx_word' id='word_1_247' title='bbox 534 2584 755 2665; x_wconf 88' lang='lat' dir='ltr'><strong>gesticulatores</strong></span> <span class='ocrx_word' id='word_1_248' title='bbox 768 2584 851 2643; x_wconf 86' lang='lat' dir='ltr'><strong>dicti.</strong></span> 
     </span>
    </p>

    <p class='ocr_par' dir='ltr' id='par_1_7' title="bbox 260 2658 1402 4197">
     <span class='ocr_line' id='line_1_31' title="bbox 309 2658 1399 2742; baseline -0.004 -19"><span class='ocrx_word' id='word_1_249' title='bbox 309 2666 454 2725; x_wconf 81' lang='lat' dir='ltr'><strong>Circenses</strong></span> <span class='ocrx_word' id='word_1_250' title='bbox 476 2666 534 2725; x_wconf 84' lang='lat' dir='ltr'><strong>ludi</strong></span> <span class='ocrx_word' id='word_1_251' title='bbox 554 2666 709 2725; x_wconf 89' lang='lat' dir='ltr'><strong>certamina</strong></span> <span class='ocrx_word' id='word_1_252' title='bbox 731 2677 812 2724; x_wconf 88' lang='lat' dir='ltr'><strong>erant</strong></span> <span class='ocrx_word' id='word_1_253' title='bbox 834 2664 955 2733; x_wconf 90' lang='lat' dir='ltr'><strong>curulia,</strong></span> <span class='ocrx_word' id='word_1_254' title='bbox 974 2682 1040 2742; x_wconf 82' lang='lat' dir='ltr'><strong>quae</strong></span> <span class='ocrx_word' id='word_1_255' title='bbox 1060 2665 1090 2723; x_wconf 92' lang='lat' dir='ltr'><strong>in</strong></span> <span class='ocrx_word' id='word_1_256' title='bbox 1108 2666 1186 2723; x_wconf 86' lang='lat' dir='ltr'><strong>circo</strong></span> <span class='ocrx_word' id='word_1_257' title='bbox 1207 2664 1333 2724; x_wconf 84' lang='lat' dir='ltr'><strong>fiebant:</strong></span> <span class='ocrx_word' id='word_1_258' title='bbox 1357 2658 1399 2737; x_wconf 86' lang='lat' dir='ltr'><strong>qui</strong></span> 
     </span>
     <span class='ocr_line' id='line_1_32' title="bbox 264 2744 1396 2826; baseline -0.005 -21"><span class='ocrx_word' id='word_1_259' title='bbox 264 2745 347 2805; x_wconf 89' lang='lat' dir='ltr'><strong>locus</strong></span> <span class='ocrx_word' id='word_1_260' title='bbox 360 2759 422 2805; x_wconf 87' lang='lat' dir='ltr'><strong>erat</strong></span> <span class='ocrx_word' id='word_1_261' title='bbox 435 2760 522 2806; x_wconf 85' lang='lat' dir='ltr'><strong>ovata</strong></span> <span class='ocrx_word' id='word_1_262' title='bbox 534 2747 632 2826; x_wconf 88' lang='lat' dir='ltr'><strong>specie</strong></span> <span class='ocrx_word' id='word_1_263' title='bbox 649 2758 842 2815; x_wconf 89' lang='lat' dir='ltr'><strong>constructus,</strong></span> <span class='ocrx_word' id='word_1_264' title='bbox 864 2746 1056 2821; x_wconf 88' lang='lat' dir='ltr'><strong>undecunque</strong></span> <span class='ocrx_word' id='word_1_265' title='bbox 1076 2744 1251 2824; x_wconf 88' lang='lat' dir='ltr'><strong>spectaculis</strong></span> <span class='ocrx_word' id='word_1_266' title='bbox 1271 2758 1396 2804; x_wconf 83' lang='lat' dir='ltr'><strong>ornatus:</strong></span> 
     </span>
     <span class='ocr_line' id='line_1_33' title="bbox 266 2826 1398 2905; baseline -0.006 -20"><span class='ocrx_word' id='word_1_267' title='bbox 266 2828 410 2905; x_wconf 87' lang='lat' dir='ltr'><strong>equibus</strong></span> <span class='ocrx_word' id='word_1_268' title='bbox 437 2828 553 2887; x_wconf 85' lang='lat' dir='ltr'><strong>innoxie</strong></span> <span class='ocrx_word' id='word_1_269' title='bbox 575 2840 673 2905; x_wconf 89' lang='lat' dir='ltr'><strong>patres</strong></span> <span class='ocrx_word' id='word_1_270' title='bbox 700 2827 872 2904; x_wconf 86' lang='lat' dir='ltr'><strong>equitesque</strong></span> <span class='ocrx_word' id='word_1_271' title='bbox 895 2826 1018 2884; x_wconf 87' lang='lat' dir='ltr'><strong>Romani</strong></span> <span class='ocrx_word' id='word_1_272' title='bbox 1045 2838 1234 2904; x_wconf 87' lang='lat' dir='ltr'><strong>prospectare</strong></span> <span class='ocrx_word' id='word_1_273' title='bbox 1259 2826 1398 2885; x_wconf 87' lang='lat' dir='ltr'><strong>solebant:</strong></span> 
     </span>
     <span class='ocr_line' id='line_1_34' title="bbox 266 2904 1399 2986; baseline -0.005 -20"><span class='ocrx_word' id='word_1_274' title='bbox 266 2906 430 2986; x_wconf 85' lang='lat' dir='ltr'><strong>cujusmodi</strong></span> <span class='ocrx_word' id='word_1_275' title='bbox 444 2907 598 2986; x_wconf 87' lang='lat' dir='ltr'><strong>quemdam</strong></span> <span class='ocrx_word' id='word_1_276' title='bbox 612 2906 770 2967; x_wconf 85' lang='lat' dir='ltr'><strong>Flaminius</strong></span> <span class='ocrx_word' id='word_1_277' title='bbox 786 2907 888 2966; x_wconf 75' lang='lat' dir='ltr'><strong>Romae</strong></span> <span class='ocrx_word' id='word_1_278' title='bbox 899 2908 1080 2965; x_wconf 88' lang='lat' dir='ltr'><strong>construxit:</strong></span> <span class='ocrx_word' id='word_1_279' title='bbox 1096 2906 1173 2966; x_wconf 89' lang='lat' dir='ltr'><strong>unde</strong></span> <span class='ocrx_word' id='word_1_280' title='bbox 1184 2907 1295 2966; x_wconf 90' lang='lat' dir='ltr'><strong>circum</strong></span> <span class='ocrx_word' id='word_1_281' title='bbox 1304 2904 1399 2965; x_wconf 84' lang='lat' dir='ltr'><strong>Flami·</strong></span> 
     </span>
     <span class='ocr_line' id='line_1_35' title="bbox 266 2985 1398 3066; baseline -0.004 -20"><span class='ocrx_word' id='word_1_282' title='bbox 266 2988 347 3047; x_wconf 91' lang='lat' dir='ltr'><strong>nium</strong></span> <span class='ocrx_word' id='word_1_283' title='bbox 361 2988 494 3066; x_wconf 87' lang='lat' dir='ltr'><strong>legimus,</strong></span> <span class='ocrx_word' id='word_1_284' title='bbox 509 3001 539 3047; x_wconf 89' lang='lat' dir='ltr'><strong>et</strong></span> <span class='ocrx_word' id='word_1_285' title='bbox 555 2990 664 3048; x_wconf 84' lang='lat' dir='ltr'><strong>circum</strong></span> <span class='ocrx_word' id='word_1_286' title='bbox 686 2987 860 3055; x_wconf 85' lang='lat' dir='ltr'><strong>Maximum,</strong></span> <span class='ocrx_word' id='word_1_287' title='bbox 880 3008 897 3046; x_wconf 90' lang='lat' dir='ltr'><strong>a</strong></span> <span class='ocrx_word' id='word_1_288' title='bbox 918 2985 1036 3047; x_wconf 83' lang='lat' dir='ltr'><strong>Caesare</strong></span> <span class='ocrx_word' id='word_1_289' title='bbox 1055 2988 1198 3047; x_wconf 89' lang='lat' dir='ltr'><strong>dictatore</strong></span> <span class='ocrx_word' id='word_1_290' title='bbox 1219 2998 1398 3050; x_wconf 83' lang='lat' dir='ltr'><strong>exstructum,</strong></span> 
     </span>
     <span class='ocr_line' id='line_1_36' title="bbox 267 3067 1400 3147; baseline -0.005 -20"><span class='ocrx_word' id='word_1_291' title='bbox 267 3069 351 3147; x_wconf 90' lang='lat' dir='ltr'><strong>cujus</strong></span> <span class='ocrx_word' id='word_1_292' title='bbox 365 3071 489 3147; x_wconf 80' lang='lat' dir='ltr'><strong>vestigia</strong></span> <span class='ocrx_word' id='word_1_293' title='bbox 501 3069 595 3129; x_wconf 88' lang='lat' dir='ltr'><strong>adbuc</strong></span> <span class='ocrx_word' id='word_1_294' title='bbox 609 3069 695 3127; x_wconf 91' lang='lat' dir='ltr'><strong>hodie</strong></span> <span class='ocrx_word' id='word_1_295' title='bbox 707 3070 839 3127; x_wconf 89' lang='lat' dir='ltr'><strong>visuntur</strong></span> <span class='ocrx_word' id='word_1_296' title='bbox 854 3068 967 3139; x_wconf 75' lang='lat' dir='ltr'><strong>Romae,</strong></span> <span class='ocrx_word' id='word_1_297' title='bbox 978 3068 1067 3146; x_wconf 88' lang='lat' dir='ltr'><strong>juxta</strong></span> <span class='ocrx_word' id='word_1_298' title='bbox 1078 3068 1171 3126; x_wconf 71' lang='lat' dir='ltr'><strong>aedem</strong></span> <span class='ocrx_word' id='word_1_299' title='bbox 1187 3067 1226 3126; x_wconf 93' lang='lat' dir='ltr'><strong>D.</strong></span> <span class='ocrx_word' id='word_1_300' title='bbox 1240 3067 1400 3128; x_wconf 85' lang='lat' dir='ltr'><strong>Sebastiano</strong></span> 
     </span>
     <span class='ocr_line' id='line_1_37' title="bbox 265 3146 1399 3226; baseline -0.004 -19"><span class='ocrx_word' id='word_1_301' title='bbox 265 3168 387 3209; x_wconf 87' lang='lat' dir='ltr'><strong>sacram.</strong></span> <span class='ocrx_word' id='word_1_302' title='bbox 430 3148 497 3208; x_wconf 88' lang='lat' dir='ltr'><strong>Fuit</strong></span> <span class='ocrx_word' id='word_1_303' title='bbox 517 3162 614 3209; x_wconf 91' lang='lat' dir='ltr'><strong>autem</strong></span> <span class='ocrx_word' id='word_1_304' title='bbox 635 3148 816 3226; x_wconf 89' lang='lat' dir='ltr'><strong>longitudine</strong></span> <span class='ocrx_word' id='word_1_305' title='bbox 837 3148 997 3208; x_wconf 89' lang='lat' dir='ltr'><strong>stadiorum</strong></span> <span class='ocrx_word' id='word_1_306' title='bbox 1018 3148 1116 3218; x_wconf 88' lang='lat' dir='ltr'><strong>trium,</strong></span> <span class='ocrx_word' id='word_1_307' title='bbox 1136 3148 1292 3208; x_wconf 89' lang='lat' dir='ltr'><strong>latitudine</strong></span> <span class='ocrx_word' id='word_1_308' title='bbox 1316 3146 1399 3213; x_wconf 84' lang='lat' dir='ltr'><strong>nnius,</strong></span> 
     </span>
     <span class='ocr_line' id='line_1_38' title="bbox 266 3228 1400 3309; baseline -0.005 -20"><span class='ocrx_word' id='word_1_309' title='bbox 266 3248 333 3289; x_wconf 90' lang='lat' dir='ltr'><strong>cum</strong></span> <span class='ocrx_word' id='word_1_310' title='bbox 356 3230 487 3289; x_wconf 84' lang='lat' dir='ltr'><strong>aediliciis</strong></span> <span class='ocrx_word' id='word_1_311' title='bbox 505 3230 641 3309; x_wconf 87' lang='lat' dir='ltr'><strong>jugerum</strong></span> <span class='ocrx_word' id='word_1_312' title='bbox 664 3241 836 3305; x_wconf 88' lang='lat' dir='ltr'><strong>quaternum</strong></span> <span class='ocrx_word' id='word_1_313' title='bbox 860 3229 898 3288; x_wconf 89' lang='lat' dir='ltr'><strong>ad</strong></span> <span class='ocrx_word' id='word_1_314' title='bbox 921 3229 1020 3289; x_wconf 70' lang='lat' dir='ltr'><strong>oedem</strong></span> <span class='ocrx_word' id='word_1_315' title='bbox 1044 3230 1236 3288; x_wconf 89' lang='lat' dir='ltr'><strong>ducentorum</strong></span> <span class='ocrx_word' id='word_1_316' title='bbox 1261 3228 1400 3305; x_wconf 87' lang='lat' dir='ltr'><strong>sexaginta</strong></span> 
     </span>
     <span class='ocr_line' id='line_1_39' title="bbox 264 3308 1400 3388; baseline -0.004 -20"><span class='ocrx_word' id='word_1_317' title='bbox 264 3310 388 3369; x_wconf 90' lang='lat' dir='ltr'><strong>millium</strong></span> <span class='ocrx_word' id='word_1_318' title='bbox 409 3312 568 3371; x_wconf 88' lang='lat' dir='ltr'><strong>hominum.</strong></span> <span class='ocrx_word' id='word_1_319' title='bbox 611 3310 702 3369; x_wconf 87' lang='lat' dir='ltr'><strong>Erant</strong></span> <span class='ocrx_word' id='word_1_320' title='bbox 722 3310 753 3368; x_wconf 92' lang='lat' dir='ltr'><strong>in</strong></span> <span class='ocrx_word' id='word_1_321' title='bbox 773 3330 809 3369; x_wconf 90' lang='lat' dir='ltr'><strong>eo</strong></span> <span class='ocrx_word' id='word_1_322' title='bbox 828 3319 911 3368; x_wconf 82' lang='lat' dir='ltr'><strong>utetae</strong></span> <span class='ocrx_word' id='word_1_323' title='bbox 930 3309 1083 3388; x_wconf 70' lang='lat' dir='ltr'><strong>deposita,</strong></span> <span class='ocrx_word' id='word_1_324' title='bbox 1105 3311 1230 3369; x_wconf 90' lang='lat' dir='ltr'><strong>duarum</strong></span> <span class='ocrx_word' id='word_1_325' title='bbox 1250 3322 1302 3369; x_wconf 90' lang='lat' dir='ltr'><strong>aut</strong></span> <span class='ocrx_word' id='word_1_326' title='bbox 1323 3308 1400 3367; x_wconf 87' lang='lat' dir='ltr'><strong>trium</strong></span> 
     </span>
     <span class='ocr_line' id='line_1_40' title="bbox 265 3389 1401 3470; baseline -0.006 -21"><span class='ocrx_word' id='word_1_327' title='bbox 265 3391 449 3470; x_wconf 85' lang='lat' dir='ltr'><strong>pyramidum</strong></span> <span class='ocrx_word' id='word_1_328' title='bbox 470 3393 593 3451; x_wconf 85' lang='lat' dir='ltr'><strong>formam</strong></span> <span class='ocrx_word' id='word_1_329' title='bbox 613 3392 780 3450; x_wconf 83' lang='lat' dir='ltr'><strong>referentes.</strong></span> <span class='ocrx_word' id='word_1_330' title='bbox 822 3390 857 3450; x_wconf 93' lang='lat' dir='ltr'><strong>In</strong></span> <span class='ocrx_word' id='word_1_331' title='bbox 878 3389 943 3469; x_wconf 87' lang='lat' dir='ltr'><strong>ejus</strong></span> <span class='ocrx_word' id='word_1_332' title='bbox 960 3391 1127 3450; x_wconf 86' lang='lat' dir='ltr'><strong>summitate</strong></span> <span class='ocrx_word' id='word_1_333' title='bbox 1140 3410 1274 3450; x_wconf 86' lang='lat' dir='ltr'><strong>carceres</strong></span> <span class='ocrx_word' id='word_1_334' title='bbox 1287 3400 1401 3455; x_wconf 88' lang='lat' dir='ltr'><strong>erant,e</strong></span> 
     </span>
     <span class='ocr_line' id='line_1_41' title="bbox 266 3466 1400 3550; baseline -0.007 -19"><span class='ocrx_word' id='word_1_335' title='bbox 266 3473 372 3549; x_wconf 88' lang='lat' dir='ltr'><strong>quibus</strong></span> <span class='ocrx_word' id='word_1_336' title='bbox 400 3473 466 3549; x_wconf 91' lang='lat' dir='ltr'><strong>equi</strong></span> <span class='ocrx_word' id='word_1_337' title='bbox 493 3473 627 3531; x_wconf 87' lang='lat' dir='ltr'><strong>curribus</strong></span> <span class='ocrx_word' id='word_1_338' title='bbox 650 3472 754 3550; x_wconf 87' lang='lat' dir='ltr'><strong>juncti,</strong></span> <span class='ocrx_word' id='word_1_339' title='bbox 776 3472 813 3530; x_wconf 88' lang='lat' dir='ltr'><strong>ad</strong></span> <span class='ocrx_word' id='word_1_340' title='bbox 835 3490 952 3531; x_wconf 87' lang='lat' dir='ltr'><strong>cursum</strong></span> <span class='ocrx_word' id='word_1_341' title='bbox 972 3472 1190 3543; x_wconf 86' lang='lat' dir='ltr'><strong>emittebantur,</strong></span> <span class='ocrx_word' id='word_1_342' title='bbox 1210 3484 1242 3529; x_wconf 91' lang='lat' dir='ltr'><strong>et</strong></span> <span class='ocrx_word' id='word_1_343' title='bbox 1262 3490 1350 3548; x_wconf 91' lang='lat' dir='ltr'><strong>quum</strong></span> <span class='ocrx_word' id='word_1_344' title='bbox 1368 3466 1400 3525; x_wconf 88' lang='lat' dir='ltr'><strong>ad</strong></span> 
     </span>
     <span class='ocr_line' id='line_1_42' title="bbox 266 3551 1401 3630; baseline -0.004 -19"><span class='ocrx_word' id='word_1_345' title='bbox 266 3569 412 3611; x_wconf 89' lang='lat' dir='ltr'><strong>summum</strong></span> <span class='ocrx_word' id='word_1_346' title='bbox 432 3553 624 3623; x_wconf 82' lang='lat' dir='ltr'><strong>devenissent,</strong></span> <span class='ocrx_word' id='word_1_347' title='bbox 639 3552 873 3621; x_wconf 83' lang='lat' dir='ltr'><strong>revolvebantur,</strong></span> <span class='ocrx_word' id='word_1_348' title='bbox 889 3551 983 3611; x_wconf 91' lang='lat' dir='ltr'><strong>donec</strong></span> <span class='ocrx_word' id='word_1_349' title='bbox 996 3552 1033 3611; x_wconf 89' lang='lat' dir='ltr'><strong>ad</strong></span> <span class='ocrx_word' id='word_1_350' title='bbox 1047 3552 1174 3630; x_wconf 89' lang='lat' dir='ltr'><strong>priorem</strong></span> <span class='ocrx_word' id='word_1_351' title='bbox 1185 3566 1293 3611; x_wconf 86' lang='lat' dir='ltr'><strong>metam</strong></span> <span class='ocrx_word' id='word_1_352' title='bbox 1307 3568 1401 3630; x_wconf 82' lang='lat' dir='ltr'><strong>perre-</strong></span> 
     </span>
     <span class='ocr_line' id='line_1_43' title="bbox 265 3626 1401 3711; baseline -0.004 -20"><span class='ocrx_word' id='word_1_353' title='bbox 265 3634 371 3693; x_wconf 79' lang='lat' dir='ltr'><strong>nitent.</strong></span> <span class='ocrx_word' id='word_1_354' title='bbox 406 3634 591 3703; x_wconf 83' lang='lat' dir='ltr'><strong>Acurribus,</strong></span> <span class='ocrx_word' id='word_1_355' title='bbox 612 3634 668 3692; x_wconf 92' lang='lat' dir='ltr'><strong>boc</strong></span> <span class='ocrx_word' id='word_1_356' title='bbox 686 3646 740 3701; x_wconf 93' lang='lat' dir='ltr'><strong>est,</strong></span> <span class='ocrx_word' id='word_1_357' title='bbox 761 3634 847 3710; x_wconf 90' lang='lat' dir='ltr'><strong>bigis,</strong></span> <span class='ocrx_word' id='word_1_358' title='bbox 869 3633 960 3711; x_wconf 87' lang='lat' dir='ltr'><strong>trigis,</strong></span> <span class='ocrx_word' id='word_1_359' title='bbox 982 3644 1012 3691; x_wconf 91' lang='lat' dir='ltr'><strong>et</strong></span> <span class='ocrx_word' id='word_1_360' title='bbox 1032 3632 1191 3711; x_wconf 78' lang='lat' dir='ltr'><strong>quadrigis,</strong></span> <span class='ocrx_word' id='word_1_361' title='bbox 1212 3632 1329 3691; x_wconf 92' lang='lat' dir='ltr'><strong>curules</strong></span> <span class='ocrx_word' id='word_1_362' title='bbox 1347 3626 1401 3688; x_wconf 88' lang='lat' dir='ltr'><strong>ludi</strong></span> 
     </span>
     <span class='ocr_line' id='line_1_44' title="bbox 265 3710 1400 3794; baseline -0.005 -21"><span class='ocrx_word' id='word_1_363' title='bbox 265 3714 345 3774; x_wconf 88' lang='lat' dir='ltr'><strong>dicti.</strong></span> <span class='ocrx_word' id='word_1_364' title='bbox 382 3712 469 3773; x_wconf 89' lang='lat' dir='ltr'><strong>Unde</strong></span> <span class='ocrx_word' id='word_1_365' title='bbox 483 3717 569 3774; x_wconf 88' lang='lat' dir='ltr'><strong>etiam</strong></span> <span class='ocrx_word' id='word_1_366' title='bbox 584 3714 677 3773; x_wconf 87' lang='lat' dir='ltr'><strong>dictos</strong></span> <span class='ocrx_word' id='word_1_367' title='bbox 691 3727 764 3794; x_wconf 90' lang='lat' dir='ltr'><strong>puto</strong></span> <span class='ocrx_word' id='word_1_368' title='bbox 777 3713 877 3772; x_wconf 82' lang='lat' dir='ltr'><strong>oediies</strong></span> <span class='ocrx_word' id='word_1_369' title='bbox 890 3714 999 3771; x_wconf 81' lang='lat' dir='ltr'><strong>camier</strong></span> <span class='ocrx_word' id='word_1_370' title='bbox 1016 3714 1096 3790; x_wconf 93' lang='lat' dir='ltr'><strong>quod</strong></span> <span class='ocrx_word' id='word_1_371' title='bbox 1117 3714 1152 3772; x_wconf 90' lang='lat' dir='ltr'><strong>iis</strong></span> <span class='ocrx_word' id='word_1_372' title='bbox 1173 3710 1400 3772; x_wconf 88' lang='lat' dir='ltr'><strong>administrandis</strong></span> 
     </span>
     <span class='ocr_line' id='line_1_45' title="bbox 265 3789 1401 3875; baseline -0.009 -20"><span class='ocrx_word' id='word_1_373' title='bbox 265 3806 362 3855; x_wconf 84' lang='lat' dir='ltr'><strong>esseut</strong></span> <span class='ocrx_word' id='word_1_374' title='bbox 375 3796 524 3875; x_wconf 80' lang='lat' dir='ltr'><strong>praefecti:</strong></span> <span class='ocrx_word' id='word_1_375' title='bbox 546 3810 627 3854; x_wconf 89' lang='lat' dir='ltr'><strong>erant</strong></span> <span class='ocrx_word' id='word_1_376' title='bbox 641 3797 718 3853; x_wconf 89' lang='lat' dir='ltr'><strong>euim</strong></span> <span class='ocrx_word' id='word_1_377' title='bbox 734 3795 865 3853; x_wconf 91' lang='lat' dir='ltr'><strong>omnium</strong></span> <span class='ocrx_word' id='word_1_378' title='bbox 884 3795 1115 3873; x_wconf 68' lang='lat' dir='ltr'><strong>prestantissimi</strong></span> <span class='ocrx_word' id='word_1_379' title='bbox 1132 3792 1204 3852; x_wconf 83' lang='lat' dir='ltr'><strong>ludi.</strong></span> <span class='ocrx_word' id='word_1_380' title='bbox 1240 3793 1318 3852; x_wconf 88' lang='lat' dir='ltr'><strong>Nam</strong></span> <span class='ocrx_word' id='word_1_381' title='bbox 1332 3789 1401 3850; x_wconf 88' lang='lat' dir='ltr'><strong>iniis</strong></span> 
     </span>
     <span class='ocr_line' id='line_1_46' title="bbox 265 3874 1401 3955; baseline -0.008 -20"><span class='ocrx_word' id='word_1_382' title='bbox 265 3896 296 3935; x_wconf 90' lang='lat' dir='ltr'><strong>se</strong></span> <span class='ocrx_word' id='word_1_383' title='bbox 310 3878 474 3947; x_wconf 81' lang='lat' dir='ltr'><strong>exercebat,</strong></span> <span class='ocrx_word' id='word_1_384' title='bbox 490 3888 520 3935; x_wconf 91' lang='lat' dir='ltr'><strong>et</strong></span> <span class='ocrx_word' id='word_1_385' title='bbox 533 3878 645 3955; x_wconf 82' lang='lat' dir='ltr'><strong>magnis</strong></span> <span class='ocrx_word' id='word_1_386' title='bbox 660 3876 787 3954; x_wconf 87' lang='lat' dir='ltr'><strong>praemiis</strong></span> <span class='ocrx_word' id='word_1_387' title='bbox 800 3875 996 3934; x_wconf 89' lang='lat' dir='ltr'><strong>contendebat</strong></span> <span class='ocrx_word' id='word_1_388' title='bbox 1012 3874 1192 3933; x_wconf 90' lang='lat' dir='ltr'><strong>nobilissima</strong></span> <span class='ocrx_word' id='word_1_389' title='bbox 1209 3874 1401 3933; x_wconf 86' lang='lat' dir='ltr'><strong>Romanorum</strong></span> 
     </span>
     <span class='ocr_line' id='line_1_47' title="bbox 260 3948 1402 4036; baseline -0.007 -20"><span class='ocrx_word' id='word_1_390' title='bbox 260 3956 412 4035; x_wconf 80' lang='lat' dir='ltr'><strong>juventus,</strong></span> <span class='ocrx_word' id='word_1_391' title='bbox 436 3958 587 4036; x_wconf 90' lang='lat' dir='ltr'><strong>aptiorque</strong></span> <span class='ocrx_word' id='word_1_392' title='bbox 611 3958 646 4015; x_wconf 87' lang='lat' dir='ltr'><strong>ad</strong></span> <span class='ocrx_word' id='word_1_393' title='bbox 670 3957 780 4017; x_wconf 89' lang='lat' dir='ltr'><strong>bellurn</strong></span> <span class='ocrx_word' id='word_1_394' title='bbox 803 3956 990 4015; x_wconf 88' lang='lat' dir='ltr'><strong>reddebatur.</strong></span> <span class='ocrx_word' id='word_1_395' title='bbox 1033 3954 1157 4014; x_wconf 87' lang='lat' dir='ltr'><strong>Fiebant</strong></span> <span class='ocrx_word' id='word_1_396' title='bbox 1180 3956 1308 4033; x_wconf 89' lang='lat' dir='ltr'><strong>primum</strong></span> <span class='ocrx_word' id='word_1_397' title='bbox 1331 3948 1402 4031; x_wconf 89' lang='lat' dir='ltr'><strong>apud</strong></span> 
     </span>
     <span class='ocr_line' id='line_1_48' title="bbox 264 4032 1402 4116; baseline -0.006 -21"><span class='ocrx_word' id='word_1_398' title='bbox 264 4039 399 4116; x_wconf 88' lang='lat' dir='ltr'><strong>antiquos</strong></span> <span class='ocrx_word' id='word_1_399' title='bbox 421 4038 496 4097; x_wconf 89' lang='lat' dir='ltr'><strong>inter</strong></span> <span class='ocrx_word' id='word_1_400' title='bbox 517 4056 600 4097; x_wconf 87' lang='lat' dir='ltr'><strong>enses</strong></span> <span class='ocrx_word' id='word_1_401' title='bbox 624 4050 654 4097; x_wconf 89' lang='lat' dir='ltr'><strong>et</strong></span> <span class='ocrx_word' id='word_1_402' title='bbox 675 4038 803 4106; x_wconf 90' lang='lat' dir='ltr'><strong>flumina,</strong></span> <span class='ocrx_word' id='word_1_403' title='bbox 822 4050 857 4095; x_wconf 93' lang='lat' dir='ltr'><strong>ut</strong></span> <span class='ocrx_word' id='word_1_404' title='bbox 878 4038 916 4095; x_wconf 90' lang='lat' dir='ltr'><strong>ab</strong></span> <span class='ocrx_word' id='word_1_405' title='bbox 938 4049 1063 4113; x_wconf 89' lang='lat' dir='ltr'><strong>utraque</strong></span> <span class='ocrx_word' id='word_1_406' title='bbox 1083 4049 1167 4114; x_wconf 87' lang='lat' dir='ltr'><strong>parte</strong></span> <span class='ocrx_word' id='word_1_407' title='bbox 1187 4049 1267 4095; x_wconf 87' lang='lat' dir='ltr'><strong>esset</strong></span> <span class='ocrx_word' id='word_1_408' title='bbox 1286 4032 1402 4114; x_wconf 80' lang='lat' dir='ltr'><strong>ignaria</strong></span> 
     </span>
     <span class='ocr_line' id='line_1_49' title="bbox 264 4118 579 4197; baseline 0.003 -22"><span class='ocrx_word' id='word_1_409' title='bbox 264 4136 394 4195; x_wconf 86' lang='lat' dir='ltr'><strong>praesens</strong></span> <span class='ocrx_word' id='word_1_410' title='bbox 409 4118 579 4197; x_wconf 88' lang='lat' dir='ltr'><strong>periculum.</strong></span> 
     </span>
    </p>

    <p class='ocr_par' dir='ltr' id='par_1_8' title="bbox 262 4196 1402 4520">
     <span class='ocr_line' id='line_1_50' title="bbox 304 4196 1402 4278; baseline 0.003 -22"><span class='ocrx_word' id='word_1_411' title='bbox 304 4198 470 4278; x_wconf 83' lang='lat' dir='ltr'><strong>Agitntores</strong></span> <span class='ocrx_word' id='word_1_412' title='bbox 483 4200 554 4258; x_wconf 90' lang='lat' dir='ltr'><strong>dicti</strong></span> <span class='ocrx_word' id='word_1_413' title='bbox 567 4211 635 4258; x_wconf 86' lang='lat' dir='ltr'><strong>sunt</strong></span> <span class='ocrx_word' id='word_1_414' title='bbox 646 4198 755 4276; x_wconf 82' lang='lat' dir='ltr'><strong>aurigae</strong></span> <span class='ocrx_word' id='word_1_415' title='bbox 770 4200 799 4256; x_wconf 91' lang='lat' dir='ltr'><strong>in</strong></span> <span class='ocrx_word' id='word_1_416' title='bbox 813 4197 907 4257; x_wconf 90' lang='lat' dir='ltr'><strong>curuli</strong></span> <span class='ocrx_word' id='word_1_417' title='bbox 917 4196 1073 4257; x_wconf 89' lang='lat' dir='ltr'><strong>certamine</strong></span> <span class='ocrx_word' id='word_1_418' title='bbox 1086 4210 1117 4255; x_wconf 90' lang='lat' dir='ltr'><strong>et</strong></span> <span class='ocrx_word' id='word_1_419' title='bbox 1130 4196 1207 4256; x_wconf 89' lang='lat' dir='ltr'><strong>ludis</strong></span> <span class='ocrx_word' id='word_1_420' title='bbox 1220 4196 1402 4259; x_wconf 74' lang='lat' dir='ltr'><strong>circensibus</strong></span> 
     </span>
     <span class='ocr_line' id='line_1_51' title="bbox 263 4276 1402 4355; baseline -0.003 -19"><span class='ocrx_word' id='word_1_421' title='bbox 263 4298 387 4355; x_wconf 91' lang='lat' dir='ltr'><strong>quorum</strong></span> <span class='ocrx_word' id='word_1_422' title='bbox 400 4281 539 4339; x_wconf 82' lang='lat' dir='ltr'><strong>factiones</strong></span> <span class='ocrx_word' id='word_1_423' title='bbox 553 4293 635 4339; x_wconf 90' lang='lat' dir='ltr'><strong>erant</strong></span> <span class='ocrx_word' id='word_1_424' title='bbox 649 4300 666 4338; x_wconf 87' lang='lat' dir='ltr'><strong>a</strong></span> <span class='ocrx_word' id='word_1_425' title='bbox 679 4280 841 4338; x_wconf 87' lang='lat' dir='ltr'><strong>tunicarum</strong></span> <span class='ocrx_word' id='word_1_426' title='bbox 858 4278 1021 4338; x_wconf 88' lang='lat' dir='ltr'><strong>coloribus:</strong></span> <span class='ocrx_word' id='word_1_427' title='bbox 1043 4291 1077 4336; x_wconf 89' lang='lat' dir='ltr'><strong>ut</strong></span> <span class='ocrx_word' id='word_1_428' title='bbox 1090 4278 1138 4337; x_wconf 91' lang='lat' dir='ltr'><strong>alii</strong></span> <span class='ocrx_word' id='word_1_429' title='bbox 1151 4276 1318 4337; x_wconf 87' lang='lat' dir='ltr'><strong>dicerentur</strong></span> <span class='ocrx_word' id='word_1_430' title='bbox 1332 4276 1402 4333; x_wconf 85' lang='lat' dir='ltr'><strong>Rus·</strong></span> 
     </span>
     <span class='ocr_line' id='line_1_52' title="bbox 262 4358 1401 4437; baseline -0.003 -20"><span class='ocrx_word' id='word_1_431' title='bbox 262 4360 327 4429; x_wconf 88' lang='lat' dir='ltr'><strong>sati,</strong></span> <span class='ocrx_word' id='word_1_432' title='bbox 344 4360 452 4429; x_wconf 80' lang='lat' dir='ltr'><strong>Albuti,</strong></span> <span class='ocrx_word' id='word_1_433' title='bbox 474 4360 594 4432; x_wconf 84' lang='lat' dir='ltr'><strong>Prasiai,</strong></span> <span class='ocrx_word' id='word_1_434' title='bbox 611 4360 737 4431; x_wconf 81' lang='lat' dir='ltr'><strong>Veneti3</strong></span> <span class='ocrx_word' id='word_1_435' title='bbox 769 4372 857 4437; x_wconf 88' lang='lat' dir='ltr'><strong>atque</strong></span> <span class='ocrx_word' id='word_1_436' title='bbox 877 4360 919 4419; x_wconf 89' lang='lat' dir='ltr'><strong>ita</strong></span> <span class='ocrx_word' id='word_1_437' title='bbox 936 4359 1102 4418; x_wconf 87' lang='lat' dir='ltr'><strong>insistentes</strong></span> <span class='ocrx_word' id='word_1_438' title='bbox 1122 4360 1256 4419; x_wconf 87' lang='lat' dir='ltr'><strong>curribus</strong></span> <span class='ocrx_word' id='word_1_439' title='bbox 1274 4358 1401 4437; x_wconf 84' lang='lat' dir='ltr'><strong>juvenes,</strong></span> 
     </span>
     <span class='ocr_line' id='line_1_53' title="bbox 262 4440 1128 4520; baseline 0.001 -22"><span class='ocrx_word' id='word_1_440' title='bbox 262 4440 418 4502; x_wconf 83' lang='lat' dir='ltr'><strong>velocitate</strong></span> <span class='ocrx_word' id='word_1_441' title='bbox 431 4460 582 4519; x_wconf 88' lang='lat' dir='ltr'><strong>equorum,</strong></span> <span class='ocrx_word' id='word_1_442' title='bbox 596 4455 647 4504; x_wconf 86' lang='lat' dir='ltr'><strong>sut</strong></span> <span class='ocrx_word' id='word_1_443' title='bbox 659 4441 837 4520; x_wconf 85' lang='lat' dir='ltr'><strong>agitatorum</strong></span> <span class='ocrx_word' id='word_1_444' title='bbox 851 4452 913 4501; x_wconf 86' lang='lat' dir='ltr'><strong>arte</strong></span> <span class='ocrx_word' id='word_1_445' title='bbox 927 4440 1128 4500; x_wconf 82' lang='lat' dir='ltr'><strong>trahebantur.</strong></span> 
     </span>
    </p>
   </div>
   <div class='ocr_carea' id='block_1_4' title="bbox 0 0 1422 4759">
    <p class='ocr_par' dir='ltr' id='par_1_9' title="bbox 0 0 1422 4759">
     <span class='ocr_line' id='line_1_54' title="bbox 0 0 1422 4759; baseline 0 0"><span class='ocrx_word' id='word_1_446' title='bbox 0 0 1422 4759; x_wconf 95' lang='lat' dir='ltr'><strong> </strong></span> 
     </span>
    </p>
   </div>
  </div>
 </body>
</html>
