2834 4759
179 48 210 93 8⁵
223 36 369 102 Tribulis
385 38 517 103 noster?
540 39 567 103 si
583 40 662 103 satis
676 59 786 116 cerno,
801 40 830 103 is
844 38 1012 105 bercle’st:
1036 42 1118 107 rub!

222 134 334 199 Homo
348 136 469 201 amicus
483 138 578 203 nobis
587 140 655 222 jum
670 138 747 203 inde
762 160 782 201 a
796 158 916 224 puero:
940 138 987 203 Di
1001 139 1096 204 boni!

223 232 259 296 N
260 256 290 297 ω
304 232 475 300 illiusmodi
484 235 552 319 jam
568 236 662 301 nobis
678 258 795 321 magna
808 236 925 300 civium

221 330 417 411 Penuria’st,
430 333 528 398 homo
542 336 674 419 antiqua
687 335 807 400 virtute
821 357 860 399 ac
873 334 960 399 fide:

222 428 326 495 Haud
342 431 407 495 cito
420 430 495 495 mali
508 433 588 517 quid
603 446 711 497 ortum
723 455 766 497 ex
779 432 843 498 hoc
859 436 901 498 sit
914 434 1055 519 publice.

179 538 214 586 9⁰
226 527 337 601 Quam
351 529 479 613 gaudeo
489 555 497 608 ;
520 532 578 596 ubi
591 533 687 596 etiam
698 530 798 616 hujus
812 532 941 617 generis
954 532 1106 617 reliquias

222 625 365 691 Restare
380 628 492 693 video:
516 628 590 705 vah,
606 630 714 695 rivere
727 632 826 695 etiam
838 652 925 695 nunc
939 630 1043 695 iubet.

222 724 390 809 Opperiar
404 725 565 791 hominem
579 725 644 805 hic,
660 738 698 793 ut
713 727 850 794 salutem
864 741 899 795 et
912 729 1088 815 colloquar.

380 1022 570 1097 ACTUS
604 1024 814 1097 TERTH
847 1024 1040 1099 SCENA
1073 1026 1137 1098 IV.

435 1214 556 1263 HttG10.
584 1214 689 1264 GETA.
717 1214 858 1263 DEMEA·
885 1214 1081 1264 PAMPHILA.

219 1338 298 1403 Ptto
313 1338 347 1403 di
361 1338 555 1403 immortales
570 1342 577 1403 Ε
601 1338 726 1404 facinus
739 1338 918 1424 iudignum,
935 1338 1041 1403 Geta:

174 1513 220 1576 Ζ.)
237 1514 328 1563 omissa
346 1512 496 1563 meretricem
516 1514 603 1578 rapuit
640 1515 742 1563 metatu
773 1513 855 1572 thino,
877 1514 920 1577 qui
941 1512 1069 1577 displiceat
1088 1514 1178 1563 talibus
1203 1515 1269 1565 viris
1302 1519 1323 1565 1¹

173 1579 741 1709 ‘duur’
773 1579 951 1635 ¹¹⁰⁶

171 1709 241 1757 cutio
257 1719 304 1767 est,
320 1724 374 1771 quae
391 1720 429 1758 est
443 1710 471 1757 iu
489 1709 574 1757 Bemb.
593 1718 617 1757 et
635 1710 741 1768 Donato,
773 1724 833 1757 uum
845 1719 883 1757 est
897 1725 912 1757 a
927 1724 1001 1757 sensu
1013 1708 1067 1757 loci.
1096 1710 1155 1772 Leg.
1172 1720 1198 1759 et
1213 1711 1269 1759 dist.
1286 1714 1309 1759 It

173 1792 242 1836 quem
253 1777 318 1822 video
325 1778 410 1835 merui
435 1776 465 1823 B.
770 1776 1092 1830 starentdeo,vtmu.nt
1117 1775 1146 1822 B.

207 1841 249 1887 85.
263 1838 356 1887 Versus
364 1840 442 1903 gratia
451 1855 538 1901 sequor
547 1839 676 1887 lectionem
685 1839 738 1887 cod
807 1840 827 1886 1.
837 1840 885 1887 Pro
895 1842 921 1886 dt
930 1837 1097 1901 immortalem]
1107 1840 1169 1887 Haec
1178 1855 1251 1888 scena
1261 1841 1308 1888 fide
1321 1860 1323 1886 ι

173 1904 311 1962 Petrensis,
331 1907 355 1952 Is
370 1906 444 1953 terete
460 1908 524 1953 ruit!
543 1913 571 1952 ut
586 1904 658 1962 iufra,
670 1904 738 1953 inu
771 1904 844 1951 amici
855 1919 913 1966 erga
925 1903 1073 1961 defunctum,
1087 1904 1253 1952 maturitatem
1267 1922 1310 1953 sen

172 1970 214 2016 tt.
237 1971 320 2017 Verum
331 1972 423 2017 bercto:
439 1974 500 2018 coir!
524 1970 552 2017 B.
772 1968 803 2015 lis
814 1968 939 2025 orationis,
951 1980 976 2015 et
988 1968 1167 2017 accusationem
1184 1972 1243 2030 ojus,
1261 1987 1323 2032 quem

207 2034 249 2083 87.
267 2036 314 2082 Na
329 2035 510 2096 s'lb'acmodijam
525 2036 590 2082 uobis
605 2050 689 2097 magna
703 2038 737 2082 ci·
770 2032 859 2081 loedere
870 2033 933 2081 nolit
942 2033 995 2096 ipse
1007 2044 1139 2091 accusator,
1150 2034 1267 2082 continet
1284 2038 1312 2083 Fr

171 2103 237 2146 οιίοι
250 2102 350 2160 penuria
364 2099 411 2161 est]
426 2102 476 2156 Na,
489 2099 567 2147 valde.
596 2098 738 2161 [itiusmodi]
770 2102 836 2145 οὶοοιο
851 2097 984 2160 indignum]
1001 2098 1058 2146 Jam
1074 2099 1184 2146 narrarit
1200 2100 1281 2147 Geta:
1308 2121 1312 2144 ι

171 2164 321 2226 Cuiusmodi
338 2174 376 2211 cst
393 2164 482 2227 Hegio,
493 2164 519 2212 id
535 2173 578 2220 eat,
591 2164 676 2225 qualis.
705 2164 739 2211 Et
770 2175 849 2211 recte:
868 2179 917 2211 uon
929 2162 995 2211 euim
1006 2162 1071 2226 apud
1083 2172 1231 2226 spectatores
1243 2165 1323 2213 iterur:

172 2244 265 2292 magua
283 2227 403 2288 οἰκονομία
419 2245 494 2277 senex
511 2228 630 2285 laudetur,
643 2241 670 2276 ut
681 2244 738 2291 pos·
771 2228 870 2276 fuerunt
886 2228 997 2283 dicenda,
1014 2243 1068 2290 quse
1085 2228 1151 2276 dicta
1167 2239 1232 2276 sunt.
1268 2230 1323 2278 lllu:

173 2292 289 2341 tulationi
301 2296 353 2355 ejuu
364 2294 446 2343 statim
458 2294 522 2343 adsit
533 2294 601 2341 fidon
628 2294 740 2341 D.-Nae
771 2308 831 2341 sane
857 2292 1036 2351 admirandum,
1064 2293 1184 2355 ejusmodi
1211 2294 1323 2357 Hegiou:

171 2360 301 2407 illiusmodi
316 2357 381 2421 jan]
407 2360 482 2407 iionae
500 2357 597 2408 virtutis
615 2358 739 2407 bominem
771 2359 846 2405 rerba
861 2356 952 2415 induci,
963 2358 1045 2419 qualia
1060 2373 1115 2406 esse
1131 2358 1267 2407 debuerunt
1277 2370 1323 2408 tar·

171 2438 230 2471 cum
254 2424 357 2480 videret,
380 2424 443 2472 dixit
466 2423 606 2485 huJusmcdi
628 2424 740 2472 homines
771 2432 856 2486 topere
872 2422 964 2471 laudati
981 2422 1035 2480 viri,
1050 2432 1075 2470 ct
1089 2423 1199 2484 ejusdem
1211 2424 1323 2487 Hegiou:

167 2490 222 2549 Jam
240 2489 267 2537 in
285 2488 384 2536 civitate
400 2504 450 2537 non
466 2504 527 2537 ecse.
558 2488 637 2551 Igitur
653 2488 739 2536 talium
771 2502 799 2534 tc
812 2488 912 2535 Demeae
921 2485 972 2551 (rel
983 2486 1038 2535 dele
1049 2496 1082 2545 et,
1092 2487 1132 2536 vel
1143 2497 1211 2536 muta
1221 2488 1247 2536 in
1256 2493 1282 2537 id
1290 2499 1323 2537 er*

172 2553 285 2601 virorum
294 2563 319 2601 et
327 2553 417 2602 civium
426 2568 514 2617 magne
523 2554 593 2601 nobis
603 2563 639 2601 est
647 2553 738 2618 inopia.
773 2552 823 2600 Sub
840 2552 914 2600 finem
930 2552 985 2615 lege
1001 2567 1057 2600 cum
1068 2553 1145 2600 West
1157 2571 1173 2600 ο
1183 2556 1269 2602 Demea
1282 2556 1309 2602 Z.
1321 2571 1323 2598 ι

172 2618 381 2667 ite-Secundum
410 2630 506 2667 nostros
535 2633 620 2666 omues
647 2633 739 2683 repone
772 2618 886 2666 D.-Pro
900 2620 926 2665 di
941 2617 1112 2680 immortalem]
1131 2618 1193 2665 Hac
1207 2634 1323 2667 scenam·

171 2686 343 2746 οιοςοοοοὺίο.
367 2684 395 2731 Β.
770 2681 921 2731 cusationem
944 2691 1029 2730 tenet:
1058 2698 1115 2730 reue
1139 2683 1205 2730 enim
1229 2684 1323 2732 efficito!

205 2751 247 2797 88.
267 2747 386 2796 Deleatur
401 2751 471 2806 bomo,
486 2748 550 2811 quod
568 2763 664 2796 versum
678 2762 737 2796 one·
770 2747 919 2805 adolescent,
946 2746 1012 2811 quod
1039 2746 1162 2796 vitiaverit
1191 2747 1311 2811 virginem

171 2823 230 2867 rati
257 2822 284 2861 et
304 2812 389 2876 putide
408 2814 447 2862 hic
469 2814 579 2870 iteratur,
594 2828 649 2861 cum
661 2812 738 2861 altero
770 2828 909 2875 quanquam
924 2812 951 2859 in
967 2814 1106 2874 conjectura
1120 2827 1160 2861 res
1173 2826 1226 2862 esse
1237 2814 1323 2877 potuis·

171 2877 265 2926 abhinc
276 2892 350 2927 versu
365 2878 524 2941 precesserit.
553 2877 619 2925 Nim.
638 2877 664 2926 in
681 2892 736 2926 vcr-
770 2888 822 2933 set;
840 2888 920 2925 tamen
933 2876 990 2940 quis
1001 2891 1074 2925 nemo
1083 2887 1163 2952 neget,
1173 2892 1223 2926 uon
1232 2894 1323 2927 accusa

172 2942 212 2991 bis
224 2946 310 2991 etatem
322 2945 452 3001 illiusmodi,
462 2952 504 2991 etc.
517 2943 543 2989 iu
558 2943 646 3005 quibus
655 2942 737 3005 Hegio
769 2942 805 2989 tio
820 2958 866 3005 per
881 2943 1045 3003 conjecturum
1061 2942 1172 2999 efficitur,
1189 2942 1233 2991 ted
1248 2945 1323 3007 posim

170 3009 366 3071 comprehensus
378 3007 738 3070 aequelaudutur,acsiaddas
768 3023 814 3071 per
824 3006 973 3070 qualitatem.
1003 3007 1074 3055 Idem
1090 3007 1157 3055 euim
1170 3007 1269 3058 vitiator
1284 3026 1323 3073 pu·

171 3075 243 3121 bono.
268 3073 298 3121 lt.
769 3072 823 3119 ella
839 3087 895 3120 cum
911 3072 943 3120 sd
957 3081 1060 3120 matrem
1072 3072 1161 3136 puellte
1172 3074 1323 3137 pervenisset·

205 3138 245 3187 89.
264 3140 339 3186 Haud
357 3141 403 3186 cito
420 3140 476 3185 mcii
492 3140 549 3200 quid
564 3144 638 3185 ortum
653 3154 682 3185 ec
697 3140 739 3185 boo
769 3138 882 3200 promisit
907 3152 935 3185 se
962 3137 1072 3195 eundem,
1095 3154 1168 3201 quam
1197 3138 1323 3189 rideretur

171 3206 203 3252 tit
220 3200 328 3265 publice]
352 3202 442 3250 Utrum
458 3202 504 3251 boc
520 3201 628 3266 optantis
644 3211 688 3260 est,
706 3218 738 3250 ne
769 3217 872 3250 uxorem
894 3217 948 3250 esce
971 3202 1108 3250 ducturum.
1146 3202 1220 3251 Nunc
1242 3204 1323 3253 dicitur

171 3268 309 3316 morimur?
327 3282 358 3316 an
377 3278 415 3316 est
434 3267 600 3315 testimouium
619 3267 676 3315 vitae
692 3266 737 3314 ho·
769 3267 834 3329 quod
845 3266 955 3330 rapuerit
963 3267 1123 3315 meretricem.
1147 3268 1323 3331 Reusiitinju

174 3330 679 3395 miuinnunquumobfuturireipubiicaei
704 3332 735 3379 D.
769 3332 868 3379 riorum.
898 3332 1070 3380 lubacsceua
1080 3333 1203 3381 accusatio
1217 3334 1269 3381 sola
1285 3347 1318 3383 est

171 3400 281 3447 -Hcasd
301 3402 348 3445 cito
368 3395 436 3460 mab]
464 3397 503 3444 ita
526 3396 565 3444 bic
587 3398 676 3458 justus,
701 3396 737 3445 ita
769 3396 878 3445 defensio
889 3396 964 3444 nulla.
993 3397 1078 3444 Habet
1088 3397 1162 3444 etiam
1175 3407 1271 3461 partem
1286 3400 1323 3446 ad·

287 3472 326 3511 cst
341 3462 444 3524 integer,
456 3470 484 3509 ut
495 3460 556 3509 nibil
569 3461 625 3510 mali
643 3478 674 3510 err
690 3462 737 3509 boc
768 3460 872 3509 mixtum
888 3460 1060 3509 deliberative.
1095 3462 1159 3509 Num
1176 3463 1323 3524 posteaden·

171 3476 271 3591 pseutpppp
282 3527 350 3575 nesci
362 3526 447 3591 possit.
470 3526 501 3575 E.
769 3526 822 3574 buc
832 3542 887 3589 quoe
897 3537 996 3575 accusat
1007 3526 1080 3585 (Nom
1088 3535 1168 3587 postea
1177 3530 1236 3574 iden
1243 3530 1282 3575 bic
1290 3544 1323 3589 qu:

204 3594 244 3641 9⁰.
270 3594 316 3641 Ubi
335 3594 405 3640 nior»
426 3590 495 3653 bidus
515 3594 607 3654 generis
625 3594 737 3653 reliquias
768 3600 862 3639 accunt
874 3590 915 3651 Z.)
928 3589 1323 3655 etpetitutiadolesceuseaudeu·

171 3666 260 3707 mtcrs
280 3656 378 3719 videet]
400 3656 494 3704 Paucos
515 3671 543 3704 uc
565 3670 632 3704 raros
652 3658 735 3705 bonos.
768 3656 842 3704 ducat
857 3670 967 3704 uxorem.
1001 3656 1035 3703 Et
1055 3655 1134 3703 omnis
1154 3654 1197 3702 iila
1218 3657 1323 3719 superior

172 3722 237 3770 Num
265 3725 384 3783 retqutas,
411 3736 458 3786 pro
484 3720 576 3769 relictis
604 3721 736 3785 paucisque
768 3720 890 3769 cccusctio
901 3720 932 3768 sd
942 3720 989 3767 boc
1001 3719 1086 3776 tendit,
1096 3730 1125 3768 ut
1134 3735 1236 3768 uxorem
1247 3722 1323 3785 potius

171 3786 250 3835 dixit:
267 3786 507 3835 ideonetoreeticm
517 3784 608 3834 dictttm
621 3796 664 3834 est.
687 3786 718 3834 D.
768 3786 842 3834 ducat
851 3794 985 3842 accusatus,
996 3800 1070 3847 quam
1080 3799 1136 3833 reus
1147 3784 1186 3832 sit.
1212 3785 1278 3849 Ergo
1289 3787 1323 3835 iu·

197 3854 237 3901 91.
254 3853 334 3900 Visere
346 3854 483 3899 etiamnunc
494 3848 569 3913 lubet]
585 3850 624 3898 Ex
636 3850 681 3899 buc
690 3850 734 3899 de·
766 3850 886 3913 dignitate
896 3849 932 3898 rei
943 3860 1078 3923 commotus
1088 3850 1195 3912 primum
1206 3850 1252 3899 hoc
1262 3867 1323 3913 que-

97 3972 99 3979 ,
171 3916 303 3965 iactatione
329 3916 465 3965 ostenditur
490 3915 591 3974 Demea,
615 3924 640 3963 et
661 3931 735 3978 quam
766 3913 1240 3972 ritaserruauverumsrtcumdicit:
1261 3920 1323 3966 Geta

97 4022 99 4041 ,
171 3981 331 4044 peccantibus
338 3980 611 4030 sitantsrusacsteruss
629 3992 734 4043 ecquam
766 3984 824 4042 quid
838 3984 941 4028 umas?
963 3978 1046 4027 atille
1062 3978 1323 4031 coufirmatdicendo:

171 4046 327 4108 faciiebujus
337 4045 490 4094 incusatione
503 4046 627 4109 (Hegionis
642 4049 733 4093 incusa-
767 4042 915 4105 &ejectum
941 4044 981 4091 Ita
990 4044 1148 4107 comprobata
1162 4056 1259 4095 resest.
1287 4048 1323 4095 Fit

173 4110 241 4173 tic-i)
250 4120 367 4173 tunquam
374 4110 443 4174 gruvi
451 4109 590 4158 tettimouio
596 4110 734 4158 crediturus
767 4125 799 4159 ex
809 4110 855 4158 boc
866 4108 1037 4173 exaggeratio:
1054 4112 1093 4158 Es
1102 4108 1269 4171 tuu’samttta
1281 4120 1323 4162 tan

172 4175 223 4225 sit:
251 4186 278 4225 et
299 4185 417 4239 quantum
438 4174 558 4225 doliturus
579 4190 653 4239 super
676 4174 734 4223 AEs-
766 4174 1143 4238 itiiterakfocimcssecrtuu?
1166 4174 1197 4224 E.
