2834 4759
567 198 751 263 ELOGIA
777 202 1027 268 VETERUM.
1049 252 1078 268 ,ι

404 326 408 333 ’
432 326 571 458 Mill?
580 350 673 387 mores
683 333 826 392 hominum
833 334 1029 409 humumque,
1042 350 1199 409 mumque,

472 403 499 469 Q
553 412 594 458 ter
605 412 632 458 ct
644 403 861 475 servidccipiant
872 404 1013 461 dominosr
1291 464 1295 473 ,

435 471 509 541 Quid
520 475 655 539 meretrix,
670 474 735 546 quid
746 476 809 530 leno
820 476 890 531 dolia
901 476 1039 547 confimat
1048 492 1145 534 avarus
1151 502 1162 545 ς

469 544 536 599 Huc
548 544 701 635 quicunque
712 546 788 617 legit,
801 546 851 614 sic,
864 556 942 618 puto,
955 558 1050 603 cautus
1062 548 1121 605 erit.

517 1036 592 1111 DE
631 1036 789 1110 AELIO
828 1036 1084 1111 DONATO.

457 1198 649 1287 Hieronym.
672 1202 705 1265 in
720 1200 891 1267 Chronico
913 1200 1043 1288 Olymp.
1065 1201 1141 1268 284.

266 1336 437 1399 Victorinus
454 1338 554 1397 rhetor
568 1350 598 1397 et
612 1337 747 1401 Donatus
765 1338 972 1417 grammaticus
984 1352 1150 1417 praeceptor
1163 1360 1255 1411 meus,
1269 1338 1394 1402 Romae

226 1420 353 1517 insignes
372 1420 535 1515 habentur:
563 1439 580 1478 e
600 1420 707 1498 quibus
728 1417 898 1479 Victorinus
918 1419 1007 1479 etiam
1027 1432 1153 1480 statuam
1172 1420 1202 1480 iu
1220 1421 1287 1481 foro
1301 1420 1391 1482 Tra-

223 1522 295 1581 Jano
309 1514 424 1562 meruit.

500 1594 591 1661 Idem
612 1594 755 1681 Apolog.
779 1595 906 1659 advers.
930 1594 1098 1662 Rufinum.

265 1716 343 1776 Puto
356 1716 437 1795 quod
450 1736 523 1795 puer
536 1714 642 1794 legeris
657 1714 747 1792 Aspri
762 1716 790 1773 iu
810 1712 966 1794 Virgilium
987 1730 1017 1775 et
1037 1716 1208 1776 Sallustium
1228 1738 1393 1778 commen·

228 1798 335 1857 turios:
357 1795 486 1855 Vulcatii
500 1798 529 1854 in
545 1796 690 1856 orationes
707 1795 875 1854 Ciceronis:
899 1796 1042 1856 Victorini
1063 1798 1093 1856 in
1111 1796 1242 1876 dialogos
1255 1798 1335 1877 ejus,
1355 1816 1393 1860 et

226 1878 256 1937 in
275 1878 404 1937 Terentii
425 1876 583 1937 comoedias
602 1877 790 1955 praeceptoris
807 1878 865 1935 mei
880 1876 998 1947 Donati,
1012 1898 1097 1955 aeque
1118 1879 1148 1937 in
1163 1878 1335 1957 Virgilium,
1356 1896 1394 1940 et

226 1958 350 2018 aliorum
364 1960 392 2017 in
406 1958 495 2029 alios,
519 1956 666 2026 Plautum,
680 1956 860 2028 Lucretium,
879 1956 1025 2030 Flaccum,
1046 1958 1188 2029 Persium,
1208 1975 1297 2037 atque
1316 1960 1392 2020 Lu·

226 2060 339 2105 canum.
383 2038 484 2117 Argue
505 2038 756 2117 interpretationes
777 2057 889 2109 eorum,
911 2059 1000 2116 quare
1019 2061 1076 2099 non
1090 2060 1177 2099 unam
1191 2040 1393 2119 explanatio-

226 2116 293 2179 nem
320 2120 412 2179 secuti
440 2120 506 2191 sint,
531 2133 561 2179 et
587 2120 617 2177 in
645 2119 747 2178 eadem
775 2139 807 2177 re
834 2118 914 2197 quod
934 2119 982 2178 rel
1001 2121 1066 2191 sibi,
1087 2120 1135 2180 vel
1155 2120 1219 2180 aliis
1240 2120 1392 2183 videatur

228 2213 406 2261 enumerent.

526 2293 717 2380 Hieronym.
741 2295 774 2358 in
796 2293 926 2360 Eccles.
950 2318 1021 2381 cap.
1047 2298 1075 2363 l.

266 2414 403 2476 Comicus
415 2416 466 2483 ait,
480 2412 562 2473 Nihil
576 2427 621 2473 est
634 2412 755 2485 dictum,
773 2414 853 2492 quod
874 2436 931 2473 non
951 2414 990 2475 sit
1007 2416 1116 2476 dictum
1131 2417 1231 2495 prius:
1252 2417 1338 2477 unde
1356 2433 1394 2479 et

226 2509 390 2590 praeceptor
408 2516 498 2557 meus·
512 2494 655 2565 Donatus,
670 2516 736 2554 cum
757 2495 852 2573 ipsum
865 2495 1042 2557 versiculum
1058 2510 1226 2576 exponeret,
1241 2498 1394 2573 Pereunt,

227 2578 329 2657 inquit,
344 2577 395 2657 qui
408 2590 475 2637 autc
487 2597 541 2636 nos
554 2590 655 2636 nostra
669 2575 817 2636 dixerunt.

562 2981 638 3056 DE
676 2982 1039 3059 EUGRAPHIO.

264 3183 447 3249 Gerbertus
469 3178 632 3267 quondam
655 3177 867 3247 scholasticus
889 3182 931 3246 ad
954 3180 1131 3247 Airardum
1153 3182 1262 3269 Epist.
1283 3184 1344 3249 vii.

226 3326 229 3335 ’
267 3302 462 3364 Petitionibus
486 3300 544 3360 tuis
568 3300 745 3359 annuimus:
779 3312 880 3359 nostra
899 3313 933 3359 ut
953 3303 1124 3379 exsequaris
1148 3302 1274 3380 negotia,
1297 3305 1395 3366 velut

227 3385 354 3466 propria,
369 3403 530 3443 monemus.
566 3380 677 3439 Plinius
691 3380 872 3450 emendetur,
886 3380 1074 3460 Eugraphius
1087 3384 1254 3462 recipiatur.

268 3482 432 3541 Gerbertus
443 3480 491 3539 hic
502 3490 604 3559 postea
618 3478 642 3536 P
656 3477 691 3536 P.
707 3477 811 3547 factus,
826 3476 975 3555 Sylvester
988 3479 1084 3539 dictus
1098 3480 1162 3550 suit,
1174 3480 1312 3558 vixitque
1325 3486 1393 3545 sub

223 3576 229 3585 '
308 3562 427 3622 Othone
442 3560 500 3619 ΙΙΙ.
524 3559 590 3639 Imp
603 3560 682 3619 circa
695 3557 733 3616 A.
750 3557 784 3617 C.
799 3574 990 3618 ncoccxornr.
1013 3560 1082 3621 Vid.
1096 3560 1239 3622 Fascicul.
1251 3576 1392 3646 tempor.

310 3643 480 3723 onuphrius
494 3640 616 3702 Psnrin.
631 3640 662 3700 in
676 3640 777 3700 chron.
791 3638 906 3700 Eccles.
921 3651 951 3703 et
964 3640 1023 3701 alii.
