2834 4759
274 298 875 387 COMMENTARIUM

46 470 227 541 RUFlNl
249 468 294 535 V.
317 468 363 533 D.
384 465 702 536 GRAMMATICI
726 462 1090 532 artmoctfflrtats

341 614 384 671 IN
403 614 536 671 METRA
553 614 812 673 TERENTIANA.

1 761 102 817 libellas,
111 760 236 806 ednodus·
247 759 273 803 s's
281 723 343 819 piar,
356 756 411 802 locis
422 756 658 817 competentiores
668 754 755 803 codices
766 761 807 803 ast
818 756 927 804 maesta
938 772 1028 805 msam
1039 764 1150 821 espectet.

1 890 178 949 inauratus
199 888 229 947 in
250 885 461 946 commentario
478 883 610 943 Terentii
623 884 660 943 de
676 883 785 953 sabula,
804 884 861 945 boc
876 896 931 957 est,
945 886 984 945 de
995 886 1149 960 comoedis,

1 974 29 1030 ic
43 972 140 1030 dicit:
163 969 309 1030 concinna
321 979 504 1045 argumento,
520 964 724 1025 consuetudini
737 984 875 1043 congrus,
890 967 970 1026 utilis
987 970 1150 1041 sententiis,

1 1068 74 1131 pata
89 1051 218 1119 salibus,
233 1062 303 1127 apta
315 1061 420 1106 metro.
454 1046 494 1105 Et
507 1059 609 1124 postea
622 1046 684 1105 sic:
706 1058 820 1104 veteres
832 1047 889 1105 etsi
904 1048 949 1107 usi
962 1048 1018 1127 ipsi
1031 1070 1150 1131 quoquc

2 1135 92 1273 322¹:
104 1126 760 1287 Yalffiibitlii'tsttiffitli
773 1127 1150 1291 idithim&

859 1251 867 1279 i

1 1293 171 1353 comminuti
189 1292 228 1351 ad
245 1291 403 1368 imaginem
417 1308 511 1367 prosae
525 1288 673 1349 orationis.
716 1289 812 1367 Asper
826 1290 856 1347 in
870 1292 1078 1353 commentario
1090 1292 1152 1353 Te·

1 1378 77 1434 eutii
93 1375 159 1433 sic:
188 1372 278 1433 hosce
292 1392 395 1429 versus
414 1388 500 1448 agere
519 1369 675 1447 caepisset:
703 1371 809 1429 “itane
825 1373 918 1449 pltrls
934 1373 977 1432 bis
990 1373 1150 1435 adveniam

0 1462 91 1515 tritri
112 1455 186 1513 hinc
206 1455 305 1512 {bisse
326 1450 471 1510 diimr'rm.¹'
516 1450 557 1509 Et
576 1450 715 1528 deinceps
735 1467 802 1527 qnae
823 1466 985 1528 sequuntur
1004 1454 1149 1532 quadrati.

4 1535 161 1595 tiomedes
172 1533 234 1593 sic:
256 1531 453 1609 septenarium
463 1550 579 1591 versum
592 1530 686 1590 Varro
700 1530 764 1590 fieri
778 1531 848 1591 dicit
859 1532 914 1591 hoc
926 1534 1024 1604 modo,
1035 1556 1102 1595 cum
1113 1536 1150 1597 ad

8 1661 10 1666 .
26 1647 40 1670 ,ι
50 1621 125 1677 bum
138 1614 312 1693 trisyllabus
322 1633 375 1691 pes
386 1610 513 1682 additur,
525 1626 555 1671 et
564 1612 597 1671 lit
607 1611 681 1671 tale:
699 1612 799 1689 “qnid
809 1616 1035 1675 immerentlbr'ts
1046 1619 1150 1679 ubcesl

0 1699 66 1757 uid
81 1696 204 1755 inrides
217 1699 319 1755 amicis
328 1694 363 1753 2¹¹
382 1692 514 1753 similiter
527 1694 557 1752 in
570 1691 712 1752 Terentio
726 1714 829 1753 versus
841 1706 905 1754 est:

33 1784 52 1813 ⁴⁶
66 1778 149 1838 Nam
173 1784 200 1835 si
219 1776 370 1838 remittant
388 1778 540 1853 quippiam
560 1772 743 1833 Philumena
763 1774 903 1834 dblbres.”
935 1774 976 1835 Et
996 1778 1027 1837 in
1045 1778 1152 1841 Plauto

0 1887 26 1911 s·
43 1888 66 1908 .-
92 1858 172 1917 tales
189 1856 385 1935 reperiuntur.
421 1854 517 1915 Varro
536 1854 573 1913 de
592 1854 692 1933 lingua
712 1855 817 1915 Latina
836 1855 875 1915 sd
895 1856 1070 1919 Marcellum
1090 1862 1152 1923 sic:

0 1960 87 1999 auare
101 1941 132 1997 in
146 1936 319 2017 hujusmodi
332 1936 404 1996 locis
418 1937 487 2014 poni
500 1948 616 2014 oportet
630 1952 729 1995 uotam
742 1938 773 1994 in
787 1948 985 1997 manavemurn
1003 1941 1079 1999 inter
1092 1941 1152 2021 syl-

31 2042 89 2091 ·:s,
110 2020 299 2095 frequentius
319 2016 356 2075 ad
376 2032 540 2077 extremum
554 2036 682 2087 versum,
696 2017 853 2087 sennium,
868 2030 898 2077 et
919 2019 1037 2091 similes,
1056 2023 1081 2081 si
1098 2042 1153 2103 pro

24 2099 459 2241 Tali‘dimcliliiiii'd?
476 2098 1154 2257 ipimulitttl'ltlttitiitliz

0 2264 98 2333 moder,
114 2280 186 2321 cum
199 2260 238 2320 ad
251 2262 381 2319 iambum
395 2259 565 2337 trisyllabus
579 2279 631 2336 pes
645 2259 771 2330 additur,
786 2274 820 2319 ut
833 2262 990 2339 praefatum
1003 2276 1058 2325 est.
1080 2264 1153 2325 Bas·

0 2344 58 2403 ius
80 2343 121 2402 sd
144 2341 295 2401 Neronem
316 2340 353 2401 de
374 2340 498 2400 iambico
519 2340 559 2398 sic
581 2340 674 2402 dixit:
695 2341 839 2399 iambicus
859 2356 956 2401 autem
976 2363 1042 2402 cum
1063 2344 1153 2426 pedes

5 2426 88 2483 tiam
107 2422 248 2500 dactylici
268 2423 383 2499 generis
404 2433 541 2490 assumat,
557 2420 664 2479 desiuit
685 2422 827 2480 iambicus
840 2422 943 2492 videri,
958 2424 1014 2482 uisi
1034 2444 1154 2503 percus·

0 2508 83 2563 ione
108 2506 151 2563 ita
173 2503 383 2571 moderareris,
409 2517 441 2560 ut
464 2522 530 2561 cum
554 2501 660 2579 pedem
682 2502 843 2581 supplodis,
868 2503 1024 2563 iambicum
1048 2506 1153 2565 ferias:

15 2613 21 2634 ·
31 2606 130 2661 eoque
143 2584 192 2643 illa
203 2584 272 2642 loca
285 2583 481 2661 percussionis
494 2602 551 2641 nou
565 2582 710 2661 rccipiunt
723 2582 812 2643 alium
826 2604 914 2662 quam
932 2584 1069 2658 iambum,
1084 2588 1156 2647 etei

7 2686 104 2725 arem
119 2666 321 2724 tribrachum:
344 2676 395 2722 aut
415 2664 439 2722 si
460 2662 578 2723 alterius
597 2664 783 2722 exhibuerint
803 2666 888 2722 metri
907 2666 1053 2743 speciem:
1074 2669 1155 2746 quod

1 2748 78 2815 dico,
93 2745 233 2823 exemplo
254 2746 359 2803 faciam
378 2742 528 2813 illustrius.
565 2744 621 2803 Est
641 2744 671 2802 in
694 2744 838 2803 Eunucho
856 2744 986 2804 Terentii
1006 2749 1104 2807 statim
1124 2751 1154 2809 in

2 2830 98 2903 prima
117 2828 225 2904 pagiua
243 2826 292 2885 bic
307 2846 410 2883 versus
431 2826 596 2884 trimetrus:
620 2830 638 2859 ‘⁴
648 2825 786 2893 exclusit,
800 2828 925 2897 revicit,
939 2826 1078 2888 redeam?
1098 2839 1155 2889 non

5 2918 27 2965 si
48 2928 95 2967 me
114 2904 278 2967 msamerss’
314 2905 404 2965 Hunc
420 2906 514 2984 incipe
536 2906 632 2974 ferire,
650 2905 798 2965 videberis
817 2906 938 2966 heroum
954 2907 1062 2968 habere
1079 2912 1155 2971 inter

5 3009 107 3047 manus
129 2988 167 3047 ad
187 3008 332 3045 summam
356 2986 457 3065 paucis
479 2986 598 3065 syllabis
620 2986 650 3044 in
674 2997 825 3064 postremo
847 2989 977 3059 mutatis,
1002 3003 1081 3050 totus
1101 2993 1156 3053 erit

7 3070 123 3127 herona.
160 3074 179 3101 “
191 3068 338 3137 Exclusit,
353 3080 480 3137 revocat,
496 3067 635 3126 redeami
657 3087 715 3126 non
730 3068 754 3126 si
772 3088 837 3127 mea
857 3068 937 3127 liat.”
971 3070 1081 3131 Ponam
1100 3074 1155 3133 du·

8 3151 86 3207 bium
99 3148 232 3208 secundo
243 3150 308 3208 loco
318 3148 433 3226 pedem,
445 3149 565 3225 propius
579 3146 726 3209 accedam.
751 3148 876 3209 “Herus
890 3150 1009 3221 atridas,
1024 3153 1155 3213 coelltrim

9 3239 97 3289 testor
120 3230 240 3289 fidem.”
279 3228 375 3287 Varro
396 3230 424 3287 in
447 3226 517 3287 Vll.
540 3226 683 3289 clausulas
708 3249 826 3307 quoque
848 3230 975 3307 primum
997 3234 1156 3311 appellatas

8 3310 117 3377 dicunt,
133 3310 215 3387 quod
235 3308 404 3369 clauderent
424 3310 606 3379 sententiam,
626 3322 660 3367 ut
683 3310 761 3387 apud
779 3311 920 3370 Accium:
943 3317 1008 3372 “sn
1021 3314 1086 3373 lroec
1093 3315 1157 3394 jam

8 3391 88 3448 obliti
102 3405 172 3449 sunt
187 3390 320 3467 Phryges
330 3390 366 3447 ?”
394 3388 610 3469 Nonnunquam
625 3392 663 3449 ab
676 3390 723 3449 bis
736 3391 850 3449 initium
865 3391 907 3462 iit,
922 3407 954 3452 ut
968 3394 1046 3471 apud
1061 3394 1157 3456 Caeci-

8 3470 93 3529 lium:
117 3471 178 3529 “di
199 3474 265 3529 bbni
283 3472 356 3549 quid
375 3470 472 3530 hbc?”
507 3470 597 3549 Apud
619 3469 811 3530 Terentium:
834 3473 1020 3533 “discrucior
1040 3478 1159 3536 animi.”
1270 3468 1274 3475 ⁵

10 3552 91 3609 idem
106 3549 204 3610 Varro
224 3552 254 3611 in
275 3552 379 3611 eodem
399 3549 451 3610 lib.
466 3550 538 3611 Vll.
559 3551 596 3610 de
617 3550 718 3630 lingua
737 3551 842 3612 Latius
862 3552 900 3613 ad
922 3554 1095 3616 Marcellum
1115 3560 1158 3618 sie

10 3632 96 3689 dicit:
119 3646 170 3692 aut
194 3633 224 3691 in
244 3648 409 3691 extremum
431 3634 575 3692 senarium
598 3632 722 3691 totidem
745 3634 942 3711 semipedibus
963 3635 1086 3714 adjectis
1107 3638 1159 3699 liat

11 3715 136 3771 comicus
160 3712 332 3791 quadratus,
358 3726 390 3771 ut
415 3714 480 3772 bic:
507 3713 598 3772 “beri
623 3713 736 3790 aliquot
759 3714 968 3775 adolescentuli
992 3718 1103 3778 coimus
1127 3719 1157 3778 in

12 3792 150 3853 Piraeeo.’'
187 3793 351 3853 Trimetros
366 3814 469 3853 versus
490 3794 631 3853 iambicos
643 3794 774 3852 Terentii
788 3809 817 3853 et
832 3794 927 3854 Plauti
941 3810 971 3857 et
985 3811 1158 3859 caeterorum

12 3876 186 3933 comicorum
201 3890 231 3932 et
244 3876 420 3952 tragicorum
436 3872 481 3933 M.
493 3874 608 3934 Tullius
624 3875 753 3935 senarios
767 3874 839 3935 dicit
853 3890 883 3935 et
894 3878 1031 3937 nominat.
1063 3880 1161 3947 Quin-

14 3954 125 4013 tilianus
138 3956 229 4013 etiam
244 3956 392 4015 trimetros
407 3957 535 4015 senarios
550 3957 721 4015 nominavit.
747 3956 787 4015 Et
802 3956 920 4017 Flavius
934 3956 1029 4037 Caper
1043 3960 1072 4020 in
1087 3964 1159 4021 arti·

12 4035 63 4093 bus
77 4038 137 4095 suis
156 4036 309 4095 trimetros
323 4056 426 4097 versus
448 4038 586 4096 iambicos
600 4036 732 4095 Terentii
753 4038 880 4097 senarios
901 4039 1068 4117 appellavit.
1112 4044 1159 4103 De

14 4118 107 4175 metris
120 4116 255 4177 Terentii
268 4130 298 4175 et
309 4116 406 4176 Plauti
418 4130 448 4175 et
458 4130 631 4177 caeterorum
643 4118 821 4191 comicorum
831 4132 861 4177 et
871 4120 1045 4197 tragicorum
1057 4120 1162 4183 Victo-

13 4197 87 4255 rinus
98 4198 140 4257 sic
148 4198 238 4257 dicit:
255 4214 397 4277 quantum
406 4211 502 4257 autem
511 4198 549 4259 ad
559 4218 676 4259 versum
686 4200 829 4260 comicum
837 4214 960 4277 spectat,
968 4215 1001 4260 ut
1010 4203 1161 4283 paululum

13 4297 177 4355 evagemur,
198 4280 261 4339 scio
280 4278 424 4357 plurimos
445 4278 599 4350 affirmare,
620 4279 812 4339 Terentianus
833 4280 880 4339 vel
900 4282 1027 4341 maxime
1047 4284 1162 4344 fabulas

14 4374 135 4418 metrum
159 4358 198 4419 ad
219 4360 406 4439 disciplinam
429 4358 602 4421 Graecarum
627 4361 839 4421 comoediarum
861 4381 920 4420 nou
943 4362 1115 4432 custodisse,
1141 4366 1161 4426 i.

14 4458 81 4515 quas
102 4438 277 4512 Menander,
293 4440 459 4511 Philemon,
475 4440 621 4520 Diphilus,
640 4454 670 4500 et
689 4442 790 4501 caeteri
808 4442 973 4502 ediderunt.
1010 4444 1113 4502 Nostri
1132 4465 1161 4506 n.

562 4541 611 4579 se
