2834 4759
224 134 286 202 lla
661 133 940 202 TERENTII
1220 134 1342 218 [actua
1358 154 1377 199 ι.

264 270 401 355 Nuper:
424 271 496 355 ejua
510 270 611 335 frater
623 268 824 355 aliquantum
839 271 882 335 ad
897 292 965 335 rem
979 282 1031 336 ert
1045 270 1178 335 avidior.

265 366 311 444 la,
326 368 383 431 ubi
396 366 482 432 hanc
496 367 600 431 forma
613 368 694 432 vidit
706 366 846 432 honesta
859 368 1027 452 virginem,

265 465 313 529 Et
326 464 448 529 fidibus
460 466 553 542 scire,
567 466 708 549 pretium
723 486 870 549 sperans,
886 464 971 530 illico

262 561 432 639 Producit,
447 562 576 626 vendit:
600 561 684 625 forte
699 561 831 625 fortuna
844 561 939 627 affuit

218 673 250 721 ll
262 659 329 725 Hic
343 680 435 723 meus
449 660 570 723 amicus
582 683 589 722 :
612 660 690 722 emit
704 680 776 723 eam
791 660 878 723 dono
891 658 981 736 mihi,

261 756 456 841 Imprudens
470 756 586 820 harum
600 778 710 821 rerum
724 756 921 841 ignarusque
936 758 1088 823 omnium.

262 855 296 920 la
311 857 416 919 venit:
440 865 614 940 postquam
628 855 730 919 senuit
744 876 795 919 me
810 866 917 920 tecum
932 878 1063 940 quoquc

262 952 350 1019 Rem
362 952 496 1029 habere,
512 952 607 1037 fingit
620 974 748 1028 musar,
763 974 805 1015 ne
821 954 889 1030 det,
905 952 1039 1017 sedulo:

262 1048 333 1127 Ait,
349 1050 377 1113 ai
391 1049 490 1114 iidem
504 1048 636 1126 habeat,
653 1070 688 1112 ae
702 1050 742 1111 iri
756 1050 967 1135 praepositum
981 1051 1041 1115 tibi

219 1160 252 1209 oo
263 1146 366 1232 Apud
381 1169 443 1224 me,
459 1169 497 1211 ac
509 1169 574 1211 non
588 1148 622 1212 id
637 1158 771 1224 metuat,
786 1169 839 1225 ne,
855 1148 912 1212 ubi
927 1148 1118 1233 acceperim,

227 1296 230 1301 .
263 1246 345 1310 Sese
359 1244 556 1329 relinquam:
580 1244 661 1309 veile
678 1244 813 1310 seillam
829 1244 906 1307 mihi
921 1246 1019 1309 dare:

263 1342 387 1408 Verum
402 1343 435 1406 id
450 1342 572 1420 vereri3
596 1343 666 1420 sed,
681 1364 744 1427 ego
759 1353 914 1426 quantum
931 1343 1090 1425 suspicor,

263 1440 320 1506 Ad
336 1442 492 1526 virginem
507 1441 647 1505 animum
661 1441 792 1525 adjecit.
831 1438 896 1503 ΡΗ.
914 1438 1064 1503 Etiamne
1080 1439 1243 1525 amplius?

221 1604 269 1654 tua,
291 1596 362 1645 Aaiu
385 1596 451 1645 Prol.
476 1598 497 1644 l.
532 1600 584 1645 Hor
608 1601 679 1659 agile,
707 1599 783 1654 rullr'r,
815 1612 976 1657 unaquoque:
993 1594 1320 1671 tanquamirarrendiJuata
1331 1610 1378 1642 mu·

273 1668 364 1709 utores.
396 1661 430 1708 Et
445 1662 560 1709 convenit
576 1662 644 1710 velut
660 1671 722 1709 nutu
739 1676 783 1709 au·
815 1659 1145 1723 gisuitcuusamilimquum
1157 1658 1288 1708 Phaedriae.
1317 1660 1378 1707 Nam

239 1724 338 1773 ientiam
349 1724 517 1786 aigniflcantia,
530 1735 553 1773 et
563 1736 634 1789 gratu
645 1726 691 1773 hoc
702 1726 784 1801 iprum
815 1726 893 1779 ararit,
906 1734 930 1772 et
947 1732 1027 1781 lecara,
1040 1735 1065 1772 ει
1080 1740 1173 1787 quoque,
1185 1724 1235 1773 hoc
1252 1723 1377 1787 rigniticat.

221 1788 338 1850 adjurari.
361 1791 413 1837 Hoc
424 1793 494 1851 agite,
506 1790 533 1838 id
544 1800 589 1849 cat,
599 1790 660 1838 illud
671 1790 784 1849 dermite,
816 1790 872 1836 Rara
883 1786 979 1851 labne]
992 1788 1032 1835 Sic
1044 1788 1115 1847 dixit,
1127 1799 1156 1837 ut
1165 1789 1272 1837 honemr
1283 1803 1323 1836 rea
1333 1788 1377 1834 im·

221 1864 248 1901 ει
258 1852 304 1899 hoc
315 1853 442 1900 attendite.
466 1852 498 1900 D.
815 1866 877 1916 pura
887 1852 990 1901 dicatur.
1015 1852 1047 1901 D.

255 1918 294 1963 61.
307 1916 402 1978 Nuper]
415 1916 450 1964 Ut
460 1916 540 1965 adhuc
551 1932 620 1966 amor
630 1917 733 1979 flagrare
745 1916 782 1965 vi·
849 1918 887 1963 68.
911 1918 949 1964 Νι
965 1920 1011 1973 del,
1028 1914 1119 1979 sedulo]
1136 1919 1228 1976 Sedulo,
1246 1915 1302 1965 aine
1317 1914 1377 1971 dolo,

222 1980 316 2037 deutur,
333 1980 428 2029 rddidit
443 1998 522 2041 nuper.
560 1984 736 2043 Aliquantulum
752 1984 785 2029 ad
816 1980 862 2027 hoc
874 1989 918 2036 eat,
930 1980 1048 2043 impense.
1073 1980 1105 2028 D.

221 2060 269 2093 rara
286 2052 321 2093 erl
337 2044 439 2108 auidior]
457 2044 534 2093 Vultu
553 2046 735 2093 accommodato
753 2046 783 2093 ad
849 2044 888 2092 69.
905 2044 962 2105 All]
975 2045 1077 2108 Semper
1087 2048 1123 2092 ull
1134 2044 1248 2103 dicimur,
1258 2058 1331 2107 quum
1341 2040 1378 2089 rel

221 2108 435 2172 reprehensionem
447 2109 658 2173 pronunciandum
671 2119 716 2158 eat.
745 2112 785 2158 Arl
815 2106 1376 2165 invisanobisetuudientibuu‚velvanarlicru

221 2172 382 2236 reurrtdlor]
395 2174 497 2237 Proprie
507 2177 602 2222 auidam
632 2174 723 2222 Etrrur
739 2188 782 2237 pe-
816 2172 1062 2235 narramusalirujua
1092 2176 1195 2233 &fidem
1211 2170 1312 2235 marat]
1327 2171 1377 2218 Hoc

222 2238 319 2286 cuniam
332 2238 404 2285 modo
415 2238 481 2288 dicit.
505 2238 537 2285 Ι).
816 2245 861 2293 εει,
873 2236 894 2284 εἰ
906 2236 992 2285 luciam
1009 2236 1098 2298 aliqua,
1110 2238 1174 2287 unde
1190 2239 1278 2287 credat
1293 2252 1320 2283 aa
1335 2232 1375 2281 tibi

255 2303 295 2349 ⁶2
312 2303 407 2350 lrlrour
422 2305 462 2350 ubl
470 2299 562 2364 sorno]
576 2302 615 2350 Ex
631 2302 711 2350 alienu
727 2317 784 2366 prr·
815 2300 933 2365 praeponi.
963 2304 1064 2362 Slfidem
1075 2300 1172 2364 horat]
1186 2302 1213 2349 Si
1226 2302 1373 2351 crederem-

222 2381 283 2414 rona
310 2364 364 2413 vult
390 2366 519 2415 ostendere
547 2376 636 2429 prater
662 2366 783 2424 affectum,
848 2374 895 2421 tur,
910 2364 936 2414 id
954 2376 998 2421 est,
1016 2365 1036 2413 ai
1053 2367 1151 2413 creduli
1174 2368 1243 2415 uude
1257 2365 1376 2427 fidejusror

222 2429 307 2492 quanti
316 2429 364 2477 ribi
373 2430 515 2477 lacrimanda
526 2430 572 2478 rit:
590 2440 616 2477 ει
627 2440 718 2491 quanto
729 2445 784 2478 mu·
834 2428 914 2485 icitur,
926 2429 971 2477 hoc
988 2440 1032 2485 eat,
1050 2440 1134 2477 auctor
1150 2430 1275 2479 credendi.
1304 2431 1332 2476 Se
1347 2428 1375 2473 lrr'

222 2508 282 2541 nera
294 2492 365 2541 mileu
379 2494 497 2542 Phaedria
513 2506 635 2542 meruerat
652 2494 726 2557 (lege,
738 2511 784 2543 ure-
813 2498 961 2553 propositum
978 2496 1022 2541 libr·
1039 2497 1103 2555 apud
1118 2493 1165 2556 are]
1182 2490 1334 2555 Ἀναστροφὴ
1350 2490 1373 2537 in

222 2558 308 2615 ruerit)
325 2558 449 2621 anteponi.
479 2559 638 2606 D.—Senaur
656 2568 682 2605 et
699 2574 785 2607 veruna
817 2557 900 2613 verbo,
911 2562 1058 2618 prepositum
1074 2562 1113 2616 ἐπ’,
1130 2574 1157 2606 ac
1175 2557 1314 2607 necessaria
1332 2555 1373 2602 im·

222 2622 354 2685 postulant,
367 2623 399 2680 Ιι,
411 2625 451 2670 ulr'
461 2638 509 2671 erra
519 2620 660 2683 lancsorrar
671 2626 734 2671 ridet
744 2625 784 2670 luo-
816 2620 917 2684 plicatio
928 2620 953 2668 in
968 2621 1013 2679 hir,
1025 2636 1080 2683 qum
1096 2622 1157 2669 dura
1172 2622 1242 2671 dictu
1259 2632 1322 2671 aunt
1345 2618 1371 2664 D·

223 2694 289 2734 uarro
299 2690 417 2747 virginem.
442 2687 469 2734 Β.
816 2686 953 2745 -Sr'fidrru
969 2689 1059 2741 habrct,
1071 2702 1095 2734 rr
1112 2690 1143 2733 iri
1157 2691 1305 2748 praeporiluaa
1321 2679 1372 2742 rili]

256 2751 295 2797 66.
313 2752 346 2797 Er
356 2752 444 2809 fidibus
458 2749 531 2813 urire]
549 2750 654 2798 Veturia
670 2749 784 2809 ἔλλειψις.
819 2748 875 2796 Hoc
895 2758 939 2805 eut,
958 2750 979 2797 si
998 2749 1102 2813 accipiat
1122 2750 1203 2807 fidem,
1224 2766 1265 2799 me
1284 2762 1372 2813 prepo-

224 2814 441 2877 Pretr'umrpercur]
451 2815 527 2862 Deest
535 2830 658 2877 maguum
674 2813 784 2877 ut,Virg.
817 2812 895 2861 ruirre
907 2814 1067 2874 lpraeporuirre
1078 2831 1102 2862 re
1115 2814 1154 2875 Ζ.)
1167 2814 1219 2862 tibi
1246 2815 1275 2863 Ε.

223 2878 313 2941 Georg.
330 2876 365 2925 iii.
386 2879 448 2936 184..
463 2887 487 2926 el
504 2880 594 2927 uralulo
604 2877 685 2940 frenos
703 2881 786 2927 audire
850 2878 889 2925 60.
907 2880 1034 2938 Apadna,
1051 2894 1079 2925 ac
1094 2894 1138 2925 aon
1156 2882 1182 2926 id
1198 2876 1301 2940 uerum]
1322 2874 1372 2921 [³ss⁰

223 2950 336 2991 marles.
360 2942 392 2991 D.
817 2950 882 2997 aunt,
897 2941 918 2989 ai
936 2942 1008 2990 fidum
1024 2942 1119 2999 habeat,
1132 2952 1158 2991 et
1173 2942 1194 2990 ai
1211 2958 1263 2991 uon
1280 2946 1372 2989 metuar.

257 3009 296 3054 64.
317 3009 445 3055 Produrll:
468 3006 558 3069 uadit]
576 3006 685 3069 Proprie.
721 3006 785 3053 Nam
817 3005 883 3060 Quid
906 3015 988 3054 autem
1011 3021 1059 3053 non
1083 3008 1192 3055 metuat?
1219 3026 1257 3064 ne,
1279 3008 1317 3053 ull
1337 3017 1371 3049 rr·

220 3074 319 3132 produci
335 3086 375 3119 rea
391 3070 490 3119 venales
508 3070 629 3119 dicuntur.
658 3073 785 3118 Producit:
817 3074 921 3131 repertu,
938 3087 986 3118 rrrr
1002 3070 1141 3133 relinquam]
1160 3070 1210 3119 Hic
1225 3074 1277 3133 jan
1295 3078 1371 3116 caurus

222 3134 314 3197 uadit]
329 3136 389 3183 Hac
405 3135 517 3183 celeritas
528 3134 675 3183 vendibilem
692 3134 785 3183 indicat
817 3134 943 3197 petitionis
958 3134 1071 3182 ostendit.
1102 3136 1157 3183 Hoc
1173 3146 1257 3185 autern
1273 3132 1371 3198 petitura

223 3214 337 3247 mercem.
366 3198 551 3263 Fortesorluaa]
566 3200 595 3248 ld
606 3210 650 3258 eal,
660 3200 725 3247 bona
734 3198 784 3247 ior·
817 3208 855 3246 eat
866 3199 989 3255 meretrix,
998 3210 1026 3247 ut
1037 3214 1127 3263 paucoa
1137 3200 1238 3249 interim
1251 3200 1309 3252 dies.
1318 3210 1371 3257 quc·

223 3271 290 3312 tuna.
315 3264 347 3311 D.
816 3278 894 3325 usque
905 3264 987 3327 puella
998 3264 1063 3311 douo
1071 3264 1150 3322 detur,
1162 3265 1259 3313 milera
1293 3262 1368 3309 dne·

257 3329 296 3375 66.
320 3330 368 3376 ffic
383 3344 445 3376 rarae
460 3327 560 3390 amicus]
577 3327 641 3382 Quia
657 3327 725 3375 locua
748 3336 785 3375 eat
817 3326 929 3375 retricem
940 3326 967 3374 in
978 3342 1060 3375 amore
1075 3340 1240 3393 preponatur.
1295 3320 1371 3371 -Alfi

224 3392 375 3449 meritorum,
387 3408 435 3440 non
444 3395 495 3454 jam
507 3392 632 3449 mileured
647 3409 709 3440 meur
725 3396 783 3439 amr·-
816 3390 953 3453 leguntulu‘
965 3406 1022 3439 uait
1034 3397 1165 3455 acceperim.
1190 3393 1218 3441 B.

224 3474 271 3505 rur.
298 3456 362 3504 Vide
378 3457 443 3504 enim
455 3456 514 3518 quid
525 3466 655 3519 aequatur:
673 3460 735 3513 erait,
745 3456 784 3503 in·
850 3456 889 3503 62.
910 3458 957 3504 Sea
971 3472 1012 3518 ego
1027 3466 1137 3520 querulum
1152 3456 1268 3522 suspicor]
1281 3454 1334 3505 Alta
1349 3458 1370 3497 et

224 3521 284 3584 quit,
296 3538 346 3570 eurr
358 3524 414 3569 douo
429 3524 493 3577 nili,
504 3524 635 3581 inprudens
650 3524 730 3568 luorum
747 3538 785 3568 re-
817 3530 888 3568 acuta
906 3520 1023 3569 inventio.
1058 3520 1109 3569 Scit
1127 3523 1246 3571 meretrix
1263 3523 1306 3570 hoc
1324 3514 1371 3589 ⁸⁰¹9

223 3602 281 3634 ruar.
311 3585 362 3633 Hic
373 3586 509 3633 ostenditur
520 3600 592 3647 quam
605 3584 691 3632 avidua
706 3584 733 3631 id
748 3584 784 3632 ia·
818 3594 938 3632 amatores
954 3585 1067 3633 inimicos
1083 3602 1144 3643 erae,
1159 3588 1224 3649 quod
1241 3587 1304 3635 idem
1320 3579 1369 3629 dili·

224 3649 393 3706 cerruairem
405 3650 611 3714 penituanoaaetr
627 3648 787 3697 rimuletiam
852 3658 886 3695 nt.
913 3648 1047 3711 Magnifice
1059 3650 1140 3713 igitur,
1152 3660 1180 3698 ut
1196 3651 1280 3700 nvriia
1295 3646 1368 3695 odium

224 3714 369 3770 ostenditur,
377 3725 467 3776 quantu
474 3722 567 3761 recreta
575 3713 641 3761 dican
652 3712 785 3761 Phrrdrimr
835 3711 934 3761 eliniret
945 3715 1062 3773 (declinet,
1082 3714 1129 3763 Mu
1143 3715 1236 3763 Boend.
1250 3717 1310 3764 banc
1325 3710 1368 3757 iec-

223 3776 788 3904 ”ll‘lffltllttulmu
819 3775 1369 3902 tilidttztlltttfftlllltll:

290 3879 297 3891 ·
630 3875 637 3899 r
1053 3877 1059 3898 r

223 3907 335 3971 orauluur]
351 3907 485 3963 Prudentia,
501 3904 620 3954 naturalia
636 3915 687 3952 eut:
702 3908 785 3967 guara·-
818 3904 908 3966 ginem.
936 3906 1085 3954 D.··-Finita
1103 3906 1242 3956 narratione
1258 3898 1371 3956 concludit

225 3980 269 4029 lar,
281 3972 433 4021 extrinsecus
444 3970 519 4019 venit.
547 3972 785 4031 Inpruderrfflcrae,
818 3983 834 4016 ι
850 3968 997 4033 aurpicione‚
1015 3970 1188 4033 nescioquem
1208 3972 1299 4020 exitum
1319 3978 1367 4014 nar·

223 4040 327 4099 trum,
343 4036 473 4111 peralioar
492 4035 537 4082 hoc
554 4044 599 4090 eat,
611 4033 652 4096 qui
669 4047 715 4080 uec
731 4048 785 4081 rur·
818 4032 903 4091 rantis,
919 4034 983 4095 quod
1001 4032 1066 4082 idern
1085 4034 1163 4091 mileu,
1177 4036 1229 4096 jam
1247 4034 1330 4083 amireo
1344 4040 1366 4073 ⁸·

224 4100 320 4165 pictura
331 4110 371 4156 art,
382 4115 463 4162 neque
473 4114 505 4147 ex
515 4098 597 4159 aliquo
607 4096 720 4145 audierit.
744 4097 776 4145 Ι).
818 4112 886 4144 ιιιοιε
904 4096 1046 4155 meretricia,
1065 4113 1130 4146 nunc
1146 4099 1265 4163 virginem
1285 4094 1366 4155 diligat

257 4164 296 4213 67.
320 4166 443 4227 Postquam
461 4166 533 4211 reudl
551 4180 585 4210 uu
605 4170 678 4209 lecum
700 4177 787 4224 quoque
821 4160 1035 4210 Hocenimdiait.
1057 4162 1087 4210 Ε.

223 4244 271 4277 mr
282 4226 378 4289 labere]
400 4226 513 4290 (Excidit
522 4227 605 4286 seurlt)
619 4240 668 4273 non
684 4224 785 4283 dictum,
851 4226 890 4272 63.
911 4228 951 4273 Au
966 4229 1077 4289 rlrglueur
1094 4230 1194 4275 nulnum
1211 4220 1366 4291 alljrcil]011²'

223 4290 471 4353 aedquaaicelatum.
500 4294 714 4339 Sentinatem
730 4306 785 4352 quo·
818 4288 864 4337 hoo
876 4288 982 4337 inferat?
999 4301 1027 4338 ut
1038 4291 1075 4339 rel
1086 4290 1190 4340 loedrndi
1203 4292 1286 4341 militia
1296 4296 1365 4335 causa,

223 4372 267 4418 qur
276 4370 325 4404 rear
335 4355 431 4418 laun]
445 4356 538 4419 Magno
548 4354 657 4419 pondere
667 4352 738 4412 dixit,
751 4362 784 4402 ta·
819 4352 931 4401 Phoedria
940 4354 1048 4417 patiatur
1059 4370 1122 4413 eum,
1132 4370 1204 4418 quum
1216 4366 1287 4412 amet,
1295 4362 1317 4401 ct
1328 4362 1365 4395 no-
