2834 4759
408 192 471 251 DE
498 190 743 252 THEATRO.
1117 192 1150 252 ls

56 331 77 375 et
86 316 161 377 locum
172 320 324 397 preberent
337 322 517 382 circumactis
532 322 651 382 theatris
664 323 693 381 in
715 321 920 401 amphitheatri
932 322 1067 394 formam,
1081 336 1150 403 post

56 398 118 457 ludos
129 401 241 460 scenicos
254 401 408 461 absolutos.

242 529 372 595 Theotri
386 530 599 616 conformatio
608 559 621 606 ,·
642 531 777 617 ejusque
787 540 914 617 portes.

81 628 186 707 Sedquo
204 632 312 691 tandem
333 634 465 703 artificio,
480 654 574 711 quave
598 634 739 693 industria
760 634 936 694 {edificatum
959 634 1049 694 luerit
1070 636 1150 713 apud

53 712 154 787 antiquos
173 712 308 773 theatrum
330 714 540 793 prospiciendis
563 714 685 773 scenicis
708 713 787 773 ludis
811 716 957 784 idoneum,
980 716 1081 794 paucis
1101 716 1150 777 hic

54 792 113 849 robis
129 811 273 870 proponere
290 795 370 865 libet,
384 816 420 854 ne
440 794 511 873 quid
526 815 624 855 aarum
639 815 735 853 rerum
749 797 972 873 praetermisisse
986 795 1148 869 videamur,

52 872 145 947 querci
162 874 230 932 hunc
249 894 408 935 sermonem
429 876 573 954 pertinere
590 876 771 955 judicentur.
813 876 904 943 Quod
918 890 1015 935 tamen
1035 878 1152 937 nonita

51 952 207 1029 recipiendum
221 958 283 1025 erit,
297 958 378 1033 quasi
398 957 435 1016 ad
457 977 582 1035 unguem
597 976 778 1034 expressum,
793 957 846 1016 sed
859 958 965 1035 partim
980 956 1150 1035 conjectura

51 1048 71 1087 ct
80 1033 167 1092 ratium
178 1050 280 1105 natum,
294 1039 398 1115 partim
412 1058 451 1096 ex
464 1038 498 1096 iis
512 1038 699 1115 descriptum,
712 1058 780 1116 quaa
794 1050 857 1097 tum
870 1040 901 1097 in
919 1038 1043 1116 antiquis
1057 1038 1150 1097 ruinis

50 1112 167 1189 sliqumdo
179 1117 309 1187 vidimus,
320 1131 382 1177 tum
394 1119 481 1177 etiam
494 1119 721 1187 exauctoribus,
732 1119 782 1194 qui
796 1118 833 1177 de
847 1118 901 1178 hac
915 1138 946 1177 re
960 1120 1016 1177 scri
1054 1132 1150 1188 erunt,

52 1196 285 1270 conprehendimus.
328 1198 431 1277 ltaque
453 1200 578 1276 primum
598 1197 817 1277 intelligendum
831 1212 876 1257 est
890 1198 1009 1277 (quema
1030 1199 1150 1259 modum

50 1274 111 1348 paulo
120 1292 175 1335 ante
187 1278 373 1355 docebamus)
388 1280 531 1338 theatrum
546 1280 634 1338 luisse
654 1281 683 1338 in
704 1279 877 1339 semicirculi
892 1280 1016 1357 liguram
1030 1299 1151 1357 compo-

52 1354 203 1434 mumurque
223 1360 262 1418 ita
276 1360 496 1428 conformatum,
513 1372 544 1418 ut
564 1378 647 1437 reque
667 1374 768 1437 gestus
789 1360 999 1438 prospicerent,
1014 1380 1048 1419 ac
1062 1380 1150 1420 voces

54 1433 145 1496 rutum
164 1440 234 1516 (sine
254 1440 381 1499 tumultu
405 1438 513 1517 tamen)
525 1441 575 1518 qui
599 1439 637 1498 ad
659 1440 751 1499 latera
774 1454 805 1499 ct
824 1441 855 1499 in
876 1442 998 1500 summis
1016 1440 1152 1501 sederent

55 1516 253 1599 mutuasque
269 1521 298 1588 ii,
312 1522 362 1598 qui
377 1522 405 1579 in
419 1522 484 1579 imis
501 1520 590 1599 juxta
610 1540 736 1580 scenam.
774 1521 898 1580 Coccum
911 1540 1017 1580 vocare
1035 1521 1151 1581 videtur

56 1590 127 1655 Plinius
137 1598 225 1660 locum
239 1602 268 1660 in
284 1603 407 1671 theatro,
422 1601 561 1680 gradibus
575 1622 609 1661 ac
623 1602 742 1661 sedibus
755 1615 954 1661 constructum
968 1616 1056 1679 atque
1069 1621 1150 1661 conr·

55 1677 197 1749 postumio
223 1703 283 1761 quo
310 1682 427 1741 sederet
454 1682 589 1761 populus.
632 1681 731 1741 Cavea
757 1683 821 1761 ipsa
844 1682 953 1759 (inquit
974 1682 1012 1741 de
1034 1682 1150 1742 theatro

53 1754 130 1834 deun)
146 1763 218 1839 cepit
237 1764 388 1823 bominum
409 1764 556 1842 octoginta
576 1762 683 1821 millia:
712 1784 778 1822 cum
807 1764 939 1839 Pompeii
963 1764 1068 1821 theatri
1091 1763 1149 1838 (sic

51 1836 100 1895 min
113 1838 252 1919 legendnm
268 1857 331 1903 est:
354 1864 420 1903 nam
442 1863 587 1921 nunquam
609 1842 766 1920 Pompeius
786 1844 1029 1922 amphitheatrum
1043 1841 1150 1921 edidit)

50 1918 108 1977 toties
121 1922 300 2001 multiplicata
316 1926 397 1995 urbe,
413 1938 550 2002 tantoque
569 1923 680 2002 majore
699 1924 817 2003 populo,
832 1924 959 1983 sufficiat
976 1924 1056 2003 large
1077 1944 1150 2002 qua·

51 1994 145 2075 lugiuta
160 2004 245 2064 millia
263 2006 377 2064 sedere.
420 2004 484 2063 Nisi
505 2004 597 2063 mavis
611 2024 729 2064 caveam
750 2005 882 2083 accipere
903 2026 956 2083 pro
971 2019 1032 2065 tota
1045 2006 1152 2065 theatri

50 2082 175 2154 sudate,
189 2100 220 2144 ut
236 2088 324 2145 etiam
344 2106 460 2145 scenam
482 2086 574 2163 ipsam
589 2084 827 2163 comprehendas,
841 2085 921 2163 quod
937 2098 1034 2144 tameo
1055 2086 1151 2145 minus

49 2161 199 2231 probaverim·
228 2166 343 2225 Gradus
356 2180 454 2225 autem
468 2166 639 2225 dicebantur
652 2166 680 2225 in
695 2167 759 2244 ipsa
771 2164 876 2225 leniter
889 2166 1033 2245 pendente
1046 2166 1152 2226 theatri

48 2238 118 2310 forne,
130 2245 204 2304 sedes
220 2245 356 2324 lapideae,
371 2248 400 2306 in
420 2245 610 2323 hemicyclum
625 2246 711 2306 etiam
726 2258 893 2318 exstructa,
908 2267 925 2305 e
944 2248 1050 2325 quibus
1070 2264 1152 2305 cont·

48 2321 106 2379 uode
121 2328 307 2405 prospiciebat
323 2328 459 2406 populus.
502 2328 596 2405 Super
618 2327 663 2385 his
684 2327 824 2405 gradibus
836 2327 925 2405 (quos
945 2348 1004 2386 oon
1026 2325 1151 2405 amplius

47 2401 171 2473 quindecim
182 2428 243 2467 esse
257 2408 452 2488 conjecimus)
464 2407 606 2468 sedebant
625 2422 814 2485 spectatores,
829 2422 859 2467 et
874 2408 912 2467 ad
925 2428 977 2467 eos
990 2407 1150 2467 undecum-

47 2499 83 2552 que
97 2491 287 2558 commeabant,
303 2489 385 2549 nullo
404 2490 479 2548 inter
494 2488 749 2547 conscendendum
769 2488 854 2548 alteri
874 2508 982 2548 noxam
1000 2486 1150 2547 afferente.

46 2555 96 2621 Illuc
106 2580 189 2627 autem
202 2590 255 2647 per
269 2590 378 2629 cuneos
392 2569 577 2639 accedebant,
592 2569 642 2646 qui
656 2582 720 2628 tum
733 2570 763 2628 in
783 2570 841 2628 ima
854 2569 959 2628 theatri
974 2588 1072 2637 cavea,
1087 2582 1152 2628 tum

45 2642 105 2702 man
115 2668 192 2727 supra
204 2652 308 2729 ipsam,
324 2651 398 2709 adeo
412 2650 559 2729 ingeniose
574 2650 747 2709 conformati
761 2664 852 2718 erant,
864 2664 898 2709 ut
911 2652 949 2709 ab
963 2650 998 2707 iia
1012 2669 1066 2727 per
1078 2648 1152 2709 alios

46 2722 136 2785 walmes
157 2731 260 2807 gradus
289 2731 329 2790 ad
355 2730 513 2807 quemlibet
539 2730 662 2809 gradum
687 2732 895 2809 spectatorium
919 2729 1013 2789 facilis
1036 2741 1151 2808 peteret

45 2801 173 2869 decorus.
213 2812 303 2871 Conci
331 2810 563 2891 spectaculorum
588 2810 694 2888 (inquit
718 2811 886 2887 Vitruvius)
913 2812 944 2869 iu
970 2811 1084 2869 theatro
1111 2811 1153 2870 its

44 2880 180 2961 dividantur,
202 2894 245 2951 uti
269 2892 370 2970 anguli
395 2893 586 2970 trigonorum,
612 2893 661 2969 qui
686 2905 808 2951 currunt
831 2893 941 2950 circum
965 2906 1153 2951 curvaturam

44 2962 205 3041 deiectionis,
228 2974 360 3052 dirigant
385 2992 530 3041 ascensus,
552 2972 702 3049 scalasque
731 2974 807 3031 inter
828 2992 937 3031 cuneos
963 2971 1002 3031 ad
1028 2973 1152 3049 primam

44 3050 247 3115 precinctionem.
276 3054 374 3131 Supra
387 3068 485 3112 autem
495 3053 613 3112 alternis
624 3054 777 3113 itineribus
791 3053 954 3131 superiores
966 3054 1050 3111 cunei
1062 3052 1152 3112 medii

44 3120 175 3204 dirigantur.
214 3134 310 3194 Cunei
332 3135 361 3193 in
382 3136 440 3193 imo
461 3134 618 3213 dirigentes
639 3134 769 3203 scalaria,
784 3146 868 3192 erant
887 3153 1009 3193 numero
1028 3146 1152 3212 septem.

44 3200 129 3269 Gratim
145 3215 385 3291 spectaculorum,
401 3216 444 3273 uti
465 3214 602 3274 subsellia
616 3215 786 3293 composita,
806 3226 888 3273 emnt
907 3234 965 3273 non
985 3215 1080 3273 minus
1100 3214 1153 3273 alti

44 3285 113 3357 limo
123 3295 198 3370 pede,
213 3317 271 3355 non
291 3296 358 3374 plus
376 3296 451 3375 pede
465 3311 495 3354 et
517 3295 617 3373 digitis
632 3316 694 3367 sex,
710 3294 879 3354 latitudines
892 3314 993 3354 eorum
1012 3315 1071 3354 noo
1085 3294 1152 3373 plus

43 3366 106 3439 Pedes
122 3372 187 3435 dnos
207 3378 307 3447 semis,
321 3397 379 3436 non
402 3376 497 3435 minus
518 3376 607 3453 pedes
628 3375 702 3435 duos
721 3376 981 3445 constituebantur,
996 3390 1029 3435 ut
1049 3395 1101 3453 per
1122 3374 1153 3435 id

44 3451 136 3521 sptium
155 3456 248 3526 lanus,
273 3478 327 3516 seu
352 3478 405 3535 per
431 3455 630 3517 ambulacrum
655 3456 811 3533 quoddam,
834 3457 915 3517 nullo
941 3456 1069 3535 negotio,
1094 3457 1154 3518 huc

43 3540 105 3604 ²tqtc
120 3534 188 3609 illuc,
202 3539 240 3597 ad
260 3558 368 3598 vacuas
389 3538 473 3597 sedes
486 3537 635 3597 deerraret
648 3536 785 3616 populus,
798 3540 909 3615 absque
922 3558 1023 3596 eorum
1043 3538 1153 3597 iucom-

44 3610 113 3680 uoto,
125 3618 170 3693 qui
187 3618 246 3697 jam
262 3620 473 3679 consedissent.
515 3619 588 3678 Post
606 3636 665 3678 tres
684 3638 800 3697 quoque
819 3618 949 3697 singulos
969 3618 1087 3697 gradus,
1102 3618 1153 3696 qui

44 3704 133 3759 turem
150 3698 178 3756 iu
189 3699 323 3759 ordinem
341 3699 524 3769 succedebat,
539 3700 630 3779 duplo
643 3699 729 3759 latior
743 3712 805 3759 erat
819 3700 940 3769 cacteris,
956 3700 994 3758 ad
1011 3699 1153 3758 leviorem

45 3766 120 3856 Μή
137 3778 354 3855 proclivitatem,
368 3793 399 3840 et
418 3794 451 3839 ut
471 3779 593 3859 singulis
606 3780 758 3839 ordinibus
778 3779 884 3858 singuli
898 3794 958 3839 tres
978 3780 1086 3859 gradm
1106 3798 1153 3838 re·

44 3842 212 3926 loquerentur.
254 3862 302 3921 Ac
328 3880 365 3920 ne
391 3861 533 3939 petulanti
560 3874 612 3921 aut
636 3860 771 3919 insolenti
796 3861 907 3939 populo
934 3881 1041 3939 proper
1068 3860 1154 3919 sedes

44 3940 191 4021 turornis
211 3962 331 4001 accessu
351 3942 459 4011 faciles,
481 3944 663 4020 praeberetur
684 3943 758 4001 rixae
779 3962 875 4009 causa,
898 3954 1016 3999 cautum
1033 3953 1097 3999 erat
1117 3960 1155 4001 ne

45 4012 172 4081 trituris
190 4023 370 4098 quibuslibet
389 4022 524 4082 sederent
543 4022 702 4101 gradibus:
725 4022 776 4081 sed
801 4024 831 4082 in
856 4022 950 4079 tribus
970 4022 1082 4097 primis,
1102 4021 1155 4098 qui

44 4096 139 4175 nmini
150 4118 241 4161 essent
260 4123 357 4163 scenae
376 4103 500 4183 pulpito,
515 4102 701 4181 amplissimus
715 4116 746 4161 et
758 4116 901 4161 extremae
921 4100 1071 4177 dignitatis
1089 4102 1154 4173 viri,

45 4184 245 4262 torquentibus
269 4184 445 4254 consulares,
469 4185 499 4242 in
527 4184 591 4243 aliis
618 4184 743 4261 patricii,
768 4204 802 4241 ac
826 4182 965 4256 deinceps
987 4178 1094 4257 plebeii
1122 4182 1154 4241 in

44 4248 132 4329 “¹¹qu
144 4264 275 4337 gradibus
290 4264 435 4324 sederent.
476 4264 580 4342 Itaque
599 4276 714 4323 veteres
729 4261 889 4326 architecti,
903 4270 1016 4316 naturae
1029 4260 1156 4334 vestigia

45 4343 165 4432 metiti,
190 4343 423 4425 indagationibus
450 4346 532 4405 vocis
559 4345 734 4405 scandentes
761 4343 943 4401 theatrorum
969 4339 1157 4414 perfecerunt

46 4413 199 4497 Q
211 4438 241 4487 ct
253 4427 454 4506 quaesiverunt
467 4425 575 4505 (inquit
589 4420 760 4499 Vitruvius)
779 4442 832 4500 per
853 4415 1023 4477 canonicam
1042 4414 1157 4475 mathc-
