2834 4759
256 182 298 243 lit
662 178 725 241 DE
752 179 998 245 THEATROE
1047 192 1051 197 ·

256 310 429 391 praebebant
448 308 681 369 oblectationem.
725 310 853 371 Theatra
872 323 969 370 autem
989 320 1073 371 erant
1090 309 1225 381 (edificia,
1244 307 1293 368 vel
1308 326 1386 387 appa·

257 406 338 451 ratus
352 391 381 450 in
394 389 495 468 populi
508 390 630 468 gratiam
645 391 789 462 instructi,
804 392 841 451 ad
854 391 1008 469 hemicycli
1027 392 1163 469 speciem,
1176 390 1214 451 sd
1225 390 1387 469 spectandos

259 470 364 531 ludos:
389 470 549 550 spectantia
572 470 674 531 Latine
699 492 854 550 possumus
876 471 982 531 dicere.
1024 469 1100 531 Cum
1122 473 1217 531 forum
1239 471 1389 529 institutum

258 552 356 621 fuerit,
380 550 487 629 (inquit
512 550 690 627 Vitruvium)
713 566 774 611 tum
801 552 923 614 deorum
950 551 1157 612 immortalium
1173 551 1285 612 ¹diebus
1309 550 1388 618 festis,

259 632 395 695 ludorum
416 632 651 710 spectationibus,
666 632 819 713 eligendus
841 647 887 693 est
901 634 990 693 ,locus
1010 633 1124 693 theatro
1143 654 1230 710 quam
1248 630 1389 691 saluberri-

259 734 336 777 mus.
366 713 495 773 Fuerunt
507 726 604 771 sutem
619 714 732 773 theatra
740 713 865 773 duorum
876 732 1034 792 generum:
1055 713 1113 773 alia
1125 714 1220 792 lignea
1231 725 1261 771 et
1272 710 1389 789 pluribus

262 793 495 853 tabellationihus
508 806 651 865 extructa,
663 794 849 871 qualia'ludis
864 793 987 874 publicis
1001 796 1154 871 quotannis
1167 794 1278 854 fiebant
1290 792 1389 858 Roma,

260 888 349 953 atque
366 894 401 933 ea
421 875 557 952 perennia
577 894 634 933 non
655 876 790 934 fuerunt:
811 876 868 935 alia
888 889 1038 934 sumtuosa
1056 889 1087 934 et
1107 875 1224 943 nobilia,
1246 893 1285 932 ex
1304 872 1390 931 solidis

260 958 358 1025 rebus,
373 956 403 1014 id
422 967 475 1025 est,
491 974 529 1013 ex
550 968 696 1015 structura
715 971 931 1026 caementorum,
946 955 1043 1034 lapide
1063 969 1115 1015 aut
1133 974 1278 1015 marmore
1297 952 1392 1013 cousti-

262 1034 442 1113 tutavquale
463 1048 509 1094 est
531 1036 609 1113 quod
631 1036 796 1095 construxit
819 1036 866 1095 M.
889 1036 1015 1096 Scaurus
1037 1037 1066 1095 in
1087 1036 1227 1097 aedilitate
1250 1055 1311 1101 sua,
1332 1034 1391 1091 item

261 1117 348 1177 etiam
364 1116 530 1193 Pompeius,
541 1129 571 1175 et
583 1116 632 1175 alii
646 1116 793 1194 permulti.
835 1117 881 1176 lts
894 1131 991 1176 autem
1005 1118 1198 1195 compositum
1212 1116 1269 1176 fuit
1281 1113 1391 1190 antiquis

262 1198 417 1267 theatrum,
434 1210 469 1256 ut
488 1216 524 1255 eo
546 1197 732 1266 conveniens,
746 1210 777 1256 et
796 1198 948 1257 commode
968 1196 1073 1257 sedens
1093 1200 1190 1267 turba,
1210 1217 1227 1255 e
1247 1195 1392 1273 longinquo

262 1277 347 1338 facile
371 1290 503 1355 spectare
524 1290 631 1355 posset,
654 1298 783 1337 concavo
804 1277 967 1356 aequalique
987 1278 1130 1356 parietum
1151 1278 1393 1355 circumjectum

262 1359 310 1418 vel
330 1358 387 1417 leni
408 1380 479 1417 sono
496 1357 574 1417 dicta
588 1360 686 1428 verba,
700 1357 738 1417 ad
757 1358 880 1418 alterum
901 1359 1005 1417 theatri
1020 1372 1108 1437 ceput
1124 1357 1238 1417 facilius
1253 1358 1392 1422 ferrentur.

261 1438 369 1499 Postea
380 1460 449 1498 vero
457 1440 654 1516 excogitatum
666 1451 712 1497 est
723 1440 866 1498 theatrum
877 1439 907 1498 in
916 1438 1071 1498 rotundam
1081 1440 1204 1498 formam
1214 1452 1392 1501 exstructum,

261 1520 319 1579 alio
339 1520 431 1580 multo
451 1519 642 1579 excellentius
663 1524 751 1597 itque
769 1520 912 1598 capacius,
934 1520 1085 1597 magisque
1105 1533 1306 1579 sumtuosum:
1327 1514 1394 1595 quod

262 1602 331 1679 quia
352 1600 442 1660 veluti
462 1620 501 1659 ex
521 1600 635 1659 duobus
657 1613 804 1660 constaret
823 1601 953 1670 theatris,
969 1600 1183 1677 rotundumque
1203 1600 1334 1677 figuram,
1347 1615 1394 1655 nou

260 1680 322 1760 jam
342 1681 467 1759 amplius
487 1680 678 1757 hemicyclum
700 1682 830 1751 referret,
853 1684 892 1740 ob
911 1681 942 1741 id
962 1681 1199 1760 amphitheatrum
1222 1681 1331 1739 dictum
1349 1690 1393 1744 est,

263 1761 349 1839 quale
373 1774 426 1829 est,
452 1761 530 1838 quod
557 1761 644 1820 hodie
671 1762 775 1821 Romae
801 1762 925 1832 videtur,
952 1762 1107 1838 aliquando
1131 1763 1169 1820 ab
1197 1761 1326 1820 Antonio
1350 1758 1394 1815 Pio

263 1842 449 1913 aedificatum,
470 1855 500 1900 et
520 1862 537 1901 a
557 1841 663 1901 Gothis
683 1842 866 1901 devastatum
884 1842 1065 1918 (Collisaettm
1085 1841 1190 1920 vulgus
1210 1841 1311 1915 vocat)
1329 1835 1395 1915 quod

263 1924 447 2002 potissimum
465 1922 504 1981 ad
519 1921 575 1981 alia
593 1923 759 2000 spectacula
772 1923 859 2000 vulgo
879 1922 1068 2001 proponenda
1082 1923 1191 1982 factum
1205 1936 1295 2000 atque
1308 1922 1395 1979 inven-

264 2020 326 2063 tum
341 2004 413 2062 fuit:
434 2024 500 2061 nam
520 2002 558 2061 ad
578 2003 707 2062 scenicos
728 2003 812 2062 ludos
834 2003 1060 2082 prospiciendos,
1075 2004 1168 2080 magis
1188 2003 1325 2062 idoneum
1343 2009 1395 2057 erat

265 2086 429 2145 theatrum:
451 2085 489 2143 ob
511 2104 584 2159 quos
603 2084 752 2162 praecipue
776 2084 924 2143 inventum
949 2084 1039 2143 fuisse
1059 2083 1198 2143 credibile
1218 2096 1275 2143 cst.
1323 2078 1395 2139 Unde

264 2164 349 2224 facile
368 2164 551 2243 conjecerim,
572 2164 753 2234 Terentium,
774 2186 833 2243 quo
856 2178 987 2243 tempore
1006 2165 1133 2244 primum
1155 2164 1311 2243 proposuit
1328 2178 1397 2220 suam

263 2246 418 2324 Hecyram,
432 2246 527 2324 egisse
542 2245 572 2303 in
585 2244 810 2324 amphitheatro:
833 2265 920 2305 scena
931 2266 983 2324 per
997 2244 1125 2305 medium
1143 2245 1236 2323 ipsius
1249 2254 1394 2307 exstructa,

265 2341 296 2387 et
315 2326 353 2386 ad
370 2346 460 2385 unum
478 2338 591 2385 tantum
611 2324 805 2403 hemicyclum
825 2338 992 2404 spectante:
1013 2346 1081 2385 nam
1101 2328 1139 2385 ab
1156 2339 1282 2402 unoque
1299 2320 1396 2399 amphi-

265 2408 371 2467 theatri
392 2405 574 2466 semicirculo
595 2407 720 2485 spectari
741 2426 798 2465 non
819 2420 953 2484 poterant
966 2406 1138 2465 comoedioet
1160 2426 1221 2484 quo
1238 2407 1351 2471 factum,
1368 2412 1395 2459 ut

266 2488 337 2548 dum
358 2490 387 2547 in
407 2486 486 2546 sliud
505 2486 582 2546 latus
597 2507 733 2556 vacuum,
747 2486 804 2546 alia
817 2487 984 2565 spectacula
996 2487 1148 2547 confestim
1168 2498 1395 2566 proponerentur,

265 2568 357 2628 veluti
377 2568 502 2647 pugiles,
516 2566 688 2637 funambuli,
709 2580 741 2626 et
760 2566 928 2645 hujusmodi
947 2582 1071 2627 caetera:
1092 2566 1219 2647 populus
1240 2581 1306 2627 ante
1324 2566 1395 2623 abso·

264 2648 356 2709 lutam
377 2648 551 2709 comoediam
571 2647 639 2707 illuc
660 2648 849 2716 concurrerit,
869 2648 907 2707 ad
929 2648 995 2708 loca
1016 2648 1215 2707 commodiora
1234 2642 1395 2724 occupanda,

264 2728 508 2806 quemadmodum
530 2730 592 2807 ipse
612 2742 699 2806 poeta
719 2728 916 2806 conqueritur,
937 2748 1031 2806 neque
1053 2742 1174 2808 propter
1194 2730 1355 2807 strepitum·
1372 2734 1397 2779 0²

264 2810 419 2869 mulierum
436 2810 473 2867 de
490 2809 555 2869 loco
574 2809 765 2887 pugnantium
780 2810 945 2880 clamorem,
960 2809 1072 2869 absolvi
1090 2810 1229 2888 potuerit.
1273 2805 1396 2875 Quodne

264 2890 411 2951 accideret
444 2890 474 2947 in
506 2890 632 2968 publicis
659 2889 745 2959 ludis,
774 2890 911 2949 existimo
938 2891 1122 2968 potissimum
1148 2892 1278 2949 movisse
1307 2887 1395 2945 Caium

266 2969 433 3041 Curionem,
449 2972 498 3047 qui
514 2969 590 3029 bello
605 2969 683 3028 civili
705 2970 734 3029 in
748 2968 923 3030 Caesarianis
942 2971 1074 3049 partibus
1087 2971 1171 3039 obiit,
1184 2984 1219 3029 ut
1233 2972 1342 3029 theatro
1351 2964 1396 3022 duo

268 3051 486 3132 liguriamque
510 3050 689 3128 amplissima
712 3052 902 3129 excogitaret,
925 3052 1084 3129 inquibus
1108 3052 1196 3111 etiam
1222 3051 1291 3111 duae
1314 3056 1397 3107 esseut

266 3152 370 3202 scente,
398 3144 517 3209 propter
549 3144 746 3209 spectatorum
774 3132 1018 3191 commoditatem.
1073 3131 1167 3191 Erant
1192 3146 1293 3191 autem
1317 3123 1396 3205 (quod

265 3214 371 3271 mirum
385 3212 455 3288 fuit)
469 3212 617 3270 cardinum
629 3211 810 3289 singulorum
824 3212 952 3271 versatili
966 3232 1107 3291 suspensa
1120 3212 1302 3278 libramento,
1318 3206 1395 3284 inquit

265 3293 419 3363 Plinius,e
441 3293 546 3370 quibus
568 3293 719 3369 utriusque
741 3293 967 3352 antemeridiano
988 3292 1124 3353 ludorum
1145 3292 1313 3371 spectaculo
1329 3288 1395 3347 edito

266 3374 341 3433 inter
361 3394 392 3432 se
413 3374 522 3433 aversis
536 3371 585 3449 (ne
606 3372 731 3432 invicem
750 3375 954 3452 obstreperent
973 3376 1084 3450 scenae)
1099 3387 1129 3433 et
1149 3388 1268 3451 repente
1288 3372 1396 3431 circum·

265 3455 348 3519 actis,
362 3467 513 3513 utcontra
534 3466 663 3524 starent;
686 3467 835 3531 postremo
848 3454 911 3533 jam
934 3454 980 3513 die
994 3454 1238 3514 descendentibus
1253 3451 1360 3517 tabulis,
1372 3458 1397 3504 et

266 3536 401 3595 omnibus
420 3534 493 3594 inter
514 3554 546 3593 se
558 3536 740 3603 coeuntibus,
756 3536 881 3594 faciebat
900 3535 1155 3612 amphitheatrum,
1168 3549 1198 3594 et
1217 3534 1397 3613 gladiatorum

266 3614 432 3693 spectacula
461 3615 575 3683 edebat,
604 3615 698 3693 ipsum
732 3616 825 3692 magis
859 3627 1041 3674 auctoratum
1074 3615 1217 3695 populum
1249 3615 1395 3673 Romanum

266 3696 484 3755 circumferens.
526 3696 629 3771 ltaque
654 3696 747 3765 vides,
768 3696 1011 3771 quemadmodum
1034 3696 1141 3756 scenici
1167 3695 1229 3755 ludi
1252 3695 1320 3754 dum
1338 3708 1396 3767 age·

264 3791 375 3845 rentur,
390 3777 499 3836 aversis
521 3776 642 3835 theatris
662 3778 832 3853 agebantur,
847 3797 885 3835 ne
906 3780 991 3835 turba
1011 3776 1114 3836 fieret:
1132 3776 1203 3835 dum
1223 3791 1319 3835 autem
1338 3788 1395 3849 prv-

265 3861 459 3937 ponebantur,
481 3870 531 3915 aut
551 3856 787 3934 producebantur
807 3857 993 3935 gladiatores,
1015 3858 1045 3916 in
1065 3858 1270 3935 amphitheatri
1290 3853 1396 3914 reduce·

264 3941 371 3998 bantur
386 3940 518 4006 formam,
533 3937 605 3996 etin
620 3957 707 3995 unum
723 3938 782 3996 duo
798 3939 910 3996 theatra
920 3938 1046 3997 coibant.
1076 3938 1134 3995 Sed
1149 3951 1179 3996 et
1191 3936 1344 3997 novissimo
1356 3930 1396 3987 dit

264 4018 318 4095 (ait
339 4018 430 4096 idem)
450 4017 552 4077 divisis
573 4018 686 4077 duabus
707 4038 759 4096 per
779 4017 907 4077 medium
928 4020 1032 4089 scenis,
1053 4018 1176 4077 athletas
1196 4018 1289 4077 edidit
1308 4010 1394 4075 Curio,

265 4101 414 4177 raptisque
435 4113 552 4177 repente
573 4118 589 4156 e
608 4098 755 4158 contrario
774 4097 904 4177 pulpitis,
919 4099 1021 4158 eodem
1042 4099 1100 4167 die,
1117 4099 1244 4159 victores
1263 4118 1280 4157 e
1298 4092 1394 4173 gladia·

268 4180 379 4239 toribus
397 4180 457 4239 suis
475 4179 625 4259 produxit.
661 4179 754 4237 Vides
770 4180 1015 4257 quemadmodum
1035 4180 1176 4258 pulpitum
1189 4180 1276 4239 etiam
1296 4175 1394 4235 aufere·

264 4260 444 4325 hermadam
465 4259 639 4339 gladiatores
659 4260 828 4338 prodirentt
850 4281 916 4319 nam
931 4260 1023 4339 ipsam
1043 4281 1140 4319 aream
1154 4262 1330 4339 occupabat:
1348 4253 1394 4309 hot

264 4354 362 4401 autem
375 4341 484 4400 factum
494 4340 559 4409 fuit,
570 4340 654 4401 fessis
666 4342 847 4419 turbatisque
857 4340 1029 4401 volubihum
1039 4341 1219 4401 theatrorum
1233 4336 1393 4401 caninibus

264 4420 340 4483 Nam
354 4434 421 4482 ante
432 4441 489 4481 non
503 4434 566 4481 erat
579 4442 653 4501 opus
666 4422 796 4482 eximere
814 4422 970 4502 pulpitum,
984 4443 1051 4484 eum
1065 4435 1167 4483 contra
1179 4434 1289 4487 starent
1300 4430 1394 4504 scena,
