2834 4759
224 122 286 184 124
647 116 955 182 PRAEFATIO.
1014 118 1018 131 ‘

219 253 318 303 ταναὸν
325 253 452 316 πρόσωπον
461 267 580 315 nusquam
590 252 677 301 habet:
694 250 739 301 sed
748 252 799 301 suis
811 261 906 302 tantum
918 254 1030 318 pcrsouis
1040 253 1125 303 utitur.
1155 253 1184 303 ln
1198 253 1247 301 hac
1259 248 1386 299 Terentius

219 334 326 384 delectat
336 333 438 392 facetiis,
449 334 550 398 prodest
561 333 688 397 exemplis,
701 342 726 382 et
738 333 798 381 vitia
809 332 936 382 hominum
948 334 1021 398 paulo
1032 333 1176 393 mordacius,
1190 348 1269 396 quarn
1281 332 1309 379 in
1318 342 1384 379 caete·

220 415 263 472 ris,
275 415 361 479 carpit.
397 414 518 479 Exempla
534 423 616 463 autem
632 428 729 463 morum
746 413 785 462 hic
797 412 845 463 tria
861 414 986 478 praecipua
996 424 1175 479 proponuntur,
1186 413 1281 463 urbani
1291 411 1386 467 scilicet,

214 495 329 560 parasiti,
341 505 367 545 et
378 494 497 545 militaris
517 494 579 544 Hac
591 494 657 543 edita
669 494 768 544 tertium
780 503 831 543 est:
850 504 875 543 et
886 494 1055 558 pronunciata,
1067 494 1206 543 Tansnrrr
1221 494 1386 542 Eunuchus:

220 576 311 641 quippe
317 578 369 639 Jam
380 576 463 625 adulta
473 575 685 624 commendatione
696 583 783 639 poetae,
791 591 819 623 ac
831 575 926 623 meritis
938 575 1031 639 ingenii
1043 575 1178 625 notioribus
1187 574 1294 641 populo.
1317 574 1387 621 Pacta

221 666 302 705 autem
314 673 346 705 er
354 656 448 705 duabus
460 655 553 704 Graecis
562 670 611 704 una
620 666 658 703 est
670 656 765 704 Latina
792 656 856 704 Nam
867 670 899 703 ex
911 656 1049 704 Eunucrro
1060 668 1085 705 et
1097 656 1217 715 Corace,
1231 656 1386 705 Meuanas:

220 740 316 799 fabulis,
327 742 380 789 haec
391 740 525 788 Eunuchus
536 739 684 788 Terentiana
696 740 787 804 scripta
799 748 843 796 est,
856 754 906 789 non
922 739 976 788 sine
987 740 1098 797 crimine,
1111 739 1175 801 quod
1189 738 1274 787 multa
1286 736 1312 784 in
1329 736 1388 783 hanc

220 822 338 871 naualata
349 821 400 870 sint
411 836 442 870 ex
452 820 537 870 multis
552 820 631 885 poetis
644 819 755 877 Latinia3
773 820 837 883 quod
851 830 936 879 totum,
953 835 998 885 per
1011 820 1142 883 Prologum
1154 828 1247 884 purgat
1264 828 1338 880 atque
1350 815 1389 863 de·

222 901 307 950 tendit.

616 1113 989 1174 ARGUMENTUM.

273 1261 370 1308 Ram
382 1262 493 1323 quaedam
504 1276 536 1308 ex
544 1260 628 1309 Attica
636 1259 705 1323 virgo
716 1258 811 1317 nobilis,
821 1266 894 1322 atque
906 1259 1011 1308 abducta
1022 1266 1060 1306 est
1072 1258 1188 1307 Rhodum
1196 1277 1202 1313 ;
1221 1256 1309 1319 ibique
1321 1254 1388 1303 matri

222 1342 325 1390 Thaidis
344 1339 480 1389 meretricis
498 1341 530 1389 ab
549 1339 627 1389 amico
645 1340 710 1389 dono
728 1340 786 1389 data
801 1348 845 1398 est,
858 1348 884 1387 et
902 1340 1005 1388 educata
1020 1339 1088 1389 velut
1105 1354 1181 1397 soror,
1199 1353 1252 1387 uua
1268 1352 1326 1387 cum
1342 1334 1389 1383 lilia

222 1422 324 1470 Thaide.
359 1422 407 1470 Sed
418 1421 502 1480 Thais,
513 1419 598 1469 relicta
609 1428 694 1479 matre,
707 1420 796 1469 Rhodo
807 1435 864 1469 cum
873 1430 981 1469 amatore
994 1420 1099 1483 quodam
1110 1419 1224 1467 Athenae
1235 1432 1265 1467 se
1274 1414 1388 1465 contulit:

223 1504 253 1551 ah
265 1518 342 1565 eoque
353 1502 424 1550 heres
439 1501 552 1550 instituta
563 1510 666 1558 mortuo,
678 1516 737 1549 mox
748 1516 762 1549 a
773 1500 852 1549 milite
863 1500 990 1549 Thrasone
1001 1500 1149 1563 diligebatur
1160 1499 1244 1549 nimia
1275 1496 1325 1553 Qui
1336 1510 1387 1543 cum

222 1583 329 1632 Athenis
348 1582 471 1646 protectus
488 1591 592 1631 manem
603 1580 705 1629 Thaidis
723 1590 844 1630 mortuam
863 1581 945 1630 Rhodi
963 1581 1129 1645 comperisset,
1142 1590 1167 1629 et
1185 1596 1242 1629 earu
1261 1576 1387 1641 virginem.

222 1677 295 1725 quam
307 1662 422 1720 dimmua
434 1662 466 1710 ab
474 1661 604 1710 heredibus
615 1672 717 1710 morture
728 1660 941 1711 animadvertisset
954 1678 1043 1711 venum
1055 1677 1108 1711 esse
1120 1660 1291 1726 propositam,
1307 1672 1386 1721 quam·

223 1743 261 1791 vis
269 1742 369 1805 ignarus
379 1757 462 1790 rerum
474 1741 591 1799 omnium,
602 1740 663 1791 emit
674 1754 764 1799 tamen,
771 1751 797 1790 et
807 1741 872 1791 dono
880 1752 968 1791 aruatae
976 1742 1066 1791 Thaidi
1077 1742 1146 1792 vexit
1157 1742 1281 1791 Athenas.
1299 1740 1387 1786 Vestam

223 1832 352 1887 postquam
368 1821 503 1871 adveniens
517 1822 620 1871 rivalem
632 1822 770 1871 Phaedriam
784 1822 849 1887 apud
860 1822 964 1871 amicam
977 1822 1077 1887 reperit,
1089 1838 1162 1886 quem
1178 1837 1226 1886 per
1237 1822 1294 1883 ejus
1304 1820 1385 1867 ahsen

224 1903 284 1951 tinm
295 1902 342 1951 sibi
353 1902 471 1951 memuix
481 1902 635 1959 conciliarat;
653 1902 791 1961 affirmavit,
803 1918 830 1951 se
846 1918 895 1952 non
907 1913 965 1951 ante
976 1904 1090 1951 daturum
1101 1902 1250 1967 promissam
1262 1899 1385 1963 virginem,

224 1998 297 2046 quam
308 1982 385 2031 Thais
395 1982 460 2031 foras
472 1982 586 2032 emulum
602 1982 745 2047 pepulisset.
780 1982 828 2031 llla
838 1982 921 2046 igitur,
934 1981 980 2032 etsi
991 1991 1085 2031 amaret
1096 1982 1243 2041 Phsadriarn,
1256 1978 1386 2044 cupiditate

224 2075 306 2112 tamen
316 2063 490 2127 recuperanda:
501 2062 604 2126 virginis
613 2072 639 2111 et
652 2062 713 2111 civis
725 2062 822 2122 Atticae,
839 2076 864 2111 et
875 2078 947 2127 quam
959 2078 974 2111 a
989 2063 1091 2127 parvula
1102 2072 1130 2112 ut
1139 2079 1250 2113 sororem
1263 2060 1385 2114 dilexerat,

225 2142 334 2192 excludit
345 2142 490 2192 Phaedriam.
525 2141 593 2191 Hinc
607 2142 649 2190 ille
664 2142 746 2206 primo
757 2142 884 2192 irascitur:
902 2154 958 2208 post
969 2152 1069 2209 accepta
1084 2144 1142 2193 iacti
1152 2144 1259 2203 ratione,
1271 2158 1285 2191 a
1297 2138 1385 2189 Thaide

224 2224 329 2273 lenitur:
347 2232 372 2272 et
383 2223 410 2271 iu
420 2222 489 2272 bidui
500 2222 607 2286 spatium
618 2232 706 2286 sponte
721 2224 858 2273 concedens
870 2224 950 2283 militi,
965 2240 1007 2273 rus
1019 2224 1195 2289 proficiscitur:
1213 2223 1347 2285 statimque
1358 2232 1386 2266 ue

225 2308 256 2355 ab
266 2305 355 2353 amulo
366 2303 508 2353 muneribus
519 2312 683 2366 superaretur,
695 2303 844 2353 Eunuchum
856 2314 881 2353 et
894 2305 1001 2368 puellam
1014 2305 1161 2355 Parmenoni
1169 2306 1244 2368 jubet
1259 2303 1343 2353 ahiem
1357 2298 1385 2349 sd

224 2384 345 2434 Thaidem
362 2385 489 2433 deducere.
523 2383 616 2432 Verum
631 2384 734 2432 Chares
751 2385 826 2433 frater
839 2384 958 2434 Phaedriae
974 2396 1032 2434 tunc
1050 2387 1167 2450 ephebus,
1179 2386 1234 2435 visa
1251 2385 1278 2434 iu
1291 2384 1330 2433 ria
1340 2380 1384 2429 vir·

162 2512 169 2525 ,
224 2466 290 2528 gine,
301 2465 467 2513 inflammatur
484 2479 567 2512 amore
583 2466 650 2526 ejusc
667 2474 740 2526 atque
759 2480 788 2512 eo
805 2464 883 2513 evasit
896 2464 1034 2514 vehementi
1051 2466 1146 2524 ardore,
1163 2475 1191 2515 ut
1209 2482 1258 2531 pro
1272 2460 1384 2513 Eunucho

224 2547 278 2609 ipse
297 2545 431 2595 deducetur
448 2544 480 2592 ad
490 2543 617 2592 Thaidem
653 2543 709 2592 Hac
725 2544 853 2594 occasiom
869 2544 956 2593 vitiata
972 2544 1049 2609 virgo,
1061 2554 1086 2594 et
1102 2560 1161 2595 mon
1176 2546 1248 2605 civis,
1261 2557 1287 2594 et
1303 2540 1385 2593 nobilia

224 2627 330 2689 cognita,
341 2626 414 2675 datur
424 2640 486 2673 uxor
497 2625 612 2673 Choereea
647 2624 760 2673 Phredria
771 2639 830 2673 vero
838 2634 864 2672 et
875 2624 946 2673 miles
955 2624 1050 2684 duales,
1063 2626 1134 2675 ambo
1145 2626 1283 2675 concordes
1291 2639 1336 2690 per
1344 2636 1382 2686 pt·

225 2708 326 2755 tacitum
344 2704 442 2764 redditi,
453 2704 578 2753 communi
595 2704 674 2753 unica
691 2705 745 2753 sine
756 2705 890 2753 certamine
902 2706 1037 2770 potiuntur.
1073 2707 1104 2756 In
1117 2711 1194 2769 princ
1207 2717 1266 2756 actu
1279 2701 1383 2755 Phaedria

227 2788 341 2835 exclausus
358 2803 374 2835 a
387 2785 489 2843 Thaide,
501 2795 528 2834 et
543 2801 627 2833 secum
644 2784 732 2849 primo,
749 2795 774 2833 et
790 2801 919 2835 muscum
935 2786 1090 2835 Parmenone
1104 2788 1266 2851 conqueritur
1282 2787 1383 2835 neumas

226 2885 295 2917 suas:
313 2868 382 2916 etad
396 2877 547 2932 postremum
561 2882 643 2915 coram
659 2876 756 2915 accusat
767 2866 895 2916 Thaidem.
930 2867 1026 2916 Rursus
1037 2868 1203 2931 permulcetur
1214 2870 1247 2919 ab
1259 2868 1349 2923 eadem,
1361 2872 1383 2911 et

225 2950 351 2998 voluntate
362 2949 509 3013 digrediens,
521 2964 563 2996 rus
573 2963 627 2996 sese
638 2963 812 2996 concessurum
824 2948 849 2995 in
863 2947 969 3012 spatium
982 2948 1048 2997 bidui
1061 2964 1115 2997 esse
1126 2948 1257 3012 promittit.
1276 2947 1383 2997 &cuades

226 3040 302 3089 actus,
314 3030 489 3095 profectionem
501 3027 620 3077 Phaedria
632 3028 749 3085 conduct,
762 3027 898 3091 delegantis
910 3043 981 3077 servo
993 3028 1165 3077 deductionem
1177 3029 1294 3079 Eunuchi
1306 3036 1330 3077 et
1342 3040 1381 3089 pu·

226 3111 280 3158 ellae
296 3111 327 3159 ad
338 3111 473 3165 Thaidem;
492 3119 543 3159 tum
561 3108 695 3173 parasitum
711 3108 859 3171 loquentem,
877 3124 921 3172 per
937 3124 1009 3172 quem
1022 3108 1091 3172 virgo
1102 3126 1118 3158 a
1129 3109 1207 3159 milite
1224 3110 1291 3159 duno
1307 3106 1383 3157 amice

227 3191 301 3239 missa
312 3200 362 3247 est;
376 3202 427 3239 tum
440 3192 605 3239 interventum
617 3190 725 3238 Chaerea
737 3189 842 3239 amantis
853 3188 981 3252 virginem,
994 3189 1151 3253 ejusdemque
1167 3206 1223 3241 curn
1236 3192 1383 3241 Parmenone

227 3271 357 3319 consilium
374 3271 404 3319 de
425 3270 510 3319 eadem
530 3270 646 3335 potienda
666 3286 711 3334 per
731 3269 858 3326 fallaciam,
878 3269 935 3333 quia
955 3285 1000 3334 pro
1024 3270 1145 3319 Eunucho
1167 3271 1220 3337 ipse
1244 3268 1383 3337 supponitur

226 3350 322 3400 Thaidi.
360 3354 451 3399 Tertiae
465 3360 533 3399 actus
549 3352 714 3399 characterem
726 3350 844 3415 exprimit
859 3350 945 3399 militis
957 3360 982 3400 et
998 3352 1099 3416 parasiti
1114 3368 1160 3417 per
1171 3352 1304 3403 ridiculum
1314 3348 1382 3399 collo·

226 3431 324 3494 quium:
338 3441 390 3480 tum
401 3430 570 3479 invitationem
582 3431 613 3479 ad
622 3446 716 3480 cranam
726 3430 841 3479 Thaidis:
856 3440 906 3479 tum
920 3431 1067 3481 oblationem
1079 3433 1147 3482 velut
1160 3433 1276 3485 Eunuchi
1284 3433 1382 3483 Cbaetw

227 3524 252 3561 ct
266 3512 355 3578 puella·
371 3528 402 3562 ex
414 3511 542 3576 AEtlriopia
557 3528 603 3575 per
614 3511 792 3560 Parmenonem
804 3512 906 3560 factam:
924 3522 977 3561 tum
989 3514 1063 3562 verba
1074 3514 1213 3563 Chremetis
1227 3516 1260 3565 ad
1271 3510 1382 3563 Thaidem

227 3594 356 3651 venientis,
368 3592 527 3659 perductique
540 3593 571 3641 ad
582 3592 699 3641 militem:
718 3592 868 3656 Antiplrouis
880 3592 1035 3656 Clnereeque
1046 3594 1195 3657 colloquium
1206 3596 1237 3645 de
1250 3595 1334 3645 vitiata
1342 3602 1383 3654 per

228 3676 311 3725 dolum
322 3674 425 3739 virgine.
461 3674 491 3721 ln
509 3681 591 3735 qacrto
607 3683 663 3721 actu
677 3673 766 3722 Dorias
783 3673 883 3721 nunciat
896 3673 1006 3737 jurgium
1022 3674 1087 3723 inter
1099 3675 1202 3725 militem
1219 3688 1244 3727 et
1257 3673 1379 3727 Thaidem=

227 3768 279 3805 tum
295 3756 401 3805 reditum
417 3756 491 3803 habet
506 3769 538 3802 ex
555 3754 614 3802 villa
632 3754 758 3811 Phaedria,
771 3762 796 3801 et
807 3755 930 3817 querelam
947 3754 1042 3819 Pythiae
1060 3756 1091 3805 de
1108 3756 1195 3806 vitiata
1210 3758 1307 3823 virgine
1323 3749 1381 3816 apud

226 3838 377 3893 Phaedriam:
396 3846 420 3885 et
431 3834 537 3885 eundem
547 3842 687 3899 stupentem
699 3836 764 3897 quod
776 3836 902 3884 audiebat:
921 3852 1027 3885 errorem
1037 3837 1098 3885 ebrii
1110 3838 1263 3889 Chremetis:
1281 3847 1304 3887 et
1315 3832 1380 3883 verba

226 3919 362 3985 petulantia
373 3916 475 3965 Thaidis
491 3915 620 3964 adversum
638 3915 749 3973 militem,
762 3926 787 3963 et
798 3916 884 3965 militia
900 3916 1030 3965 adversum
1042 3918 1178 3968 Thaidem:
1196 3930 1282 3984 parata
1298 3912 1380 3982 prelis,

225 4000 375 4063 ridiculeque
387 3996 505 4062 deposita.
524 3996 623 4051 Quintus
634 4007 702 4044 actus
715 3997 766 4045 heac
778 3996 894 4055 continet,
903 3997 1025 4061 querelam
1034 3998 1135 4047 Thaidis
1146 4000 1177 4049 de
1189 4000 1276 4051 vitiata
1287 3995 1378 4061 virgine.

225 4081 305 4143 primo
316 4096 372 4129 cum
384 4078 480 4142 Pythia,
492 4086 577 4141 postea
588 4092 644 4125 cum
656 4077 711 4140 ipso
722 4078 837 4127 Chaerea:
855 4088 907 4129 tum
924 4080 1091 4129 interventum
1103 4081 1242 4131 Chremetis
1254 4094 1323 4145 atque
1339 4090 1378 4123 nu·

226 4160 308 4208 tricis:
327 4172 378 4209 tum
395 4158 604 4223 perturbationem
617 4158 778 4207 Parmenonis
796 4174 839 4223 per
856 4158 939 4209 dolum
951 4159 1060 4222 Pythiae:
1079 4170 1151 4225 atque
1168 4165 1221 4226 ejus
1237 4160 1326 4213 indicio
1341 4168 1380 4219 ptr

226 4255 317 4296 senem,
330 4240 371 4301 qui
381 4256 437 4288 rure
450 4250 507 4289 tunc
519 4238 658 4295 advenerat,
671 4240 826 4288 confirmatas
838 4240 950 4303 nuptias:
970 4242 1036 4290 etad
1049 4241 1162 4291 ultimum
1178 4244 1283 4295 reditum
1295 4244 1318 4291 in
1329 4250 1376 4301 grt-

227 4322 287 4371 tiam
297 4319 382 4368 militis
393 4336 449 4369 cunr
461 4320 572 4369 Phaedria
584 4329 608 4368 et
620 4319 730 4368 Chaerea.
