2834 4759
242 206 304 271 194
684 205 963 275 TERENTII
1214 210 1388 294 [smusur.

285 340 498 406 Commendat
515 342 680 427 virginem.
726 342 797 408 Aa.
821 346 909 411 Cui?
945 346 1070 411 tibine!
1107 345 1171 409 Cu.
1195 345 1292 410 Mihi.
1327 345 1388 409 Au.

351 438 438 503 Satis
453 450 525 504 tuto
539 450 656 505 tamen.

242 528 277 596 ao'
285 536 349 601 Cu.
366 536 490 616 Edicit,
506 560 547 602 ne
563 538 610 602 vir
624 539 796 624 quisquam
818 538 862 602 ad
881 558 953 601 eam
973 537 1088 602 adeat:
1112 548 1146 601 ct
1164 537 1254 615 mihi,
1267 558 1309 602 uc
1325 538 1391 601 abs·

350 635 474 713 cedam,
486 636 641 721 imperat;

286 732 326 795 In
339 733 491 797 interiore
506 743 600 818 parte
615 744 653 799 ut
667 756 814 798 maneam
828 732 916 796 solus
931 754 1005 798 cum
1020 732 1107 797 sola:
1129 756 1250 809 annuo,

285 828 424 894 Terram
439 831 569 895 intuens
584 832 744 897 modeste.
781 831 852 897 Au.
869 831 993 897 Miser!
1031 831 1096 896 Cu.
1114 831 1200 916 Ego,
1220 833 1334 915 inquit,
1354 831 1390 894 ad

352 952 477 993 coenam
491 929 567 995 hinc
582 952 633 995 eo.

286 1027 435 1093 Abducit
459 1050 568 1093 secum
591 1028 742 1094 ancillas:
773 1048 899 1113 paucoe,
926 1050 1001 1111 quoe
1024 1027 1146 1092 circum
1170 1025 1257 1091 illam
1281 1037 1391 1103 essent,

351 1137 492 1203 manent,
905 1125 911 1137 ’

287 1224 431 1289 Novitiae
445 1223 581 1309 puellae:
605 1226 759 1290 continuo
772 1223 845 1289 haec
859 1223 1032 1300 adornant,
1047 1234 1085 1288 ut
1099 1222 1194 1287 lavet.

245 1333 276 1381 8⁵
289 1320 471 1401 Adhortor,
481 1333 676 1408 properent:
700 1323 778 1387 dum
789 1333 977 1407 apparatur,
989 1323 1081 1407 virgo
1093 1322 1127 1385 in
1141 1319 1286 1387 conclavi
1300 1320 1393 1395 sedet,

288 1420 488 1506 Suspectans
504 1421 647 1486 tabulam
662 1423 826 1507 quandam
840 1422 971 1505 pictam,
989 1421 1046 1484 ubi
1060 1420 1167 1484 inerat
1180 1419 1308 1504 pictura
1321 1417 1393 1494 hac,

353 1518 469 1584 Jovem

245 1685 334 1733 mirare
347 1688 442 1747 (Specta
452 1690 590 1750 singularem
601 1696 625 1735 ct
639 1691 727 1747 miram,
738 1696 806 1737 uter·
839 1685 950 1750 Maneat]
965 1687 1013 1735 Pro
1030 1694 1166 1744 remanent,
1183 1685 1314 1749 decim.
1336 1684 1392 1733 D.-

245 1765 292 1813 que
308 1750 349 1799 lib.
363 1760 388 1798 et
399 1751 453 1799 edd.
466 1751 578 1813 Veneta)
591 1751 705 1801 virtutem
719 1762 806 1816 poetae.
839 1754 943 1800 Abducit
952 1768 1028 1799 secan
1042 1749 1154 1813 muas]
1165 1751 1239 1806 Quod
1255 1750 1309 1814 ipss
1324 1764 1392 1797 mese

247 1813 297 1862 llic
315 1814 381 1862 enim
397 1816 604 1864 commendandus
622 1825 660 1865 cst
676 1817 752 1873 locus,
768 1833 807 1866 er·
840 1816 890 1864 trix
900 1815 1028 1865 descendit
1039 1816 1193 1876 (descenderit
1206 1815 1248 1879 Z.)
1259 1816 1391 1869 adscensu,

245 1878 307 1927 roris
331 1878 428 1927 initium
450 1880 579 1929 continens
601 1882 666 1945 apud
688 1881 808 1929 Thaidem
840 1881 905 1943 quod
922 1896 1007 1945 paucas
1027 1880 1091 1927 circa
1107 1878 1229 1943 virginem
1249 1888 1392 1930 warmunti

246 1942 384 1991 convicium
401 1943 444 2005 (n.
457 1944 541 2007 steph.
559 1954 615 1993 ante
632 1950 757 1994 convictam
772 1945 808 1994 la-
841 1945 933 1994 eaedem
949 1944 1049 1993 novitia
1063 1943 1160 2007 puellas,
1173 1944 1209 1992 ita
1226 1954 1255 1993 ut
1271 1953 1296 1992 et
1311 1956 1392 1991 maren

247 2007 424 2071 cunarsignum
442 2009 569 2071 expressit.
597 2010 711 2059 Fortasse
727 2010 774 2073 leg.
786 2018 810 2059 ct
840 2019 942 2073 propter
962 2008 1094 2058 novitatem
1118 2010 1238 2067 nesciant,
1259 2016 1285 2056 et
1306 2016 1393 2071 propter

247 2074 383 2121 messionem
398 2076 457 2121 uitii.
485 2074 559 2121 Certe
576 2074 688 2123 Donatus
704 2073 809 2124 advers.
841 2072 1257 2136 ataumnitilvsleantsuspicsri.
1281 2072 1309 2121 R

249 2138 288 2184 33.
297 2135 365 2199 quasi
372 2138 423 2197 jam
431 2137 555 2186 mentione
567 2138 630 2187 lacta
641 2138 672 2187 dc
683 2139 810 2187 wadone
875 2140 914 2185 ³4.
932 2140 1033 2186 Noatts'ae
1042 2135 1138 2199 puelle]
1149 2138 1254 2198 Attaass
1268 2139 1361 2191 mitia,
1370 2142 1391 2181 et

249 2200 310 2259 vitii,
325 2200 398 2250 dicit:
416 2219 466 2265 aaa
482 2205 524 2250 sub
540 2206 593 2251 citii
609 2202 677 2264 liujus
695 2207 810 2252 eccesiam
840 2206 931 2265 mlta.
959 2204 1071 2251 &missso
1086 2204 1135 2250 daec
1150 2204 1274 2258 adoram,
1288 2210 1315 2249 st
1329 2196 1393 2259 taret}

248 2280 272 2314 u.
285 2282 306 2315 e.
330 2266 385 2314 Nisi
400 2281 456 2316 cum
468 2266 601 2330 wielingr'o
617 2281 694 2330 ponas
710 2275 810 2327 stante
843 2264 1393 2331 Haecpluraliter,quotae,·utin1'lsormione‚

249 2330 332 2393 apud).
357 2331 388 2379 D.
843 2334 962 2380 Hasctltae
978 2340 1045 2380 erasm
1060 2334 1149 2379 itiones.
1178 2334 1302 2379 Adamaat
1316 2339 1393 2382 sutem

282 2396 320 2445 29.
341 2396 455 2460 Pittaci]
476 2397 535 2446 Nou
550 2397 692 2460 interrogat,
703 2397 747 2446 sed
763 2398 811 2445 mi·
844 2412 876 2445 ex
887 2396 967 2445 medio
978 2396 1124 2459 significatu,
1133 2410 1179 2459 pro
1190 2404 1317 2459 apparant.
1339 2393 1395 2441 D.-

249 2468 324 2509 rstur.
358 2464 421 2509 Satis
440 2470 489 2510 tuta
506 2461 594 2525 tamea]
613 2462 679 2517 Quid
696 2462 737 2510 hic
754 2462 813 2510 lacit
844 2463 1073 2516 Haecadorrtasst,st
1086 2458 1159 2523 laast]
1173 2457 1230 2509 vid
1241 2459 1331 2509 sanias
1345 2455 1394 2505 Plri-

250 2529 344 2573 tamcat
365 2525 454 2574 Utrum
467 2526 521 2585 hoc,
533 2526 579 2574 etsi
592 2527 717 2583 meretrix,
729 2534 813 2574 tamen
844 2524 904 2589 larg.
917 2527 1006 2588 Georg.
1019 2524 1053 2573 iii
1066 2526 1122 2572 305.
1146 2524 1176 2572 L.

250 2588 310 2637 satis
329 2598 382 2638 tuto
399 2590 466 2653 agitt
494 2592 544 2649 An,
562 2591 609 2639 etsi
627 2591 737 2649 Chaerea,
752 2590 813 2640 satis
879 2591 918 2637 35.
942 2592 1005 2638 Dsss
1024 2597 1160 2651 apparatsr,
1179 2591 1246 2652 virga
1265 2592 1291 2637 s's
1309 2588 1396 2636 cassini

250 2662 304 2702 tuto
320 2662 417 2703 tamem
441 2655 498 2717 quia
515 2654 598 2703 nullus
614 2655 714 2704 accedet
733 2654 812 2704 aliusl
846 2654 922 2718 sedet]
937 2652 1137 2719 impersonaliter
1147 2652 1219 2701 dixit.
1248 2654 1284 2701 Et
1296 2656 1347 2701 ds·
1360 2666 1395 2711 ap·

252 2718 381 2767 D.—Sats's
391 2727 439 2768 tata
450 2718 538 2782 tamea]
552 2720 582 2768 lu
599 2719 690 2769 amicos
703 2719 813 2782 (inimica,
841 2727 951 2781 paratur,
963 2734 1008 2783 pro
1019 2722 1073 2766 dass
1081 2725 1207 2780 apparetur
1213 2738 1223 2774 ‚-
1239 2728 1267 2766 et
1282 2720 1348 2772 sedet.
1358 2729 1395 2777 pm

253 2782 293 2845 Ζ.)
303 2782 402 2833 dictum.
427 2784 456 2833 Ε.
845 2787 945 2833 udsict.
978 2784 1194 2845 negasses-elavi
1209 2781 1289 2846 sedet]
1302 2783 1396 2830 contla·

284 2848 323 2895 30.
341 2848 434 2911 Edicit]
444 2851 570 2909 liticines,
577 2851 701 2913 jubemus,
709 2847 749 2897 vel
756 2850 814 2910 jure
846 2860 885 2897 est
894 2847 1029 2914 separatior
1037 2846 1105 2895 locus
1116 2847 1142 2895 in
1153 2846 1311 2895 interioribus
1322 2843 1395 2893 tectis:

251 2910 362 2961 dicimus.
392 2916 480 2962 Edicta
496 2914 562 2961 enim
581 2913 740 2978 lmperatoris
755 2922 815 2961 sunt
847 2913 886 2961 rel
895 2914 960 2976 quod
968 2912 1034 2961 intra
1043 2928 1100 2961 eum
1110 2911 1164 2960 locs
1174 2911 1254 2959 multa
1263 2922 1290 2961 et
1299 2907 1397 2959 cubiade

252 2976 306 3039 (lta
316 2977 447 3041 legendum
459 2993 560 3027 censeo:
579 2981 705 3036 Edicisms,
716 2977 813 3039 cumja-
845 2976 929 3025 clausa
950 2976 1001 3025 siut
1020 2975 1170 3025 saumatis
1193 2975 1309 3025 triclinio.
1340 2974 1397 3021 D.-

252 3042 328 3090 cessas
337 3042 436 3105 aeljssra
447 3046 550 3092 dicimus.
579 3045 665 3091 Edicto
676 3045 736 3090 enias
746 3044 813 3090 Pro·
850 3043 921 3105 Vaga
929 3046 954 3089 s'ss
961 3040 1075 3104 conclavi]
1087 3044 1196 3089 Osactaas
1206 3040 1313 3089 dicimus
1320 3039 1396 3091 lawa.

252 3106 390 3169 tors'ssaat).
416 3110 517 3156 Btms'lti
527 3124 555 3155 as
566 3110 693 3165 abscedam,
702 3106 814 3169 imperat]
847 3122 920 3170 quem
931 3110 946 3139 ⁸
960 3105 1064 3168 (excidit
1078 3104 1148 3163 sorte,
1164 3104 1234 3167 ostia)
1247 3104 1324 3154 mults
1337 3110 1396 3166 pste-

252 3169 327 3217 Certe
338 3170 580 3221 nulluariraccedit.
604 3172 636 3220 D.
846 3170 947 3219 iaciunt·
971 3171 1001 3219 Ε.

285 3234 324 3281 31.
342 3237 449 3285 Maneant
463 3235 537 3298 satus]
555 3237 713 3293 nemausam,
729 3251 813 3300 perse·
878 3236 918 3283 30.
936 3226 1395 3298 Ssspssmmtatslanqscsdnpictae]

253 3311 383 3361 aeremque
395 3300 420 3348 in
432 3300 493 3359 loco,
505 3316 533 3348 ac
549 3315 594 3364 per
606 3302 651 3349 hoc
668 3301 715 3349 sim
732 3300 813 3357 miser,
847 3300 929 3347 Bene:
947 3300 1042 3348 accedit
1051 3309 1154 3363 repente
1166 3299 1264 3364 pictura
1280 3298 1309 3348 sd
1325 3297 1397 3345 horta·

251 3370 337 3475 ιὲῑέκζξῑ
348 3361 412 3489 dppo
425 3364 506 3477 (11:an
516 3376 541 3411 es
557 3365 666 3413 serviens
682 3365 813 3414 meretrici.
846 3375 940 3476 meust(¹
946 3364 1117 3477 lfflendi
1126 3363 1252 3487 Q:
1267 3358 1397 3478 sidwtffl

348 3444 359 3474 ε
401 3445 426 3476 ss
507 3462 514 3475 .
847 3443 897 3477 non
969 3444 1101 3477 ocreaers
1247 3445 1266 3478 a
1292 3441 1354 3477 coo!

285 3492 324 3538 32
342 3494 400 3555 Ego,
412 3495 493 3555 s’aqatt,
506 3497 634 3541 adeam
647 3496 699 3541 istnc
715 3492 754 3556 es]
767 3492 813 3542 itl-
845 3492 945 3542 vitiaret
960 3492 1075 3558 puellam,
1087 3493 1132 3542 scd
1148 3492 1289 3550 utvideret,
1305 3489 1396 3543 ιυᾶίπῐ.

250 3570 323 3614 parts
340 3556 371 3603 ad
389 3556 579 3621 imprudentiam
599 3557 709 3607 mulieris
729 3558 812 3622 expri-
846 3567 958 3620 essetque
968 3572 1031 3613 uusr
1048 3572 1105 3607 cam
1116 3557 1177 3606 nihil
1194 3558 1300 3622 amplius
1315 3553 1396 3617 cogita·

251 3619 372 3679 mendam‚
384 3636 438 3684 quae
449 3622 495 3670 hac
506 3622 546 3669 dic
557 3622 606 3671 erit
615 3638 699 3671 secura
712 3623 743 3671 de
758 3638 812 3672 cus-
845 3632 891 3681 ret,
913 3638 987 3671 smus
1008 3622 1180 3686 incitatusqae,
1200 3622 1261 3671 dum
1287 3621 1397 3696 picture!

251 3682 308 3733 tode
323 3687 441 3735 eunucho.
466 3686 629 3736 D.—Tcrram
645 3686 750 3751 inissem]
763 3687 812 3737 Pu·
845 3695 964 3736 cerneret.
988 3686 1396 3763 JcacasqsopactaJMirsmssaup.

251 3748 317 3798 doris
332 3750 379 3799 hoc
395 3751 493 3816 signum
510 3752 705 3801 “verecundiae
735 3752 812 3801 Alex·
845 3751 1063 3816 quahoecpicturs
1073 3752 1158 3801 domui
1169 3751 1285 3800 tribuimr
1295 3757 1396 3799 merem·

250 3814 319 3863 andr.
338 3814 453 3864 Trallisn.
475 3816 516 3865 lit.
536 3816 551 3863 i.
581 3816 702 3866 Problena
722 3816 812 3864 Achill.
844 3816 1132 3875 cmsdvemusomaism
1143 3815 1287 3881 pudicitiam
1298 3822 1397 3862 snorum

250 3878 343 3939 Tatius,
351 3880 448 3929 liuviit
457 3879 683 3940 adsideaslmrtl
692 3880 814 3930 τὰπολλὰ
846 3880 919 3956 (lege,
947 3898 1039 3930 marsia
1082 3880 1178 3933 Vitium
1203 3890 1284 3929 ortum
1311 3888 1347 3927 est
1370 3886 1397 3923 tt

251 3941 284 3993 als
293 3944 464 4005 γῆνέβλσυ,
477 3956 522 3994 etc.
546 3946 574 3994 L.
844 3954 973 4009 scnpturoe
989 3944 1142 4009 compendio,
1159 3945 1307 4007 pudicitia!
1322 3938 1396 4001 m),

282 4011 320 4057 33.
338 4013 523 4059 Atdacttsccasa
530 4008 641 4072 ascillas]
652 4008 809 4059 Memoriter:
843 4020 928 4058 contra
947 4008 1129 4073 parsimoniam,
1147 4019 1234 4058 contra
1253 4007 1395 4072 mutan

249 4086 306 4121 nam
329 4074 425 4124 dixerat
445 4074 537 4131 abiens,
561 4076 604 4123 Vas
625 4090 660 4122 ms
682 4092 705 4122 se
722 4077 810 4121 stasim
842 4085 929 4124 contra
957 4073 1091 4123 udicitism.
1122 4074 1267 4122 Decime·
1282 4076 1397 4135 φωνῶ

248 4138 340 4195 Pauca.
361 4156 410 4202 qaas
431 4142 493 4188 circa
513 4142 578 4187 illam
600 4136 686 4201 armat]
756 4137 811 4186 ictae
843 4090 1024 4201 omlnes
1039 4139 1143 4202 pictura,
1157 4138 1245 4201 inquit,
1255 4146 1308 4186 esst
1321 4136 1346 4183 in
1363 4142 1405 4184 ts»

248 4202 379 4263 nonnullae,
396 4212 425 4252 ut
439 4202 516 4251 lavari
532 4202 610 4266 possit
626 4216 655 4250 ea
666 4202 743 4266 rugo,
757 4218 811 4265 quaa
843 4202 907 4260 bula,
915 4203 1036 4265 quomodo
1044 4202 1243 4267 cupitorum
1251 4202 1349 4250 imbrem
1356 4212 1395 4244 su·

248 4263 294 4311 suls
303 4265 356 4314 vitii
366 4268 451 4328 (afflat.
463 4266 590 4331 Wieliug.)
598 4267 671 4329 hujus
682 4267 809 4315 occasione
841 4280 912 4315 reum
928 4266 1003 4324 misit,
1020 4267 1107 4316 sedin
1124 4266 1253 4330 gremium.
1284 4264 1395 4313 n-sss

248 4338 354 4390 nuptiate
363 4342 407 4379 est.
437 4332 493 4380 Hoc
503 4332 569 4381 enim
579 4341 656 4380 totum
669 4332 703 4380 sic
715 4330 811 4380 inducit
838 4340 935 4393 pactaas
951 4330 1067 4395 mittan]
1080 4332 1212 4395 Augustis.
1230 4330 1306 4395 Hipp.
1323 4327 1394 4391 epist

246 4400 326 4467 poeta,
339 4403 425 4442 utnon
437 4396 566 4445 abhorreat
581 4412 596 4444 a
612 4395 729 4459 legitimis
745 4410 809 4461 nup·
842 4398 897 4444 202
931 4398 1021 4445 Rem
1040 4398 1192 4445 Terentianus
1211 4398 1251 4444 ille
1268 4396 1394 4446 adsim

247 4455 296 4514 tris,
305 4470 331 4504 tn
340 4471 370 4505 ca
380 4460 523 4520 prasertim,
532 4476 586 4522 que
597 4474 659 4509 uxor
670 4460 753 4510 futura
763 4470 808 4511 est.
841 4464 882 4524 qas‘
891 4469 997 4524 spectans
1006 4464 1109 4512 tabulam
1115 4464 1204 4524 pictass
1219 4464 1243 4510 ia
1256 4461 1349 4523 petivit»
1359 4456 1404 4522 ΙΝ,
