2834 4759
265 64 419 150 Agedum
433 66 584 144 vicissim,
600 65 695 151 Syre,
711 66 765 131 dic
778 89 853 151 qtue
867 64 961 132 illa’st
975 64 1087 133 altera.

221 172 253 225 ⁷0
266 163 325 227 Si.
342 162 547 230 Adducimus
562 176 651 230 tuam
674 164 884 231 Bacchidem.
923 165 1018 231 Cntr.
1042 164 1148 231 Hem!
1177 164 1264 251 quid,
1284 163 1353 229 Bac·

331 262 481 329 chidemt

265 359 343 427 Eho
358 362 506 443 sceleste,
522 386 588 449 quo
601 362 688 429 illam
702 364 818 429 ducis?
856 362 915 427 St.
933 361 1011 436 Quo
1028 383 1091 448 ego
1112 360 1219 427 illaml
1246 360 1287 427 ad
1304 381 1352 425 uos

331 460 462 527 scilicet.
593 522 596 529 ,

263 558 359 625 Cam.
375 559 431 625 Ad
445 564 635 646 patremne?
674 561 734 625 Str.
750 558 809 624 Ad
822 580 897 623 eum
910 558 1028 643 ipsum.
1065 556 1162 623 Cim.
1178 558 1211 622 Ο
1231 556 1349 623 hominis

328 660 548 745 impudentem
562 660 748 724 audaciam!
778 658 838 723 Su.
854 656 962 733 Heus,

262 755 342 821 Non
357 756 395 822 fit
410 758 479 821 sinc
493 756 615 842 periclo
629 757 754 822 facinus
768 779 920 841 magnum
934 767 968 820 et
981 754 1198 821 memorabile.

263 854 359 919 Cam.
371 854 447 921 Hoc
458 856 545 920 vide:
569 857 682 921 inmca
692 857 802 920 vitatu
813 851 1011 919 tibilaudem
1020 855 1047 918 is
1057 856 1239 940 quaesitum,
1248 852 1352 919 scelus:

220 963 251 1015 tt
263 952 332 1018 Ubi
346 954 374 1018 si
388 953 553 1039 paululum
568 954 665 1019 modo
681 954 760 1039 quid
775 963 842 1018 tete
856 952 987 1037 fugerit,
1002 974 1067 1037 ego
1081 953 1241 1037 perierim.

263 1050 353 1124 Quid
372 1051 427 1116 illo
449 1051 573 1117 facias?
608 1052 667 1115 Sr.
683 1050 733 1116 At
753 1052 848 1117 enim.
888 1050 985 1115 ctu.
1002 1050 1094 1124 Quid
1115 1053 1222 1116 enimi
1257 1050 1311 1117 St.
1325 1048 1354 1113 Si

326 1151 424 1229 sinas,
440 1152 554 1216 dicam.
593 1150 693 1215 Catu.
711 1150 799 1216 Sine.

262 1248 357 1314 Cmr.
375 1250 464 1315 Sino.
509 1250 569 1315 Str.
585 1248 638 1315 Ita
652 1272 705 1315 res
727 1260 778 1316 cst
798 1246 870 1314 haec
892 1270 990 1326 nunc,
1006 1248 1100 1333 quasi
1124 1270 1235 1334 quum.
1271 1247 1352 1312 Cur.

326 1350 430 1429 Quas,
446 1347 574 1427 malum,
591 1350 745 1434 ambages
759 1347 838 1413 mihi

188 1562 192 1571 ·
250 1540 290 1588 69.
306 1537 423 1603 Agedum]
433 1543 484 1604 Aga
493 1538 641 1605 singularem
649 1554 779 1589 numerum
811 1554 900 1615 nempe
912 1538 1009 1588 inversa
1024 1538 1184 1589 sonhehatur.
1212 1538 1289 1603 Igitur
1297 1535 1354 1586 facile

218 1602 352 1653 desiderati
376 1608 438 1668 agite
453 1604 586 1670 pluralem:
641 1607 706 1653 edam
720 1620 779 1653 vero
810 1614 892 1679 potuit
908 1603 1027 1653 excidere.
1061 1604 1185 1653 Caeterum
1200 1604 1249 1654 huc
1263 1601 1355 1669 pertinet

217 1678 354 1732 unumque.
374 1672 616 1723 ousestttuaturat
639 1670 780 1733 interrogat
810 1669 871 1717 illud
879 1668 1010 1718 Menandri
1019 1669 1084 1733 apud
1093 1668 1283 1719 Geniumittt
1302 1665 1355 1728 afta

217 1748 267 1782 uon
278 1734 406 1783 immemor
414 1735 543 1783 verborum
555 1734 617 1800 Syri,
629 1737 649 1783 0
662 1737 778 1797 Clitipho.-
810 1732 850 1782 sal
860 1732 1003 1797 eepttldsrtor
1014 1733 1091 1795 ἔργον.
1114 1734 1144 1782 Β.

214 1802 441 1860 potttstucoent'ont
465 1800 493 1849 C.
842 1797 882 1850 74.
898 1797 1042 1861 Hocoidel]
1055 1798 1096 1846 Sic
1107 1798 1191 1848 dicere
1203 1798 1304 1849 denus
1317 1792 1354 1851 h'ss»

250 1863 289 1915 70.
306 1866 383 1914 Hem!
402 1864 491 1928 quirit]
510 1866 571 1913 Hem
586 1863 723 1927 interjectio
740 1873 778 1913 est
809 1863 851 1926 qui
861 1878 901 1913 rea
916 1862 1036 1912 maximas
1050 1862 1235 1927 aggrediuntur.
1258 1862 1355 1913 u-ue

216 1943 292 1978 novas
305 1944 346 1978 res
361 1945 407 1978 nec
423 1929 497 1994 opine
513 1928 641 1978 audientis.
662 1930 775 1977 u-Aa-
808 1931 874 1977 vida·
897 1931 923 1976 in
938 1945 988 1977 areo
1003 1926 1064 1990 vito]
1077 1927 1171 1987 Scelus,
1187 1944 1260 1992 quam
1274 1935 1354 1975 nuta

216 1996 318 2043 decim
329 1993 404 2057 tuom]
415 1995 471 2050 Quo
485 1994 580 2043 facilius
596 1992 701 2044 blandiri
718 1995 776 2043 edo-
807 1993 839 2041 ad
856 1992 967 2057 gloriam.
1001 1992 1128 2055 Siquidem
1144 2009 1202 2043 meo
1218 1990 1320 2057 periculo
1333 2002 1355 2037 tu

216 2057 318 2107 lescenti
340 2060 424 2123 possit,
446 2058 530 2121 adjicit
552 2068 620 2107 tuane
655 2057 776 2107 n-aoi
808 2057 855 2106 tihi
876 2072 1018 2122 comparere
1037 2056 1075 2106 vis
1098 2057 1213 2107 laudem!
1247 2056 1355 2107 a-Poe

217 2123 329 2173 Donatus
345 2125 377 2173 ad
388 2124 458 2173 Adel.
471 2123 503 2172 iv.
516 2126 539 2173 4.
551 2123 591 2173 hic
605 2122 665 2186 tegit
680 2126 775 2172 obduci-
806 2126 880 2171 soelss
890 2122 990 2187 signum
1001 2121 1169 2186 interrogandi
1185 2122 1306 2187 iigendm
1319 2127 1355 2167 est

215 2204 280 2245 matt
297 2188 775 2239 tameuobconsettsumcoddretineu·
809 2187 837 2235 n

215 2252 274 2301 dum
283 2262 398 2317 putamus
408 2256 548 2304 adducimus.
572 2254 600 2302 B.
840 2251 879 2304 tt.
901 2250 1112 2365 Ulistposlslsspp
1122 2252 1207 2303 Verba
1214 2251 1308 2318 proprie
1318 2247 1353 2297 ali·

213 2344 216 2351 ⁴
248 2318 287 2369 77.
314 2318 378 2382 Eho]
400 2319 541 2381 Interjectm
562 2316 715 2367 admonentis
736 2327 771 2366 at·
805 2320 876 2381 cujus
894 2316 1069 2366 committentis
1112 2318 1161 2366 teri
1182 2334 1239 2367 cum
1260 2312 1355 2381 periculo

215 2383 357 2441 tentionem,
368 2393 395 2433 et
409 2394 438 2433 ut
453 2384 553 2433 sistatur
562 2383 659 2447 gradus,
671 2398 773 2447 poscen-
806 2380 1123 2431 vclressuasvelsalutem.
1147 2379 1355 2432 e.-Pm·uo

215 2448 255 2497 tis.
285 2451 413 2501 ‘lucillam
429 2448 526 2512 duent]
544 2448 670 2497 floccum
687 2447 774 2496 timore
799 2444 905 2523 fugerit]
927 2447 958 2495 In
978 2462 1027 2509 quo
1044 2446 1143 2510 negotio
1167 2446 1234 2497 site
1255 2441 1355 2495 fefellerit

214 2512 432 2577 pronunciandum.
466 2513 548 2562 Timet
568 2528 600 2561 ne
618 2522 688 2577 pater
707 2511 774 2561 illius
806 2512 888 2575 aliqua
908 2511 1003 2561 consilii
1026 2526 1090 2576 pars,
1113 2527 1160 2575 ego
1182 2512 1296 2563 continuo
1317 2522 1354 2573 pe

214 2577 461 2691 p'mi‘cjambpiogposclat.
481 2579 666 2630 C.—ans‘llom
674 2574 772 2641 duent]
805 2576 896 2690 {erim
919 2577 1034 2626 li.-Pro
1045 2584 1090 2625 tete
1101 2576 1232 2628 Bentleius
1245 2574 1317 2626 edidit
1330 2579 1354 2620 te.

239 2678 246 2693 .
279 2661 314 2691 .o
344 2660 400 2693 sess.
446 2678 452 2692 .
828 2676 835 2691 .

211 2734 213 2741 ι
247 2707 286 2759 72.
305 2706 772 2771 OlmpudenteotoadaciomIJBeneoa·
838 2705 877 2757 76.
904 2709 939 2754 At
965 2704 1037 2767 mm]
1065 2705 1169 2770 Aliquid
1196 2703 1354 2771 supplendum-

213 2776 318 2822 does'oat:
334 2790 388 2837 quse
398 2773 496 2837 proprie
508 2783 546 2822 est
556 2772 687 2821 temeritas.
711 2772 774 2821 C.—
806 2770 1355 2835 Syrusdicerevolebatautineareuonesse

214 2838 250 2887 Ut
266 2853 351 2887 versus
368 2838 498 2901 quadratus
515 2846 541 2886 et
559 2836 647 2901 plenus
664 2836 703 2895 sit,
723 2836 770 2901 leg.
803 2836 953 2902 periculumt
976 2845 1019 2884 aut
1035 2850 1062 2884 se
1082 2834 1228 2886 effecumutn
1247 2833 1307 2899 quod
1321 2830 1354 2878 in·

213 2917 269 2951 cum
285 2903 354 2951 codd
372 2902 483 2952 omnihus
499 2902 588 2951 nostris
604 2911 630 2950 et
645 2902 699 2951 edd.
712 2912 771 2951 vett.
804 2900 890 2950 tendit.
916 2900 965 2949 Sed
975 2900 1042 2949 illius
1052 2915 1192 2950 sennonem
1204 2899 1308 2964 Clitipho
1321 2894 1354 2943 itt·

213 2969 259 3017 suh
270 2967 351 3026 finem,
363 2970 428 3016 Heus
439 2972 482 3016 tu!
510 2968 539 3016 B.
804 2965 916 3078 mg}
939 2964 1067 3019 C.-·Qsid
1076 2963 1233 3029 illosadm]
1245 2962 1308 3019 Quid
1318 2960 1354 3009 dc·

210 3066 212 3071 -
246 3030 285 3083 73.
302 3035 418 3081 11an
438 3035 518 3095 sosfit
533 3036 582 3081 tiae
595 3030 772 3095 parchstei-
803 3030 862 3079 inde
910 3032 1032 3079 tttrusesf
1055 3030 1353 3093 Asamu’endensore

213 3095 268 3159 stus]
289 3096 416 3145 Sententia
432 3096 559 3159 generalis,
579 3112 633 3160 quae
650 3106 675 3145 et
694 3096 772 3145 serris
803 3095 839 3144 tio
865 3095 911 3143 hac
938 3094 1113 3143 intercessione
1140 3095 1247 3144 efficium
1272 3090 1355 3142 adoles·

213 3160 333 3209 convenit
354 3162 498 3210 C.—Hetu.¹
514 3165 588 3223 noum
598 3165 647 3209 ntra
654 3160 771 3225 mnu]
803 3159 895 3210 centis:
919 3159 961 3223 qui
976 3174 1027 3207 non
1042 3159 1135 3223 patitur
1151 3176 1210 3209 eum
1225 3156 1355 3220 meanto

212 3226 335 3281 Qtroniam
343 3225 505 3289 interrogatus
514 3240 605 3285 servus,
615 3241 663 3288 quo
671 3226 773 3274 duceret
802 3223 914 3274 circuire.
951 3224 1012 3272 Ideo
1031 3224 1097 3273 enim
1116 3224 1186 3283 dicit,
1207 3226 1269 3278 usto
1286 3222 1353 3271 erin!

213 3290 393 3349 Bacchidem,r
438 3290 513 3348 ondit,
530 3293 562 3339 ad
574 3300 670 3353 patrea
698 3290 772 3345 Quod
804 3290 935 3352 E.-Lege
957 3288 1020 3343 Quid
1037 3292 1081 3337 illo
1092 3288 1194 3353 saetae?
1217 3290 1242 3339 h.
1259 3304 1280 3337 e.
1300 3286 1353 3334 ue·

211 3370 276 3419 agre
287 3355 367 3405 ferens
377 3306 524 3413 aditiescena
536 3372 592 3404 cum
602 3354 771 3419 indignatione
802 3354 881 3403 chide.
908 3353 975 3409 Quid
982 3369 1039 3402 cum
1048 3353 1179 3403 meretrice
1187 3370 1246 3419 agas
1256 3354 1282 3402 in
1292 3351 1353 3401 domo

212 3421 328 3470 audacem
341 3435 438 3469 servum
453 3420 637 3485 pronunciavit:
655 3420 772 3470 continuo
802 3419 896 3483 purist
925 3418 990 3467 Tum
1011 3418 1059 3482 leg.
1081 3422 1104 3467 ti
1124 3422 1192 3480 sim,
1212 3422 1269 3468 dica
1304 3415 1353 3463 Duo

211 3485 254 3535 ille
271 3484 405 3551 respondit,
418 3484 514 3549 socians
529 3502 635 3548 magnam
650 3492 673 3535 et
688 3500 770 3534 memo-
802 3483 871 3532 codd.
883 3482 949 3532 enim
957 3484 1049 3532 habent
1057 3487 1116 3532 dno.
1139 3483 1170 3533 B.

211 3554 345 3613 mbilefim'
354 3554 608 3613 usumfructum
619 3552 769 3613 aliquoperi·
835 3544 1352 3619 iidtaretesthacnsncqaasiqunJHqt

210 3620 267 3666 calo.
302 3617 342 3665 Ita
357 3616 384 3663 in
399 3616 446 3665 hoc
461 3630 556 3679 quoque
572 3615 708 3679 periculum
725 3624 770 3671 est,
802 3612 880 3662 oratio
902 3612 1045 3676 imperfecta
1066 3622 1117 3661 est:
1146 3624 1233 3679 utpote
1255 3630 1270 3662 a
1291 3610 1351 3659 Clin-

209 3698 273 3741 cum,
286 3692 355 3747 patre
389 3691 499 3739 tacente,
509 3681 536 3728 in
552 3680 624 3729 domo
640 3680 723 3728 futura
737 3679 771 3728 sit
801 3678 891 3742 phone,
903 3677 945 3743 qui
956 3676 1089 3743 impatiens
1098 3676 1216 3728 audiendi
1232 3687 1276 3737 est,
1286 3676 1352 3725 intet-

209 3748 334 3796 meretrix.
385 3760 456 3795 amen
469 3746 556 3804 studet,
569 3754 596 3793 ut
612 3744 770 3793 nihilominus
800 3752 881 3807 rupta.
909 3743 1018 3792 Recusat
1033 3742 1100 3792 enim
1115 3741 1227 3819 Clitipho
1242 3738 1351 3809 pericula:

209 3812 284 3861 celari
303 3810 386 3878 possit.
414 3810 532 3861 lie-Nou
544 3813 576 3871 fit
591 3814 640 3859 sine
656 3807 769 3872 paritulo]
801 3807 892 3857 ctvult
902 3806 980 3857 amica
988 3808 1042 3856 sinc
1057 3807 1097 3856 his
1112 3808 1196 3883 potiri,
1209 3808 1273 3872 quod
1288 3807 1352 3874 Syrus

210 3876 302 3925 Contra
319 3876 430 3926 Juvenal.
448 3876 527 3939 Satyr.
543 3875 666 3950 mm·
683 3876 769 3923 Nullas
801 3872 856 3921 fieri
875 3888 947 3937 posse
966 3882 1053 3936 negatt
1077 3888 1136 3947 puta
1154 3888 1257 3949 necesse
1275 3882 1316 3926 eat,
1333 3880 1351 3915 tt

209 3938 769 4079 commentitium
801 3936 1277 4078 melittutam.
1294 3934 1351 4046 {a

209 4072 351 4119 motabile
371 4070 417 4133 leg.
438 4072 626 4119 commemorabile
632 4089 642 4125 ,·
666 4082 724 4132 quta
742 4082 770 4117 nt
801 4068 1259 4132 composessevottsutsmepctreulo:
1275 4075 1349 4129 quem·

208 4134 278 4183 codd.
294 4134 438 4197 quibusdam
454 4135 546 4199 legitur
559 4152 601 4184 tue
617 4135 768 4184 emmanu
799 4132 931 4183 adtaohrm
949 4131 971 4181 ai
989 4131 1077 4195 aliquis
1098 4132 1152 4181 sine
1175 4132 1233 4183 belli
1253 4124 1351 4205 pericula

209 4198 276 4251 Nam
292 4198 350 4249 olim
369 4216 417 4249 eost
436 4211 462 4250 et
483 4216 524 4252 toa
546 4216 595 4251 uua
613 4198 729 4259 litterula,
746 4199 767 4249 C
801 4197 861 4248 velit
871 4196 987 4262 consequi
998 4196 1133 4258 victoriam,
1144 4190 1350 4261 autaliqurdtsle=
