2834 4759
247 108 281 155 ro
293 95 407 181 Usque
423 94 552 161 occidit.
597 94 667 159 Ds.
681 93 779 172 Hem,
795 95 874 179 quid
896 99 1031 161 narras?
1074 94 1133 161 Sx.
1150 94 1250 173 Hem,
1265 95 1331 158 ride
1346 104 1374 157 ut

355 194 484 259 discidit
498 192 635 258 labrum.

291 292 359 358 Dr.
377 293 619 366 Quamobrem?
656 291 718 356 St.
735 290 794 356 Me
816 290 989 378 impulsore
1011 293 1096 358 hanc
1116 303 1235 357 emtam
1253 312 1321 356 esse
1332 290 1373 353 ait

356 390 423 456 Du.
441 390 518 454 Non
534 402 570 455 tu
586 413 659 454 eum
672 412 728 454 rus
743 389 819 454 hinc
833 392 930 455 modo

247 530 249 535 ·
292 489 447 554 Produxe
462 490 593 554 aiebas?
631 488 691 553 Sr.
708 487 862 553 Factum:
885 511 996 553 verum
1010 490 1097 554 venit
1111 500 1186 573 post
1200 488 1365 553 insaniens:

292 588 386 653 Nihil
401 590 564 674 pepercit:
588 610 653 652 non
668 587 824 673 puduisse
840 588 1012 651 verberare
1027 586 1187 651 hominem
1203 609 1319 662 senem,

290 688 397 761 Quem
411 709 473 772 ego
488 688 584 753 modo
600 709 736 771 puerum
751 684 909 751 tantillum
923 687 955 749 in
970 686 1118 750 manibus
1133 685 1260 770 gestavi
1273 683 1361 748 meisi

247 798 278 847 25
290 786 358 850 De.
375 784 502 862 Laudo,
519 784 694 869 Ctesipho;
722 784 895 869 petrissae:
920 784 984 861 abi,
999 784 1103 847 virum
1117 794 1150 847 te
1160 784 1286 868 judico.

247 924 251 930 ‹
290 884 350 949 Sx.
368 882 524 948 Laudas?
547 906 598 948 nae
612 883 664 948 ille
679 884 856 948 continebit
869 882 1018 967 posthac,
1034 882 1061 945 si
1076 882 1191 967 sapiet,
1207 902 1328 945 manus.

290 981 357 1047 Dr..
375 981 525 1047 Fortiter.
572 982 631 1046 Sx.
649 981 827 1066 Perqnam!
851 982 928 1066 quia
940 983 1088 1046 miseram
1102 979 1281 1055 mulierem,
1296 991 1327 1043 et
1341 997 1379 1039 ne

249 1132 252 1139 .
330 1077 526 1159 servolum,

291 1178 358 1252 Qui
373 1178 505 1243 referire
521 1201 585 1243 non
600 1179 770 1257 audebam,
786 1180 879 1244 vicit:
903 1180 981 1244 hui!
1005 1178 1205 1263 perfortiter.

291 1276 358 1341 Du.
375 1276 452 1342 Non
471 1277 577 1362 potuit
590 1276 721 1342 melius:
745 1278 841 1357 idem,
857 1279 946 1362 quod
961 1300 1036 1363 ego,
1054 1280 1163 1355 sentit,
1180 1287 1213 1342 te
1230 1297 1301 1341 esse
1320 1272 1379 1337 huic

354 1376 401 1440 rei
416 1387 523 1461 caput.

245 1510 413 1559 referebantur
424 1510 488 1575 apud
500 1519 600 1559 veteres.
623 1513 697 1574 Usque
708 1509 804 1574 occidit]
864 1513 902 1559 2⁵.
910 1513 999 1569 Medo,
1008 1513 1114 1573 Ctesipho
1121 1508 1266 1573 enumeras]
1276 1504 1380 1574 Faciieinj

246 1575 386 1625 Ὶδιωτικῶςι
399 1574 522 1624 nonenim
535 1574 627 1623 occisus
636 1576 749 1639 loquitur.
772 1577 804 1623 D.
837 1576 924 1625 ductus
936 1587 973 1624 est
987 1592 1062 1625 senex
1074 1576 1192 1623 varietate
1203 1573 1297 1623 fraudis
1306 1582 1329 1620 et
1338 1567 1380 1641 dol}

280 1642 318 1688 20.
332 1643 408 1689 Hem!
424 1643 474 1688 ride
485 1648 511 1688 ut
524 1644 617 1688 discidit
628 1641 729 1704 tamum]
747 1642 806 1690 Non
838 1641 903 1689 Nam
911 1642 986 1705 Syru
993 1651 1018 1689 ct
1026 1656 1101 1705 supra
1107 1651 1135 1689 ut
1143 1640 1255 1695 laudm
1266 1653 1312 1687 nou
1321 1645 1379 1683 utu·

246 1705 360 1762 ostendit,
375 1704 417 1753 sed
435 1704 531 1754 videtur
550 1706 678 1754 ostendere
692 1706 746 1754 seni
761 1722 805 1770 pa·
838 1716 955 1770 tuperans
966 1706 1156 1769 Ctesiphonem
1174 1715 1201 1753 et
1212 1720 1279 1753 nunc
1290 1712 1316 1750 ut
1325 1712 1380 1747 retu

245 1784 300 1819 rum
308 1772 359 1832 jam
371 1769 471 1827 videnti,
487 1779 512 1818 et
528 1769 593 1819 intra
604 1787 637 1819 os.
661 1773 738 1819 Hem!
754 1774 806 1819 vide
837 1769 1295 1835 mnsidemperficitatquepersuadet.
1307 1766 1380 1814 Petris·

245 1844 273 1883 ut
283 1838 377 1883 discidit
389 1833 489 1898 ἱαὸνιιηι]
504 1835 584 1899 Asper
595 1836 698 1885 mediam
708 1836 805 1898 longam
836 1834 1006 1899 sedetiam.
1035 1836 1099 1883 Nam
1111 1844 1224 1899 utsupra
1232 1831 1380 1889 dixerat-ir

246 1916 262 1949 s
272 1900 386 1948 cedendo
402 1900 503 1963 accipit:
521 1916 567 1963 ego
584 1900 689 1949 mediam
707 1902 805 1949 brevem
836 1917 875 1949 ro:
887 1904 1012 1950 estsimilis
1020 1901 1130 1962 mmmm
1138 1917 1246 1947 mmm:
1262 1894 1380 1946 hicconiir·

246 1965 411 2014 rescindendo.
436 1964 467 2013 D.
837 1966 963 2029 metquod
974 1981 1072 2029 sperare
1086 1964 1228 2013 sedixerat.
1269 1952 1380 2015 Parnes]

280 2032 318 2078 21.
331 2032 384 2079 Nos
402 2038 427 2079 tu
446 2047 495 2079 eum
511 2046 551 2077 rus
564 2032 617 2077 tsine
627 2034 691 2079 modo
703 2034 806 2093 prodesse
838 2030 947 2079 Attende
956 2046 1028 2093 quam
1039 2031 1101 2078 bene
1109 2028 1240 2077 inventurn
1252 2028 1290 2085 sit,
1302 2025 1381 2098 imm

246 2094 356 2157 dictast]
376 2094 442 2143 Mire
459 2094 590 2143 Terentius
611 2110 652 2143 eos
670 2096 743 2159 ipsos,
763 2096 805 2159 qui
837 2112 864 2143 se
875 2095 970 2144 dicere:
989 2110 1069 2143 nonne
1080 2094 1177 2142 videtur
1187 2094 1222 2142 ibi
1234 2092 1380 2141 stultissimus

246 2160 370 2217 falluntur,
380 2175 411 2207 ex
423 2159 502 2222 eliqua
513 2169 582 2223 parte
593 2170 676 2208 cautos
688 2160 760 2209 facit:
778 2171 806 2209 ut
837 2176 892 2209 eum
909 2159 1046 2222 huJ'usmodi
1063 2160 1134 2207 laude
1151 2174 1202 2207 non
1219 2157 1292 2206 modo
1306 2170 1330 2203 se
1343 2164 1381 2199 nm

246 2240 276 2273 eo
294 2224 460 2273 delectabilius
479 2224 655 2288 spectatoribus
669 2227 806 2337 procedant
837 2224 936 2273 laudere
958 2224 1028 2283 velle,
1051 2224 1115 2287 quod
1137 2224 1251 2273 odiosum
1276 2231 1326 2273 ests
1348 2212 1380 2263 ”i

246 2290 303 2339 doli
322 2290 451 2351 Nsmquae
468 2288 547 2353 gratia
561 2298 598 2337 est
615 2300 658 2337 eut
686 2290 805 2349 stercatio,
838 2288 911 2337 etiam
922 2289 1000 2337 tilium
1010 2290 1074 2353 apud
1084 2288 1253 2351 intelligentes
1261 2287 1380 2348 vitupemt

247 2370 296 2403 non
314 2353 433 2415 (hominem
451 2354 499 2402 Ms.
512 2354 541 2401 B.
554 2363 579 2401 et
590 2353 643 2401 edd.
656 2353 728 2416 vett.)
744 2355 805 2404 stul·
838 2354 965 2404 videaturt
983 2354 1102 2417 siquidem
1111 2369 1160 2401 non
1167 2354 1248 2402 mlum
1256 2352 1295 2399 hic
1302 2347 1381 2398 snitu»

247 2418 368 2468 tissimum
378 2417 445 2466 fallit
464 2420 516 2467 Non
534 2427 559 2466 tu
570 2436 619 2466 eum
630 2436 669 2467 rus
679 2422 733 2467 istnc
743 2423 807 2468 moda
838 2420 881 2467 sed
891 2419 964 2467 etiam
975 2419 1023 2479 ille,
1036 2419 1093 2482 quis
1100 2422 1224 2481 poturas,
1236 2414 1319 2479 inquit
1342 2413 1379 2458 Pt-

243 2487 347 2547 produrc
364 2481 474 2546 uictori]
499 2483 644 2531 Memoriter
661 2500 737 2533 senex
757 2501 806 2533 non
838 2482 933 2547 mas]
951 2484 1014 2532 Tam
1033 2498 1132 2532 securus
1149 2493 1194 2541 est,
1216 2491 1244 2531 ut
1262 2496 1289 2529 se
1307 2476 1381 2526 laudet·

247 2548 325 2598 solum
335 2548 394 2611 quid
409 2547 454 2596 sibi
467 2547 557 2597 dixerit
569 2548 642 2611 Syrus
654 2549 727 2613 paulo
739 2561 804 2609 ante,
837 2548 870 2597 Et
882 2552 922 2599 att
932 2548 1041 2597 addiditz
1059 2548 1127 2611 quasi
1136 2548 1209 2607 diost,
1222 2548 1279 2595 Non
1289 2536 1381 2603 estquod

246 2612 290 2662 sed
301 2613 388 2676 quibus
397 2612 476 2661 verbis
485 2612 582 2671 dixerit,
594 2613 674 2662 retem
694 2614 758 2663 Nam
770 2614 805 2664 sic
833 2616 885 2676 jam
905 2614 1017 2662 demorer
1037 2611 1072 2740 ik
1093 2611 1194 2677 morer),·
1220 2610 1380 2677 perfecus?

247 2678 349 2737 dixerat,
369 2682 439 2731 Quem
456 2686 542 2741 egomet
555 2680 661 2740 modoet.
686 2679 806 2729 D.—Ncs
837 2680 1042 2740 Laudc,Ctertpto
1076 2678 1126 2726 Hic
1145 2688 1212 2726 totus
1233 2689 1315 2724 versos
1332 2680 1381 2717 1¹1¹rt

247 2744 507 2792 tusumnutu'rscmodc
516 2744 806 2807 producentebostffloe
838 2743 949 2792 delusum
959 2743 1073 2791 ostendit
1088 2757 1179 2817 senem.
1214 2744 1270 2796 Ati,
1285 2738 1381 2787 simu

247 2807 806 2939 sirtctc.tct.ts².ct.;ocn
830 2804 1380 2945 {sessiacensem

247 2936 319 3002 (quod
329 2936 541 3000 wrterotusfisen't
552 2941 581 2986 ab
592 2956 617 2986 eo
630 2938 671 2999 Z.)
683 2939 724 3001 qui
735 2938 805 2986 ilium
837 2954 887 2986 non
903 2938 934 2986 ad
950 2952 1043 2996 sexum,
1060 2937 1171 2985 retertur.
1201 2921 1380 2985 uerum]

247 3003 369 3052 nutrierit.
393 3002 505 3051 u-nn
532 3006 584 3051 binc
609 3006 671 3053 modo
688 3002 805 3067 produxe]
839 3003 906 3052 Patri
922 3002 1008 3051 similis
1025 3018 1059 3051 es.
1087 3002 1219 3065 u-Lege
1233 3010 1259 3049 et
1268 2995 1379 3055 mergus.

249 3066 316 3115 Serv.
332 3066 540 3115 AEneidxi.152.
559 3068 587 3115 L.
820 3068 937 3116 'Laudes
964 3085 977 3116 o
1000 3069 1112 3129 Ctesipho,
1132 3071 1255 3129 petrissae.
1298 3056 1381 3109 itud·

281 3134 319 3179 22.
333 3133 414 3179 Verrem
430 3135 492 3179 venit
505 3140 557 3193 post
574 3130 701 3195 insaniens]
719 3132 806 3198 Supra,
840 3132 1032 3181 tresexnostris
1042 3133 1139 3180 habent.
1164 3131 1194 3179 B.
1350 3188 1356 3198 Ι

248 3198 352 3245 Produri
362 3199 447 3243 iratum
455 3198 588 3245 wordum.-
605 3212 670 3244 nunc
680 3198 808 3258 αὐξητικῶς
871 3198 910 3245 to.
923 3199 967 3245 Nte
983 3198 1024 3245 itte
1034 3199 1157 3245 mstiseiit
1169 3199 1272 3258 postiae,
1282 3188 1378 3248 &W

248 3274 298 3309 uon
309 3260 398 3308 iratum
407 3259 530 3325 predicat,
543 3260 585 3309 sed
596 3260 717 3310 insenum.
741 3263 808 3310 D.-
838 3259 929 3324 naam]
946 3261 1110 3310 Comminatio
1120 3271 1157 3310 est
1172 3258 1281 3310 subtilis:
1298 3264 1323 3303 et
1333 3261 1378 3315 ptr·

249 3326 298 3375 Pro
308 3328 386 3374 otetur
397 3340 452 3373 cum
463 3340 513 3373 uno
524 3324 576 3374 cod.
592 3340 683 3389 repone
694 3330 767 3386 sitm,
779 3336 808 3376 ut
837 3328 896 3381 sior,
907 3325 975 3375 reiut
985 3326 1058 3375 servi.
1082 3326 1114 3374 D.

248 3390 329 3440 versui
341 3390 486 3439 consulatur.
512 3390 539 3437 B.
871 3391 909 3442 27.
922 3390 1049 3455 Perqean]
1068 3391 1157 3447 Nimis,
1175 3389 1285 3452 ciperet«.
1315 3384 1377 3431 lii·t

281 3458 320 3504 23.
333 3456 402 3503 usust
413 3454 529 3518 pepercit]
548 3454 583 3503 Ut
598 3470 677 3518 supra,
690 3458 760 3504 Neu
768 3473 805 3504 re·
838 3455 961 3519 servotum]
976 3457 1104 3505 Oratoriez
1122 3470 1171 3504 non
1182 3470 1277 3512 em
1292 3447 1377 3498 sed*

249 3524 331 3569 ticuit:
349 3520 384 3569 sic
392 3520 495 3569 dicimus
508 3519 534 3568 in
545 3519 590 3578 bis,
601 3536 654 3583 quae
665 3530 806 3584 praeterear·
837 3524 917 3579 sotem,
929 3537 1003 3583 quum
1013 3520 1046 3569 sit
1057 3536 1140 3570 senex.
1163 3520 1195 3569 D.
1357 3572 1362 3582 ¹

247 3584 423 3651 spectationem
441 3594 510 3648 gesta
525 3596 589 3633 sunt.
626 3586 751 3634 Verterare
766 3588 805 3634 tto-
871 3588 975 3634 28.Nos
985 3584 1301 3650 memmonpoterm
1320 3570 1376 3623 11⁸¹!

248 3654 329 3701 minem
345 3666 419 3699 senem
452 3649 572 3698 Miserum
590 3650 618 3698 fit
636 3651 666 3699 de
684 3660 762 3710 etate,
781 3650 807 3699 id
836 3649 982 3714 perfortiter]
1004 3650 1067 3707 Hoc,
1085 3662 1156 3714 gestu
1173 3649 1264 3706 serviti,
1278 3656 1301 3693 et
1318 3645 1376 3688 muts

249 3716 313 3780 quod
324 3716 354 3764 de
365 3730 411 3764 coo
429 3714 504 3763 itione
516 3729 564 3762 non
575 3724 677 3779 poterat.
701 3714 732 3763 D.
838 3716 924 3764 leviori
934 3730 1045 3779 personae
1055 3730 1163 3778 congrue
1172 3715 1264 3763 dictum
1275 3717 1315 3757 2⁸¹-
1335 3702 1360 3749 1²

281 3784 319 3829 ιι.
334 3784 404 3833 ouem
414 3796 455 3843 ego
465 3783 529 3828 mua
540 3784 769 3842 praeincantatus,
782 3784 807 3829 ιι
871 3782 910 3829 29.
923 3783 976 3829 uc„
983 3785 1061 3843 pauo
1070 3778 1163 3843 meae]
1177 3779 1208 3828 lu
1219 3788 1262 3835 est.
1277 3770 1340 3822 nmo
1349 3774 1374 3813 ¹³·

247 3848 351 3895 menibus
364 3850 454 3909 gestari
464 3842 532 3907 meir]
549 3844 651 3893 Addidit
661 3845 727 3893 aeteti
742 3845 807 3894 inri-
840 3846 907 3894 Ctesi
924 3846 973 3894 ho:
991 3846 1162 3906 etdeestfieri.
1191 3824 1375 3894 Itiessssssittmd

248 3910 313 3959 diurn
328 3920 354 3958 et
371 3910 484 3959 meritum
504 3924 603 3958 reeens:
621 3910 668 3958 hoc
687 3919 725 3958 est
741 3910 808 3960 enim
839 3909 892 3973 ego]
907 3861 936 3959 id
948 3921 991 3967 est.
1001 3913 1123 3972 patrium,
1134 3913 1209 3959 ιιήιιιι
1220 3906 1325 3978 tcjsdfgt·

249 3975 313 4037 quod
326 3973 385 4023 dicit
401 3978 471 4024 mode.
506 3974 539 4023 Et
555 3976 680 4033 tantillum,
691 3976 809 4024 δεικτικὸν
840 3978 903 4025 Huic
918 3980 954 4023 rei
964 3975 1046 4038 eaput]
1058 3974 1217 4030 Quinctilium
1234 3972 1273 4022 lib.
1287 3980 1317 4015 ut
1331 3970 1371 4017 αἱ)

249 4048 304 4088 est:
332 4038 427 4088 ridetur
444 4038 509 4087 enim
526 4054 600 4087 manu
617 4040 650 4087 fin
682 4054 717 4097 re,
735 4056 808 4103 quem
839 4040 883 4088 uit.
914 4042 989 4101 Caput
1012 4044 1048 4088 ret
1074 4047 1109 4088 est
1131 4039 1197 4103 apud
1226 4028 1372 4103 Mefflfffln’

247 4102 382 4168 parvulum.
407 4104 806 4154 u-tcunnonbeleinflnaus
838 4103 970 4166 κεφάλαιόν
997 4106 1071 4154 ἐστιν.
1111 4104 1190 4154 Plaut.
1217 4101 1284 4153 esis
1307 4085 1370 4141 ¹¹²⁸·

247 4168 350 4233 syllabas
361 4168 458 4217 cedunt.
488 4168 590 4233 Depone
601 4168 677 4233 igitur
687 4172 806 4234 stsego
839 4171 893 4218 les
917 4172 1048 4233 &emper
1063 4160 1369 4234 intergens-tw*

245 4238 341 4297 pteram
351 4236 414 4283 ertdo
425 4234 546 4283 tantillam.
571 4234 600 4283 B.
835 4238 953 4297 petendo
988 4236 1137 4285 n-uemu
1154 4242 1221 4285 recte
1234 4231 1304 4282 rendi,
1319 4220 1338 4268 ὴ
1351 4226 1368 4259 ‘⁴
