2834 4759
134 4173 137 4181 .
220 4130 339 4195 peccandi
356 4131 448 4179 fineml
466 4133 519 4178 Non
531 4126 602 4192 sarit,
618 4144 663 4195 pro
681 4146 730 4179 non
749 4131 784 4178 la·
820 4136 882 4184 Qaio
896 4136 984 4195 primas
998 4141 1077 4195 parter

223 190 287 257 558
644 188 944 257 PROLOGUS

268 340 299 386 ro
312 326 378 393 Hic
393 326 592 411 respondere
606 323 718 401 voluit,
734 348 798 390 non
812 323 983 391 lacessere.

312 426 501 491 Benedictis
515 426 543 489 si
557 435 727 501 certasset,
743 425 888 489 audisset
899 425 1004 490 bene:

312 523 413 599 Quod
427 526 470 589 ab
485 524 557 608 ipso
571 522 754 599 allatum’st,
769 523 803 587 id
819 523 879 587 sibi
894 546 966 587 esse
982 520 1129 589 rellatum
1143 532 1247 608 putet.

311 624 366 689 De
380 621 435 687 illo
445 623 514 709 jam
527 622 625 687 finem
639 619 754 686 faciam
770 622 902 687 dicundi
917 622 1005 699 mihi,

310 722 474 787 Peccandi
488 742 589 805 quum
603 719 675 805 ipse
689 719 732 784 de
748 741 784 784 se
795 718 894 785 finem
909 744 973 786 non
989 720 1075 785 facit.

268 834 299 881 aa
311 822 411 886 Nunc
425 820 505 906 quid
519 818 614 884 velim
628 820 769 884 animum
784 820 960 885 attendite:
984 830 1122 905 apporto
1137 842 1264 896 novam,

311 920 606 1006 Epidicazomenon
622 942 719 1005 quam
733 929 850 984 vocant
864 917 1055 983 comoediam

311 1018 440 1083 Graeci:
466 1016 576 1082 Latini
591 1017 820 1082 Phormionem
834 1017 1020 1081 nominant:

312 1118 400 1191 Quia
414 1118 534 1202 primas
548 1117 650 1201 partis
665 1118 722 1201 qui
737 1128 824 1201 aget,
839 1118 867 1180 is
881 1116 944 1181 erit
958 1114 1113 1179 Phormio

257 1279 296 1326 21.
307 1278 441 1326 Benedicta
457 1278 478 1323 d
491 1274 614 1337 certarem]
632 1274 697 1330 Quia
713 1290 787 1339 supra
819 1273 882 1337 orm]
894 1277 980 1323 Noram
987 1272 1099 1321 Latinam
1106 1272 1172 1321 dicit.
1185 1272 1374 1333 D.-Nasoq1id

223 1342 295 1401 dixit,
307 1345 337 1392 In
347 1344 419 1391 medio
429 1344 531 1389 omnibus
542 1343 643 1401 palmam
660 1356 709 1388 erre
724 1344 785 1401 poei-
816 1343 891 1396 velim,
904 1337 1090 1401 animadvertite]
1113 1337 1374 1413 Supponitperpauuoe

225 1416 289 1456 tam:
305 1408 374 1472 quari
393 1405 465 1463 dicar,
484 1404 599 1468 quicquid
617 1404 642 1452 in
662 1416 786 1453 certamen
818 1420 903 1453 versus
914 1404 944 1453 ad
961 1402 1067 1452 officium
1083 1402 1185 1467 prologi,
1195 1413 1226 1451 ut
1236 1400 1330 1467 aliquid
1342 1400 1374 1448 in·

222 1470 549 1529 venefitiueovincendoa
564 1468 736 1518 aemuloasase.
761 1474 787 1519 st
817 1468 1072 1517 struatdecomoedia.
1096 1468 1125 1516 Ε.

222 1536 346 1599 annotet]
358 1539 475 1584 certam
489 1534 542 1582 dni
556 1536 601 1583 roi
616 1548 785 1598 provocasset:
851 1534 890 1583 26.
903 1538 1107 1595 Epidicazomenon
1123 1550 1189 1595 qaam
1205 1542 1291 1581 roeant
1303 1547 1374 1580 mmo·

222 1603 255 1650 ab
275 1618 304 1650 eo
324 1601 389 1665 quod
406 1598 566 1664 pracediald
585 1600 650 1661 quod
669 1600 786 1662 sequitur.
819 1598 894 1664 diam]
920 1600 969 1647 llio
998 1598 1125 1647 manifeste
1152 1610 1218 1647 errat
1244 1597 1374 1647 Terentius.

224 1666 293 1729 Virg.
304 1667 362 1715 AEn.
374 1666 390 1713 i.
406 1666 461 1712 552.
479 1681 520 1712 neo
536 1672 558 1713 te
575 1673 674 1713 certam
687 1668 787 1725 priorem
820 1664 884 1713 Nam
891 1664 943 1713 haeo
955 1663 1035 1713 tabula
1046 1680 1118 1727 quam
1129 1663 1265 1721 transtulit,
1273 1666 1374 1725 Epidica-

223 1734 348 1781 Poeaiteat.
374 1726 787 1791 Auditaetiene]Beneaadire,est
818 1729 983 1778 nomenedicta
994 1739 1038 1785 est,
1051 1726 1375 1794 apuelladequajudiaiun

223 1795 354 1852 benedici,
366 1794 466 1843 laudari.
491 1794 690 1842 D.-Benedictir
703 1798 725 1843 ai
735 1812 785 1843 oer—
818 1806 870 1843 eat:
888 1810 962 1858 quum
979 1794 1012 1841 ait
1030 1794 1078 1843 alia
1095 1796 1301 1857 Fpidieaaomenor
1319 1794 1374 1853 ejus·

225 1859 309 1922 torret]
328 1861 407 1909 Plaur.
420 1857 509 1908 Pseud.
521 1858 553 1906 iv.
573 1860 594 1909 7.
614 1858 651 1910 77.
665 1862 785 1909 Contame-
818 1858 873 1907 dam
887 1858 1035 1923 Apollodori.
1060 1858 1152 1908 Debuit
1163 1874 1222 1921 ergo
1232 1860 1316 1908 dicere
1325 1859 1375 1916 liri·

223 1928 279 1973 iiam
292 1929 314 1973 ri
329 1928 395 1981 dicia,
411 1926 499 1972 audies.
527 1923 672 1987 Hieronym.
689 1925 784 1973 advers.
817 1926 1077 1973 diraaomenenGraeca.
1092 1926 1375 1986 D.—ApportoEpidtra·

224 1989 349 2054 Pelagian.
368 1993 425 2038 Can
436 1992 786 2051 dimuqaaooiaerir,aadier
817 2006 923 2039 zommon
944 2006 1011 2053 qaam
1035 1998 1114 2038 uocant
1138 1991 1216 2037 Greci
1239 1984 1375 2047 mattas]

223 2072 426 2119 queneqaaqaam
436 2058 499 2102 nelis.
530 2053 688 2103 Etadversua
701 2054 784 2104 Rufio.
818 2056 916 2103 Nomen
937 2054 1062 2103 oomoediae
1083 2053 1172 2110 dicere,
1193 2054 1290 2118 aliquid
1312 2068 1375 2117 argu·

224 2122 335 2183 Nihilque
345 2122 581 2181 rapnrlrooampliur,
589 2123 636 2167 nisi
646 2122 785 2168 iiladetri·
818 2120 894 2167 menti
908 2128 1014 2183 tangere,
1026 2120 1120 2184 prologi
1130 2119 1238 2168 officium
1252 2130 1297 2168 cst.
1323 2119 1376 2166 r.-

222 2188 267 2244 oio,
280 2188 337 2234 Cam
347 2188 434 2233 dixeris
444 2186 505 2247 qaod
519 2187 560 2241 oia,
572 2186 653 2233 aadier
668 2188 729 2247 qaod
743 2202 787 2234 non
819 2184 877 2232 Non
890 2195 927 2233 est
938 2185 1002 2247 quod
1013 2200 1068 2233 cunr
1081 2185 1179 2233 Donato
1193 2185 1287 2233 erroris
1298 2198 1376 2247 argua-

223 2253 265 2298 nir.
285 2254 336 2299 Aet
345 2254 367 2298 ri
378 2252 422 2297 1111
431 2252 522 2297 oidetar
532 2252 626 2311 oalgare
635 2252 786 2311 proverbium,
820 2264 874 2297 mus
884 2250 1035 2307 Terentium,
1047 2265 1102 2297 eum
1111 2248 1181 2297 tacite
1192 2250 1318 2313 corrigere
1327 2264 1375 2313 pos-

223 2318 511 2376 etllomarapr'entirsimna
521 2317 594 2375 magis
606 2317 788 2375 philosophorum
819 2313 1115 2377 simusEpidr'eazomerren.
1136 2314 1199 2362 Nam
1218 2324 1249 2363 ut
1260 2316 1375 2365 'arunas

221 2396 252 2427 aa
266 2388 384 2441 poetarum
394 2383 513 2427 sententiis
523 2381 652 2436 &horaria
664 2382 712 2441 lege
729 2383 789 2427 iliad
819 2388 919 2429 auctore
931 2380 1131 2443 Harpocratioue,
1144 2391 1181 2427 est
1193 2378 1266 2443 virgo
1277 2381 1341 2436 orba,
1351 2380 1377 2425 tle

223 2447 376 2501 Homericam,
397 2444 425 2492 ll.
438 2441 466 2491 d.
479 2446 535 2491 250.
553 2440 634 2491 ὁποῖόν
650 2444 672 2491 rr’
686 2444 789 2509 dnpoda
820 2459 867 2506 qua
877 2444 960 2501 lis,cui
970 2446 1058 2493 debeat
1068 2444 1094 2492 in
1103 2444 1288 2493 matrimonium
1296 2444 1375 2493 locari:

223 2506 286 2567 tros,
304 2507 371 2557 τοῖόν
387 2511 409 2557 r’
423 2508 571 2557 ἐπακούσαις.
601 2508 656 2556 Vld.
669 2509 787 2563 Quinctil.
819 2508 855 2556 ita
873 2507 1067 2571 Ἐπιδικαζομένη
1085 2520 1130 2565 eat,
1150 2508 1180 2557 de
1197 2526 1247 2571 qua
1264 2510 1375 2573 iudicium

222 2572 264 2621 lib.
277 2590 299 2622 v.
312 2575 343 2622 de
354 2573 385 2622 iis
396 2573 437 2637 qui
448 2573 522 2621 latius
532 2584 672 2636 evagantur.
693 2574 721 2621 1.
820 2574 910 2622 laetum
921 2584 972 2623 ast:
991 2588 1016 2623 rt
1028 2575 1081 2623 talis
1093 2574 1176 2637 utique
1186 2574 1228 2623 hic
1241 2593 1258 2624 ι
1269 2574 1377 2623 Terentio

257 2641 295 2687 22
310 2640 376 2693 Quod
393 2642 423 2686 ab
442 2643 491 2699 ipro
509 2640 606 2687 allatam
622 2638 670 2701 ert]
692 2639 722 2686 ld
742 2648 787 2696 est,
819 2638 943 2687 inducitur
956 2639 1083 2688 Phanium.
1107 2638 1136 2687 B.

221 2704 386 2753 maledictum.
411 2706 477 2755 Quod
485 2706 515 2751 ab
526 2708 575 2763 ipro
584 2706 681 2751 allatam
691 2711 733 2761 est,
742 2707 788 2753 sihi
852 2704 891 2755 27.
904 2706 986 2753 Latini
1002 2707 1157 2753 Phormionem
1173 2704 1307 2767 nominant]
1325 2700 1376 2765 iif-

221 2786 271 2817 erae
290 2772 317 2817 id
333 2772 440 2817 rellatum
459 2767 538 2830 patet]
565 2768 721 2816 Proverbiale
741 2780 787 2828 ast,
818 2786 873 2828 μων
884 2769 1015 2833 tagiculum
1031 2769 1116 2817 dicunt
1126 2767 1214 2825 Gnaei,
1229 2786 1280 2833 quo
1296 2771 1376 2819 instar·

224 2836 291 2885 Qnod
299 2836 371 2892 dedit,
382 2836 472 2894 recipit.
487 2830 491 2838 ’
504 2832 539 2880 Et
553 2832 688 2896 geminavit
704 2834 733 2881 1..
751 2845 786 2893 ut,
819 2834 887 2883 nitur
905 2834 1085 2898 tinnimentum:
1108 2834 1174 2882 unde
1194 2834 1312 2883 Phormio
1329 2848 1376 2882 cor·

223 2898 310 2947 AEni.
328 2900 631 2961 34.1retttqarasuanaam
656 2898 785 2947 D.—Ver·
819 2908 889 2963 repta
905 2900 984 2963 prima
1005 2900 1097 2963 syllaba
1118 2897 1182 3011 apud
1207 2900 1376 2963 Apollodorum

222 2979 265 3012 sua
275 2964 340 3011 haud
350 2964 470 3027 improbat
478 2963 607 3011 lectionem
616 2963 725 3011 omnium
736 2963 786 3012 lere
819 2976 863 3012 eat.
886 2964 909 3011 N
913 2980 945 3012 on
957 2980 1040 3027 ergon
1057 2964 1135 3013 formu
1146 2980 1166 3022 a,
1178 2972 1207 3011 ut
1218 2966 1320 3027 quidam
1335 2978 1374 3027 pu-

226 3028 316 3077 Faerni
333 3040 359 3076 et
377 3039 515 3076 nostrorum
532 3027 656 3084 librorum,
671 3031 739 3081 Quod
756 3032 786 3077 ab
819 3036 879 3085 tant,
890 3028 982 3078 dictum
995 3040 1037 3078 eat.
1059 3030 1126 3093 Ergo
1137 3029 1194 3077 inde
1205 3030 1335 3093 parasium,
1345 3028 1375 3074 ri·

221 3096 262 3141 uto
273 3096 408 3150 allatam’rt,
419 3096 465 3140 stoi
474 3108 522 3140 erre
533 3095 559 3139 id
570 3095 677 3141 re‘llatam
691 3112 716 3155 p.
742 3094 771 3141 Β.
816 3092 915 3142 lissimae
927 3094 1074 3143 conditionis
1086 3094 1164 3150 horno,
1179 3109 1272 3143 nomen
1283 3093 1375 3156 accepit

256 3160 295 3205 28.
316 3161 350 3206 De
371 3161 411 3206 illo
424 3157 477 3219 jam
493 3160 563 3218 finem
577 3156 668 3219 sariam
689 3162 785 3207 dicundi
818 3159 993 3223 D.-Corrige,
1007 3162 1093 3217 (lraere,
1108 3161 1195 3210 ,Latine
1210 3161 1251 3209 liic
1267 3162 1375 3208 Phormio-

222 3222 292 3285 milri]
312 3220 373 3270 ’Aah
389 3224 434 3280 τῆς
451 3221 578 3271 ἐπιεικείας
597 3224 642 3271 τοῦ
661 3222 784 3283 λέγοντος.
817 3240 867 3273 nem
879 3229 985 3273 nominat.
1016 3226 1079 3273 Nam
1097 3224 1204 3289 primunr
1222 3224 1278 3273 nod.
1296 3236 1375 3273 aaut

223 3289 325 3335 Dieandi
335 3290 399 3343 midi,
413 3288 524 3347 morandi
534 3304 603 3349 qaam
613 3292 663 3347 ipre
673 3290 702 3336 da
718 3305 742 3337 re
753 3292 785 3349 ,11-
819 3288 900 3337 Mead.
918 3290 992 3338 habet
1004 3292 1094 3345 Latine,
1107 3300 1132 3337 et
1148 3288 1210 3337 alius
1222 3300 1284 3339 serr.
1298 3292 1375 3341 Graan

222 3368 273 3400 nem
289 3348 417 3414 nonsaoit]
438 3352 471 3399 Et
486 3354 587 3408 mittet
603 3355 631 3399 de
646 3370 671 3400 re
688 3352 786 3417 proprie
819 3355 911 3402 Latine.
935 3354 1000 3403 Dein
1014 3354 1259 3418 Latini,priusquam
1271 3363 1375 3418 ageretur

221 3414 329 3481 positura
345 3426 396 3464 eat:
417 3425 443 3463 at
458 3426 577 3480 praterea
588 3416 730 3477 ὄμφιβολία.
754 3419 785 3466 D.
818 3428 844 3467 et
855 3430 1043 3483 cognocerctur
1054 3418 1142 3477 labala,
1152 3418 1327 3468 Phormionem
1337 3432 1374 3479 ap-

221 3481 318 3530 -Cum
330 3493 414 3529 auctor
425 3492 451 3529 et
461 3482 491 3529 ab
507 3480 578 3529 initio
589 3492 615 3529 et
625 3482 679 3529 aliis
691 3482 717 3529 in
729 3498 786 3547 pro·
837 3484 911 3532 ellare
927 3499 977 3533 non
992 3494 1131 3549 potuerunt
1156 3484 1273 3547 Denique
1285 3500 1316 3532 rx
1325 3496 1374 3547 pro·

222 3544 284 3609 logis
297 3545 431 3594 maledictis
447 3546 606 3609 respondent:
624 3562 683 3595 sane
694 3546 734 3595 hic
750 3548 785 3595 lo·
818 3498 881 3612 logis
894 3549 973 3597 Plauti
985 3548 1044 3597 satis
1059 3548 1114 3597 coll'
1134 3549 1189 3603 'tun
1201 3565 1254 3598 suar
1264 3560 1374 3614 quamque

221 3627 265 3661 our
281 3610 322 3659 lati
340 3612 402 3659 mori
420 3626 556 3675 repugnare
573 3611 676 3660 videtur.
708 3612 787 3677 igitur
818 3624 915 3678 poetam
927 3614 1052 3663 eomoediae
1062 3614 1114 3662 indi
1132 3614 1180 3662 isse
1192 3629 1291 3663 nomen.
1311 3614 1337 3662 B.

221 3676 262 3724 hie
279 3690 325 3740 pro
338 3676 393 3738 jam
407 3676 575 3740 reponendum
594 3687 655 3741 puto
675 3685 737 3725 tam:
762 3688 787 3727 et
852 3681 891 3727 28.
906 3683 1063 3741 Qaiaprimaa
1072 3682 1202 3741 parterqai
1213 3678 1374 3743 agerJPnsa

221 3741 282 3790 illud
298 3758 342 3790 non
358 3741 385 3789 in
402 3740 514 3803 sequenti
534 3740 673 3800 delendum,
693 3752 787 3791 mutato
819 3758 891 3799 nnnc,
906 3744 1038 3793 maximas:
1050 3744 1081 3792 ad
1093 3754 1200 3792 actorem
1212 3746 1280 3793 enim
1292 3740 1372 3793 retulit

213 3806 316 3871 sncitin
325 3806 418 3869 jecerit.
446 3806 471 3854 B.
818 3808 870 3856 Cic.
884 3809 968 3857 Divin.
983 3811 1019 3857 15.
1035 3812 1100 3871 Sapo
1116 3812 1180 3857 illam
1197 3813 1237 3871 qui
1254 3818 1289 3859 ert
1304 3823 1373 3857 rem·

255 3875 293 3921 24.
314 3869 442 3934 Peccandi]
472 3870 644 3948 hlaledicendi
670 3874 787 3947 Peccandi
818 3876 1199 3936 daramaattertiarampartium.
1224 3874 1329 3923 Phormio
1336 3887 1372 3933 po·

220 3934 786 4065 tuttt.tt“.ttti,lttttt⁰tz‘tt
818 3937 1372 4068 tttlttttuttt‘tttttttttt

222 4069 271 4123 An,
288 4066 358 4130 priua
372 4065 470 4115 dicendi
487 4080 533 4128 ogo
549 4066 642 4122 faciam,
655 4082 727 4128 quarn
744 4066 785 4114 ills
818 4084 833 4115 a
855 4070 996 4126 Phormione,
1016 4068 1139 4196 corripere
1161 4067 1285 4117 debemus
1317 4067 1372 4176 Dii-'-

151 4232 158 4243 .
220 4194 283 4243 ciat:
301 4204 337 4251 ut,
352 4198 441 4243 Mirum
454 4198 480 4242 ni
497 4212 539 4258 rgo
554 4212 589 4243 roe
605 4200 705 4257 turpiter
721 4198 786 4245 hodie
818 4208 864 4255 cet,
875 4198 918 4261 qui
929 4198 1014 4247 fecerit
1027 4134 1370 4263 (soeritlloacufft'qawrrilt

222 4262 288 4308 dabo.
313 4259 344 4307 D·
818 4278 869 4320 seu,
886 4280 943 4325 paor
951 4262 1045 4325 feeerit,
1065 4260 1106 4325 Ζ.)
1123 4264 1245 4328 parasitus
1260 4260 1369 4313 Phonnin

254 4326 293 4372 25.
306 4326 443 4388 Nanoqaid
456 4327 531 4380 nelina,
543 4328 641 4372 animam
655 4325 784 4390 attendite]
818 4342 866 4375 non
882 4334 988 4389 priona,-
1012 4326 1132 4391 siquidem
1148 4330 1274 4379 comaediae
1292 4338 1368 4375 nomen

223 4392 307 4447 Deest,
318 4392 439 4452 quartas.-
456 4389 535 4445 utait,
548 4389 621 4437 Nunc
633 4390 691 4451 quid
703 4390 785 4448 velim,
817 4392 959 4457 impositum
980 4404 1018 4441 est
1038 4394 1069 4442 ab
1087 4408 1116 4441 ao
1135 4404 1225 4451 actore,
1245 4409 1290 4459 per
1307 4402 1368 4454 quet!¹

221 4454 346 4518 quantist
363 4454 472 4502 animum
482 4454 608 4502 attendite.
630 4457 734 4517 Apporto
744 4472 785 4505 no·
818 4456 924 4520 plurima
935 4470 1048 4522 aguntur.
1073 4456 1216 4508 E.-Recte
1230 4459 1334 4509 meliora
1343 4453 1367 4501 li·
