2834 4759
246 208 299 270 viii
442 204 743 273 PRAEFATIO
774 204 1203 274 LINDENBROGII.

243 358 421 441 integritati
437 379 505 422 suae
526 359 675 422 restituta
697 368 783 422 sunt.
829 356 992 422 «Iuverunt
1008 360 1106 423 etiam
1123 358 1268 424 nonnihil
1284 359 1395 425 collec-

246 469 341 523 tanea
362 460 523 543 quaedam,
539 482 613 544 quae
631 462 665 523 in
684 458 883 523 bibliotheca
905 460 996 545 regia
1016 460 1204 539 Parisiensi,
1220 474 1253 527 et
1269 462 1395 527 scheda

244 571 324 625 vett.
340 560 413 625 Pet.
430 560 576 625 Danielis
592 560 771 639 Aureliani,
787 561 846 625 viri
861 560 1091 627 humanissimi.
1137 563 1204 628 Sed
1219 565 1395 649 nescioqui

244 661 344 728 veluti
364 663 405 728 de
426 676 594 748 compacto
614 664 745 741 factum,
767 674 804 727 ut
828 662 948 728 Graeca
972 661 1041 729 fere
1067 665 1173 730 omnia
1194 667 1228 730 in
1252 666 1395 731 omnibus

243 763 333 829 libris
350 766 432 829 adeo
448 767 560 831 vitiose
576 766 706 851 scripta,
724 776 761 830 ut
774 788 849 830 raro
864 765 944 850 quid
957 765 1034 830 inde
1053 768 1132 831 boui
1145 768 1306 832 extricare
1321 766 1394 832 licu-

243 868 316 945 erit,
343 865 394 931 vel
421 868 588 953 indagare,
615 868 704 953 quod
736 868 844 953 specie
872 868 953 931 recti
981 867 1137 952 placeret.
1188 870 1305 955 Itaque
1334 892 1395 934 non

243 980 356 1033 nostro
371 969 486 1047 saltim,
508 971 566 1035 sed
587 969 722 1035 aliorum
737 991 868 1055 quoque
889 970 1025 1054 judicio,
1047 970 1251 1037 characteres
1267 972 1394 1037 vitiosos

243 1093 425 1156 proponere
447 1071 615 1150 voluimus,
635 1086 672 1137 ut
696 1071 830 1138 cuilibet
852 1094 914 1156 pro
939 1084 1038 1156 captu
1061 1095 1099 1137 ac
1122 1072 1266 1139 lubidine
1290 1096 1394 1139 emen-

244 1173 343 1239 dandi
359 1196 457 1239 causa
472 1174 707 1260 relinqueretur
722 1176 860 1259 integra.

302 1275 528 1361 Eugraphiuru
553 1300 618 1341 non
644 1278 701 1341 uni
726 1276 894 1341 debemus.
944 1276 1069 1342 Praeter
1095 1300 1199 1362 pauca
1223 1281 1308 1343 enim
1332 1279 1392 1358 illa,

244 1400 318 1463 quae
337 1377 435 1464 hujus
454 1378 636 1443 scholiastae
651 1379 797 1443 Faernus
812 1379 860 1443 vir
874 1376 1138 1463 diligentissimus
1159 1379 1234 1445 olim
1254 1382 1289 1445 in
1304 1381 1395 1446 ltalia

242 1478 456 1566 provulgavit,
472 1480 533 1545 alia
547 1480 643 1566 longe
662 1480 757 1565 plura
771 1503 814 1544 ex
828 1481 1050 1564 antiquissimo
1066 1480 1150 1547 libro
1165 1480 1245 1548 Ant.
1264 1481 1395 1547 Loiselll

243 1582 271 1659 I.
296 1581 335 1647 C.
359 1605 444 1648 nunc
464 1584 603 1668 primum
628 1584 734 1648 edita:
758 1594 792 1647 et
814 1605 889 1667 quae
911 1581 988 1647 huie
1013 1582 1159 1661 deerant,
1184 1606 1227 1648 ex
1250 1584 1393 1650 nobiliss.

242 1683 359 1749 Franc.
375 1684 510 1750 Olivarii
525 1686 636 1751 codice
652 1684 804 1770 suppleta
818 1695 904 1750 sunt.
946 1682 1074 1749 Cretera
1088 1708 1166 1749 vero
1181 1709 1255 1770 quae
1268 1687 1395 1753 deside·

242 1796 367 1865 rantur,
393 1788 420 1851 si
444 1789 525 1853 tanti
548 1788 755 1865 videbuntur,
777 1810 798 1851 a
820 1785 1016 1852 felicioribus
1043 1786 1166 1852 meliori
1192 1789 1304 1854 seculo
1330 1789 1393 1855 fors

223 1972 225 1979 y
242 1888 312 1953 fuat
326 1912 369 1953 an
383 1890 416 1953 in
430 1889 534 1955 lucem
549 1888 688 1975 proferri
703 1899 878 1974 poterunt:
901 1911 976 1953 nam
996 1898 1033 1952 ut
1053 1910 1113 1953 nos
1128 1888 1181 1954 hic
1197 1887 1287 1955 Italis
1302 1890 1394 1976 plura

241 1992 462 2076 praestitimus,
479 1992 524 2057 sic
539 1992 592 2056 alii
608 1991 806 2076 diligentiam
823 2002 967 2055 nostram
987 1991 1015 2054 si
1038 1989 1250 2075 supplebunt,
1268 2015 1336 2057 non
1349 1995 1394 2057 in·

241 2093 440 2159 videbimus:
463 2092 534 2158 laus
552 2105 603 2159 est
620 2093 761 2179 publica.
808 2092 912 2157 Extat
927 2092 1057 2176 quidem
1073 2092 1207 2158 Parisiis
1227 2095 1262 2158 in
1281 2093 1395 2161 biblio·

241 2194 338 2261 theca
363 2196 453 2285 regia
478 2208 691 2261 commentum
720 2196 755 2259 in
780 2194 869 2259 hune
891 2195 1058 2271 comicum,
1087 2194 1272 2281 Eugraphii
1302 2197 1394 2263 titulo

240 2298 445 2383 insignitum:
470 2298 529 2363 sed
549 2298 632 2362 adeo
652 2299 808 2382 ineptum,
824 2297 972 2380 adeoque
990 2298 1086 2381 nugis
1108 2296 1251 2382 plenum,
1267 2311 1307 2364 ut
1321 2322 1394 2365 vere

240 2401 314 2484 quis
330 2422 372 2465 ex
389 2399 565 2465 Luciorum
589 2399 700 2465 schola
717 2400 846 2463 detonsi
865 2398 1036 2483 cujusdam
1055 2400 1253 2465 tenebrionis
1276 2402 1394 2467 dixerit

240 2500 539 2567 blatteramentum:
562 2502 682 2567 idcireo
697 2502 795 2565 etiam
809 2502 968 2585 ejusmodi
981 2500 1107 2581 affaniis
1122 2502 1297 2569 editionem
1312 2504 1394 2570 hanc

240 2604 457 2668 contaminare
473 2604 566 2667 nobis
582 2602 694 2688 religio
710 2602 781 2667 fuit.

298 2705 485 2771 Postremo:
509 2707 751 2770 observationes
775 2705 932 2788 quasdam
955 2704 1143 2789 adjecimus,
1167 2706 1284 2771 breves
1312 2706 1392 2785 illas,

239 2820 273 2871 et
287 2819 400 2871 nostro
414 2830 502 2873 more
517 2806 677 2891 modoque
693 2805 813 2886 faetas3
836 2808 939 2891 magis
958 2816 995 2870 ut
1013 2807 1055 2871 de
1071 2807 1227 2872 varietate
1247 2807 1393 2874 lectionis

239 2922 273 2974 et
286 2910 353 2974 fide
368 2909 436 2974 veri
449 2920 623 2987 constaret,
638 2930 737 2993 quam
750 2918 788 2973 ut
803 2908 929 2993 prolixe
944 2908 997 2973 hic
1015 2910 1120 2987 omnia
1140 2909 1393 2995 explicarentur.

241 3011 341 3093 Quod
356 3012 474 3075 rectius
489 3010 599 3075 hercle
614 3032 690 3075 vero
705 3009 824 3074 facient
837 3012 983 3094 magistri
1002 3012 1035 3075 in
1055 3011 1133 3075 ludo
1153 3023 1188 3076 et
1210 3015 1340 3093 umbra,
1354 3037 1393 3079 ne

238 3112 368 3199 publice
384 3110 443 3193 τὴν
458 3110 617 3198 ἀκρισίαν
632 3109 854 3197 ἐκθεατρίζειν
864 3134 1033 3177 necessum
1047 3113 1236 3193 habeamus,
1249 3128 1308 3181 aut
1322 3140 1394 3183 cum

238 3215 472 3280 insanientibus
494 3213 623 3294 furere3
646 3214 703 3300 qui
724 3212 847 3277 nullum
873 3214 1009 3298 amplius
1033 3214 1152 3280 librum
1177 3217 1312 3300 prodire
1339 3242 1394 3304 pa-

238 3318 374 3390 tiuntur,
396 3317 458 3381 nisi
481 3318 667 3402 ingentibus
689 3317 924 3380 commentariis
948 3327 1127 3395 oneratum,
1153 3317 1196 3384 oie
1219 3316 1262 3385 ἂν
1287 3318 1394 3408 ἄχθος

241 3415 325 3502 eluat
351 3413 497 3501 ἡμιόνων
525 3418 676 3485 πολλῶν.
729 3416 883 3495 Proinde,
909 3417 1020 3498 lector,
1052 3422 1080 3483 si
1102 3421 1225 3505 probus
1251 3444 1299 3502 es,
1323 3423 1393 3489 laus

238 3522 331 3587 nobis
347 3522 521 3588 tribuenda
533 3533 585 3589 est
599 3521 687 3607 quod
702 3521 838 3605 egimus,
854 3521 948 3586 venia
961 3522 1071 3587 denda
1084 3522 1174 3608 quod
1191 3522 1391 3609 reliquimus.

240 3624 401 3689 Feliciter.
