2834 4759
42 182 159 228 acnnn
174 159 244 241 1113]
500 155 774 224 PHORMIO.
1141 158 1209 223 688

90 293 142 360 Ut
155 296 261 381 poesia
276 316 349 363 cum
362 292 434 359 illa:
457 314 499 359 ne
513 304 546 359 te
561 291 752 359 adolescens
766 290 881 357 mulier
893 290 1062 378 defatiget.

90 392 161 458 Nn.
178 393 318 472 Faciam,
333 406 371 459 ut
387 393 506 477 jubes:
529 392 588 457 aed
610 414 718 458 meum
739 392 843 457 virum
863 392 923 457 aba
944 402 978 457 te
995 392 1086 459 exire
1100 391 1205 458 video.

159 491 223 557 Cn.
241 492 340 570 Hem,
359 490 536 576 Demipho,

90 590 167 657 Jcrn
181 591 225 656 illi
240 592 352 657 datum
367 602 418 655 eat
432 592 623 675 argentum?
659 588 727 655 ΒΕ.
742 590 862 655 Curavi
875 587 958 655 ilico.
997 589 1060 655 Cu.
1075 587 1208 654 Nollem

159 690 287 755 datum!

91 787 179 853 Hei!
206 790 301 854 video
322 810 476 853 uxorem:
499 808 593 873 poene
614 784 700 872 plus,
724 808 822 872 quam
844 797 895 853 aat
917 796 1000 851 erat.
1046 786 1115 851 ΒΕ.
1139 786 1207 852 Cur

157 887 271 963 nolles,
289 888 451 952 Chreme?

46 998 79 1046 1⁵
92 985 157 1051 Cu.
180 985 256 1051 «lam
277 999 377 1052 recte.
415 986 484 1051 ΒΕ.
501 984 593 1059 Quid
608 986 667 1049 tul
690 984 809 1071 ecquid
829 982 957 1051 locutus
979 1006 1053 1049 cum
1074 986 1138 1050 iata
1158 1006 1207 1063 ea,

157 1086 365 1169 quamobrem
380 1083 464 1150 hanc
480 1084 650 1149 ducimus?

90 1182 156 1247 Cu.
183 1183 355 1269 Tranaegi.
404 1182 472 1247 Dr.
498 1182 590 1255 Quid
617 1181 663 1245 ait
688 1181 842 1247 tandem?
892 1179 956 1246 Cu.
981 1181 1115 1247 Abduci
1141 1202 1208 1245 non

158 1292 277 1367 potest.
316 1282 374 1347 ΒΕ
390 1281 460 1355 Qui
473 1302 538 1345 non
552 1282 683 1365 potest?
787 1325 791 1329 e

91 1379 157 1445 Cn.
173 1380 261 1455 Quia
274 1391 412 1465 uterque
426 1379 556 1463 utrique
571 1388 622 1443 eat
635 1378 738 1445 cordi.
787 1376 855 1443 ΒΕ.
871 1379 964 1452 Quid
978 1379 1062 1445 ictuc
1075 1380 1207 1445 nostrat

158 1477 222 1543 Cu.
239 1476 372 1563 Magni:
395 1488 517 1563 proeter
531 1477 614 1555 haec,

91 1576 273 1661 Cognatam
298 1578 441 1662 comperi
464 1596 537 1641 ease
564 1576 669 1641 nobie.
718 1574 786 1639 ΒΕ.
811 1574 923 1649 Quid!
954 1574 1096 1642 demut
1141 1574 1206 1641 Cn.

158 1675 213 1741 Sic
228 1676 307 1740 erit:
1031 1731 1036 1739 .

91 1772 391 1839 Nontemerediccz
403 1771 844 1839 redimecuminmemoriam.
861 1770 930 1837 ΒΕ.
938 1770 1144 1837 Satin’aanua
1151 1774 1207 1837 eat

46 1870 161 1937 toNA.
185 1872 254 1951 Au,
278 1872 426 1950 obsecro,
452 1892 542 1949 cave,
557 1892 598 1935 ne
622 1871 656 1935 in
679 1880 849 1955 cogitatam
869 1892 998 1955 pecces.
1036 1871 1105 1936 Da.
1129 1870 1209 1937 Non

101 1986 104 1993 ’
156 1980 217 2037 eat.
256 1970 320 2037 Cn.
336 1969 392 2035 Ne
407 1992 511 2055 nega:
859 1980 864 1989 '

92 2068 201 2133 Patris
226 2090 343 2133 nomen
369 2066 458 2133 aliud
484 2068 606 2132 dictum
630 2078 698 2132 est:
721 2066 785 2131 hoc
804 2076 842 2131 tu
865 2068 993 2133 errasti.
1036 2066 1105 2133 Da.
1127 2065 1209 2132 Non

157 2177 251 2232 norat
265 2169 414 2252 patrem?

92 2264 157 2329 Cu.
180 2263 299 2330 Norat.
336 2264 405 2329 ΒΕ.
429 2264 497 2332 Cur
521 2262 609 2329 aliud
631 2262 737 2329 dixit?
775 2262 839 2327 Cu.
864 2261 1085 2348 Nunquamne
1109 2262 1208 2328 hodie

156 2364 316 2431 concedes
331 2362 419 2441 milri,

89 2462 210 2548 Neque
243 2460 425 2547 intelliges?
470 2459 538 2526 ΒΕ.
569 2459 606 2525 Si
633 2471 670 2527 tu
698 2459 780 2527 nihil
806 2483 930 2525 narras.
976 2459 1041 2526 Cu.
1067 2459 1208 2546 Pergial

156 2560 226 2626 Nn.
243 2560 349 2626 Miror
364 2560 443 2645 quid
458 2560 521 2625 hoc
537 2560 616 2625 siet!

91 2658 160 2727 ΒΕ.
179 2658 343 2745 Equidem
354 2658 463 2725 hercle
475 2657 596 2725 nescio.
634 2657 698 2723 Cn.
712 2656 789 2723 Vin’
804 2658 909 2723 acirel
931 2668 967 2722 et
980 2657 1027 2723 ita
1039 2680 1091 2723 me
1102 2668 1209 2724 cerret

155 2756 322 2842 Juppiter,

46 2870 79 2917 25
92 2856 141 2921 Ut
169 2856 303 2941 propior
327 2854 383 2933 illi,
409 2876 506 2940 quam
532 2877 594 2940 ego
621 2876 692 2919 aum
721 2876 760 2919 ac
785 2864 833 2932 tu,
861 2853 1014 2919 nemo'ctl
1061 2854 1130 2919 ΒΕ.
1160 2854 1209 2919 Βὶ

154 2965 296 3018 vostram
310 2953 428 3018 fidem!

46 3074 184 3130 mulierum,
195 3072 230 3122 uti
242 3072 273 3121 de
283 3072 343 3121 viria
354 3081 494 3135 querantur,
504 3070 610 3121 maxima
678 3072 714 3121 16.
729 3075 775 3125 Qut
791 3089 835 3121 non
846 3070 955 3135 potant]
972 3070 1003 3119 V.
1016 3070 1044 3120 0.
1066 3074 1148 3124 aaut
1163 3089 1209 3121 aare

46 3140 67 3189 ai
90 3140 151 3203 ipaoe
173 3137 262 3186 diriter
285 3148 349 3187 aunt.
390 3138 452 3186 Eam
475 3147 611 3201 temperare
639 3145 724 3201 potest.
749 3137 778 3185 L.
1196 3167 1200 3174 -

47 3202 612 3266 contiuuovoluit‚dicenrcauaam,cumpuella
678 3204 715 3250 18.
735 3204 860 3265 cognatm
882 3205 980 3263 conpari
1000 3200 1061 3265 erce]
1085 3200 1209 3258 Quoniam

46 3266 612 3382 lttm.t.tt¹.⁸t¹¹¹t..t³.t.t².:¹.t⁰tl:t.¹‘.⁰t
644 3266 1207 3383 ”ll“l.⁰tt.ttt:;.⁰t.tt.tt²t‘ltt.l.

48 3399 167 3448 Chremen
180 3396 306 3460 recognita
318 3396 375 3453 lilia,
388 3396 474 3459 quaerit
491 3412 506 3444 a
524 3396 611 3445 Demi·
643 3411 698 3446 cum
714 3396 797 3444 Bemln
810 3396 915 3444 malebat
923 3396 971 3460 legi
983 3402 1064 3446 caure.
1083 3398 1137 3461 Ego
1148 3412 1207 3447 vero

46 3465 137 3529 phone,
150 3478 181 3510 an
193 3462 276 3511 datum
295 3462 328 3510 ait
343 3472 479 3525 argentum,
491 3460 556 3523 quod
567 3462 610 3509 da·
643 3462 709 3510 malo
720 3461 769 3524 legi
780 3464 847 3509 narr
877 3462 941 3509 Nam
957 3461 979 3510 ai
995 3465 1046 3511 rcdl
1062 3462 1093 3510 ab
1108 3474 1208 3511 auctora

47 3540 98 3579 tum
117 3526 206 3581 nollet:
223 3526 370 3591 generaliter
385 3536 478 3574 tuntum
491 3526 557 3584 dicit,
569 3530 610 3575 ad·
645 3537 718 3586 earet,
740 3540 790 3574 non
816 3526 919 3575 dirimet
944 3542 1036 3585 mean,
1059 3526 1103 3574 aed
1125 3535 1207 3577 tecam.

46 3597 99 3643 daci
115 3608 159 3641 non
174 3608 245 3654 poue.
276 3592 309 3639 Et
325 3592 370 3639 hoc
383 3590 447 3651 (rote
459 3590 500 3652 Z.)
513 3591 608 3655 prorpi-
642 3592 736 3641 Sanoua
751 3590 827 3655 igitur
844 3603 881 3639 ert
897 3606 911 3639 e
928 3603 1012 3639 noatra
1028 3592 1130 3649 ratione,
1149 3592 1208 3641 Non

46 3659 113 3707 ciana
124 3672 173 3705 non
184 3666 267 3721 aperte
277 3656 323 3705 hoc
332 3656 446 3719 loquitur,
456 3656 520 3719 quod
533 3656 608 3705 Phor·
641 3666 734 3705 temere
745 3656 814 3711 dico;
831 3656 893 3704 redii
905 3670 1001 3703 mecum
1017 3655 1044 3703 in
1056 3656 1206 3715 memoriam,

46 3722 122 3773 miani
140 3720 216 3771 nollet
234 3734 362 3785 argentum
382 3720 443 3777 duri,
462 3719 609 3784 generaliter
641 3731 836 3785 cognatam-eam
849 3720 991 3769 nobiaerae.
1014 3720 1043 3769 B.
1093 3750 1096 3755 -

47 3796 142 3837 tantum
159 3786 227 3845 dicit,
239 3786 326 3835 abduci
344 3800 394 3835 non
410 3801 495 3851 pomer
511 3800 609 3835 cauum
675 3788 714 3834 2⁰.
728 3784 776 3834 l’rc
788 3788 840 3834 alda
850 3800 935 3833 omnen
947 3784 1025 3833 nocui
1039 3785 1131 3835 habent
1145 3802 1207 3836 racc.

46 3868 147 3919 ponent,
159 3851 224 3914 quod
236 3862 338 3913 uterque
349 3866 375 3899 ae
387 3850 488 3913 diligat3
506 3862 531 3898 et
542 3850 609 3908 dicit,
645 3851 675 3899 B.

46 3916 193 3982 compatiare
204 3916 269 3979 quod
285 3916 328 3964 illa
342 3914 375 3964 rit
385 3926 495 3979 cognata.
524 3915 608 3971 Quan-
660 3914 714 3963 ’28.
729 3917 793 3967 Quid
807 3918 848 3963 tae
861 3912 919 3977 aiat]
936 3914 991 3962 Vct.
1004 3913 1057 3963 cod.
1071 3923 1096 3962 et
1113 3914 1161 3963 Ma.
1175 3915 1207 3965 ll.

47 3992 98 4031 tum
116 3990 204 4046 potent,
222 3979 248 4029 in
265 3980 407 4029 memoriam
425 3996 539 4029 revocare
558 3980 610 4029 vult
642 3982 699 4044 qaid
715 3981 756 4028 loe
771 3986 813 4028 eat.
839 3978 991 4027 l..-Faerni
1010 3978 1067 4027 libri
1082 3991 1149 4027 recte
1163 3996 1210 4044 pro

46 4046 285 4111 signiequibuadam.
298 4046 363 4109 quod
378 4045 501 4110 Demipho
518 4044 609 4093 intelli·
642 4062 724 4099 norm
739 4044 830 4093 habent
846 4060 936 4092 nonar.
966 4043 1128 4105 Omneaejua,
1141 4060 1206 4109 prae-

50 4112 87 4177 git
108 4112 179 4174 (ande
202 4114 314 4172 Demipho
335 4114 452 4174 intelligat
474 4108 515 4173 Z.)
537 4109 612 4159 filiam
645 4120 683 4159 ter
695 4110 780 4158 Berua
792 4118 817 4158 et
829 4108 920 4157 Victor.
933 4107 976 4156 ubi
987 4118 1025 4156 eet
1038 4111 1218 4172 prdie-atquc

51 4192 119 4227 ruam
130 4190 191 4225 erce.
216 4176 245 4224 E.
645 4174 722 4223 ucatri
733 4176 894 4237 rcctepergr'a.
913 4170 1210 4235 Proqac'dautemccnaur

84 4244 121 4290 ll.
133 4242 222 4289 Mulier
239 4238 361 4305 defetigat]
380 4239 448 4289 Vctt.
467 4238 525 4288 liba
546 4238 611 4302 adse
645 4239 784 4353 poscitque,
795 4239 853 4307 lne.
866 4238 994 4301 quomodo.
1016 4238 1045 4287 B.

51 4310 115 4371 riget
140 4306 244 4355 L.-Ne
263 4320 348 4355 reraua
372 4305 431 4355 vitio
454 4303 555 4363 laboret,
573 4320 612 4353 ra·
679 4304 718 4353 25.
752 4320 769 4352 n
786 4303 899 4353 omnibus
918 4302 1008 4352 Faerni
1027 4302 1104 4363 libris,
1122 4314 1212 4369 preter

51 4387 115 4439 ponc
126 4372 159 4421 Ut
168 4374 242 4433 pdrrlr
251 4388 302 4419 caan
312 4374 370 4427 illu,¹
387 4372 415 4419 nd
426 4372 554 4421 adolescere
564 4375 613 4419 ara-
646 4385 724 4420 uaum
738 4368 893 4429 Bambiuurn,
905 4376 932 4417 at
941 4368 1039 4423 nostrie.
1051 4379 1143 4434 preter
1151 4380 1213 4428 trec,

53 4435 227 4499 liertesalr'get.
254 4436 282 4484 B.
647 4434 815 4499 rectelegitru
825 4436 999 4484 dancmar.
1020 4434 1049 4482 B.

775 4502 824 4549 41
