2834 4759
239 204 309 265 'avi
551 200 763 263 RUFINUS
790 202 851 261 Da
881 201 1077 261 METRIS.

235 368 240 381 .
282 334 387 383 dminus
404 330 430 380 in
446 331 620 381 commentario
637 330 720 383 Plauti
735 332 762 383 ia
779 330 903 381 Pseudulo
918 331 992 380 dicite
1009 330 1082 379 mssal
1099 328 1209 391 δικίριοιι
1219 327 1309 377 metri
1329 344 1382 377 cau
1402 363 1405 369 .

240 396 345 448 &auras
356 396 383 445 in
394 394 478 446 eadem
490 392 570 445 fabula
581 398 632 447 sic:
651 413 716 447 nune
724 398 785 459 jem,
792 399 844 460 jam
856 396 940 445 divisit
950 395 977 445 in
986 396 1047 445 duas
1057 394 1162 459 syllabas
1173 394 1247 443 metri
1261 409 1363 442 musa

628 474 742 531 Sisenna
758 476 788 533 in
805 474 931 531 Rudente
948 474 1003 530 sic:

241 548 299 599 Fuit
314 556 413 599 extenta
426 547 507 613 prima
518 547 610 612 syllaba
622 548 694 597 metri
706 563 792 604 caum
810 558 835 597 et
849 558 934 611 postea
949 547 999 597 eie:
1017 546 1135 596 habiliora
1146 553 1225 595 metro
1234 559 1310 593 ustas
1325 556 1377 603 est,
1391 560 1417 593 u

239 614 301 665 solet
312 614 339 663 in
350 613 479 663 mulierum
490 612 606 662 oratione.
636 613 724 663 Postea
734 614 784 663 sic:
801 613 919 661 latronem
930 612 1044 676 producit
1053 611 1127 660 metri
1138 626 1217 660 eausa.

542 690 619 746 Idem
637 690 751 747 Sisenna
767 692 796 746 in
813 691 1012 762 Amphytrione
1030 691 1085 746 sic:

241 765 290 817 His
301 774 405 830 quantor
414 763 544 829 generibus
555 764 667 827 quintum
678 764 779 824 accedit,
790 762 821 812 de
832 778 922 828 geum
933 778 1048 813 vemuum
1059 763 1103 827 qui
1113 778 1162 812 non
1174 772 1233 811 sunt
1242 760 1409 811 uniusmodi

581 841 657 897 ldem
676 840 789 898 Sisenna
804 842 835 898 in
852 842 973 913 Captivis
990 844 1046 897 sic:

242 916 293 967 llic
305 927 391 967 ornatu
403 916 419 965 S
432 914 527 964 literam
539 915 610 963 metri
622 930 695 965 causa
706 916 794 965 ambit

573 992 649 1049 Idem
668 994 781 1050 Sisenna
797 995 827 1049 in
845 994 984 1049 Aulularia
1001 994 1056 1049 sic:

243 1070 305 1118 llaee
316 1084 389 1119 scena
399 1066 545 1132 anapestioo
556 1078 634 1115 metro
644 1076 688 1125 est,
701 1068 744 1116 sed
755 1068 852 1116 concisa
862 1077 966 1140 suntut
977 1082 1025 1115 non
1038 1065 1166 1129 intelligas

573 1144 647 1201 iuba
663 1144 692 1200 in
709 1147 781 1201 libro
800 1154 896 1218 quarto
915 1146 953 1199 sic
971 1146 1054 1200 dicit:

242 1220 382 1270 lamborum
396 1218 477 1282 itaque
494 1216 606 1283 exempla
623 1234 676 1281 quae
693 1219 798 1267 maxime
815 1218 967 1281 frequentata
983 1229 1041 1267 sunt
1056 1217 1166 1267 subdidi:
1184 1216 1262 1270 πάτον
1275 1214 1416 1277 asadada

241 1286 309 1334 ποῖον
325 1280 420 1349 topica
434 1283 506 1339 πόδες
524 1281 617 1332 Δαναὸς
629 1286 642 1331 d
652 1282 804 1341 πεντήκοντα
819 1282 953 1345 θυγατέρων
966 1284 1051 1347 πατήρ.
1074 1286 1148 1347 ξανθῇ
1161 1282 1253 1347 παλαιῇ
1264 1281 1335 1345 'rapt
1348 1291 1415 1329 πολ-

242 1350 315 1414 λῇσιν
325 1348 392 1413 φίλη.
415 1349 460 1398 ott’
471 1348 516 1396 ert
526 1347 573 1411 ’γὰρ
585 1349 647 1407 ὑμῶν
658 1346 778 1411 παρετάθη
790 1348 829 1397 καὶ
840 1346 984 1412 repentinos.
1013 1346 1105 1409 ῖμότιον
1116 1346 1194 1411 ἐφέρει
1204 1347 1330 1409 μαλακὸν
1344 1346 1405 1408 epi»

242 1418 378 1465 Σικελικῶν.
401 1412 457 1463 ποδὶ
467 1410 662 1477 προσκεφάλαιον
672 1414 747 1477 φησιν
757 1410 808 1473 ἅμα
818 1413 856 1462 col
867 1412 992 1473 βούλομαι.

436 1478 526 1526 Videre
542 1494 591 1527 non
608 1478 661 1526 vult
677 1478 781 1526 Coelium
800 1478 923 1527 Panaetius
972 1513 978 1523 .

437 1543 531 1593 Misera
548 1542 641 1591 marino
658 1558 712 1607 qua
729 1543 821 1592 tumida
836 1543 908 1592 litore

437 1607 515 1656 Vallis
531 1607 637 1671 perimas
653 1624 725 1667 amne
741 1608 827 1656 labens
842 1608 938 1657 carulo.

437 1672 506 1721 Armi
538 1672 593 1721 rin
611 1671 655 1721 lda
672 1672 734 1738 pede
751 1688 812 1737 vago
828 1672 900 1721 litora
917 1683 1003 1737 petens

437 1739 507 1786 Caeru
518 1754 538 1795 a,
556 1752 605 1786 non
622 1734 693 1787 aliter
709 1754 827 1803 superans
842 1738 935 1801 liquida
951 1736 1065 1785 malacim

435 1801 498 1865 raud
513 1804 592 1863 σοφοῦ
606 1800 667 1863 μάθε
682 1802 762 1852 κλύων
778 1802 825 1853 lico
839 1803 910 1852 πίοον
926 1800 1062 1863 καταμάθοι.

437 1867 506 1931 Rape
522 1866 593 1923 iaces,
610 1883 670 1932 cape
685 1882 755 1932 puer,
772 1868 918 1932 seperabit,
935 1883 995 1915 eane
1011 1868 1094 1915 melos.

244 1932 275 1981 ln
291 1931 339 1981 alio
355 1931 408 1980 loco
424 1932 472 1981 sic:
490 1932 620 1981 iambicum
636 1942 741 1981 metrum
758 1948 807 1981 non
824 1945 856 1981 ex
871 1932 930 1982 solis
945 1932 1033 1981 iambis
1049 1929 1216 1989 conscribitur,
1228 1932 1274 1981 sed
1288 1932 1410 1995 quinque

242 1997 345 2061 suscipit
355 1997 436 2061 pedes,
448 1997 474 2044 id
486 2007 529 2056 est,
542 1997 656 2054 iambum,
668 1997 824 2055 tribrachum,
837 2008 994 2062 anapestum,
1006 1997 1136 2060 dactylum,
1149 2005 1174 2045 et
1188 1998 1347 2061 spondeum,
1360 1996 1410 2043 hoc

243 2073 281 2111 est
291 2062 397 2111 iambum
409 2072 434 2110 et
445 2062 579 2125 spondeum
591 2071 616 2111 et
627 2062 761 2111 solutiones
770 2079 861 2122 eorum,
871 2062 964 2111 seilicet
975 2078 1006 2110 ex
1017 2061 1091 2110 iambi
1103 2061 1223 2110 solutione
1234 2062 1408 2111 tribrachum.

243 2127 307 2176 Nam
319 2126 338 2175 si
350 2138 490 2189 sequentem
501 2126 598 2190 longam
610 2126 727 2191 syllabam
739 2128 764 2176 in
776 2128 836 2176 duaa
848 2129 933 2177 breves
948 2128 1034 2186 solvas,
1047 2126 1090 2175 fiet
1105 2127 1135 2175 de
1150 2126 1230 2175 iambo
1247 2127 1408 2175 tribrachus.

243 2191 351 2255 Spondei
371 2202 452 2240 autem
470 2190 602 2240 solutiones
622 2192 689 2250 duas,
709 2192 831 2257 dactylum
852 2201 877 2241 et
896 2202 1053 2258 anapestum.
1091 2192 1155 2241 Nam
1175 2192 1197 2241 si
1212 2191 1286 2305 prior
1306 2192 1409 2254 syllaba

243 2272 255 2305 s
273 2257 344 2305 ondei
365 2256 472 2305 solvatur
489 2256 515 2305 in
536 2257 596 2305 duas
613 2256 706 2314 breves,
728 2258 771 2306 liet
789 2267 940 2322 anapaestus:
961 2256 982 2306 si
1002 2272 1060 2306 vero
1079 2258 1193 2313 secunda,
1229 2268 1254 2304 et
1274 2256 1405 2320 dactylus.

269 2322 317 2370 nde
333 2322 404 2370 datur
419 2321 531 2386 intelligi,
548 2320 650 2371 iambica
667 2333 745 2372 metm
761 2324 791 2371 de
807 2322 888 2371 iambo
903 2332 928 2371 et
942 2322 1051 2387 spondeo
1068 2322 1129 2379 fleri,
1144 2322 1214 2371 etde
1231 2337 1323 2370 eorum
1335 2321 1407 2369 solu·

243 2386 358 2436 tionibus

287 2452 326 2501 De
337 2450 472 2501 choliambo
483 2450 532 2500 sic:
550 2460 588 2500 est
603 2460 644 2501 aut
658 2452 791 2517 proceritas
807 2452 914 2514 ejusdem
928 2468 1011 2501 versus
1024 2450 1066 2515 qui
1082 2450 1156 2500 unius
1171 2451 1241 2516 pedis
1255 2449 1406 2499 differentia

243 2531 332 2565 nomen
349 2514 445 2571 amittit,
461 2531 517 2565 nam
533 2517 597 2579 quod
613 2528 683 2566 sexto
699 2518 760 2573 loco,
776 2518 818 2580 qui
834 2518 902 2565 locus
917 2532 961 2581 par
979 2529 1023 2574 eet,
1041 2532 1089 2565 non
1101 2517 1203 2575 iambus,
1214 2516 1258 2564 scd
1270 2515 1406 2580 spondeus

243 2581 283 2630 ael
295 2581 413 2630 trocheus
423 2580 549 2645 accipitur,
562 2592 587 2629 et
597 2596 612 2628 a
622 2581 662 2629 lon
681 2598 695 2629 a
711 2582 799 2647 incipit
813 2583 911 2647 syllaba,
923 2581 1036 2630 claudum
1053 2597 1151 2629 carmen
1163 2582 1262 2637 latitet
1274 2582 1404 2629 choliam·

243 2646 330 2775 1ρὲουῖ
336 2646 481 2768 noppiypapur,
494 2656 522 2698 ut
533 2655 577 2703 est,
591 2598 784 2708 ὣκλοὶομένοιοι
799 2647 922 2703 mirator
933 2646 1084 2695 aesimedes
1099 2646 1211 2695 drodeed
1225 2644 1402 2694 ‘inermos

282 2728 300 2773 y
330 2746 336 2759 .
448 2728 487 2759 κιο.

437 2776 459 2824 0
475 2790 530 2838 quae
545 2776 662 2825 tenerulae
677 2775 798 2841 comparis
814 2786 884 2825 tenes
899 2776 999 2835 minem,

276 2841 353 2891 Sudes
364 2840 390 2889 in
402 2840 449 2889 ista
459 2841 499 2889 aia
510 2840 568 2888 latet
580 2840 650 2890 fossa.
678 2842 750 2897 Quod
761 2853 843 2891 autem
854 2842 918 2891 binis
928 2842 1040 2906 pedibus,
1051 2849 1077 2889 et
1087 2857 1137 2890 non
1147 2839 1251 2904 dapsilis
1259 2838 1401 2892 scanditur,

242 2915 313 2955 vetus
328 2905 467 2954 institutum
483 2915 526 2953 est
548 2904 646 2980 Quippe
665 2906 805 2956 Herodotus
821 2907 936 2971 antiquus
952 2906 1060 2955 historia
1072 2917 1164 2966 auctor,
1179 2922 1234 2954 cum
1248 2905 1280 2953 de
1296 2902 1402 2953 heroico

244 2970 337 3019 diceret
353 2985 432 3029 versu,
447 2985 519 3032 quem
536 2970 638 3033 singulis
672 2971 740 3019 artiri
756 2972 860 3036 pedibus
875 2972 950 3021 moris
966 2982 1011 3031 est,
1028 2970 1062 3021 ita
1078 2970 1154 3021 dixit:
1172 2970 1212 3019 nal
1224 2970 1284 3033 σφὶν
1295 2967 1404 3027 haiom

245 3034 314 3099 φήσω
330 3034 422 3084 ἅλυσιν.
451 3034 523 3083 Unde
539 3045 640 3101 apparet
654 2987 781 3085 heroicum
798 3036 900 3100 singulis
916 3036 1020 3101 pedibus
1034 3035 1117 3085 smndi
1134 3035 1207 3085 etiam
1221 3035 1288 3099 apud
1300 3046 1401 3082 veteres

244 3100 350 3157 solitum,
366 3098 495 3149 iambicum
512 3110 594 3149 autem
610 3100 681 3149 binis.
712 3100 782 3150 ldem
798 3112 879 3149 autem
896 3103 937 3161 ait,
954 3118 1010 3150 cum
1027 3102 1058 3150 de
1068 3101 1215 3150 Archilocho
1226 3100 1301 3148 Pario
1312 3098 1399 3151 refert,

244 3164 286 3228 qui
296 3164 366 3229 Gigas
378 3164 482 3213 taedam
492 3165 584 3229 optime
595 3165 736 3231 complexus
749 3174 787 3214 eat
800 3166 842 3223 ita,
857 3164 932 3227 l'lyee
943 3168 1016 3216 αὐτοῦ
1026 3166 1065 3216 ael
1075 3164 1223 3230 ’λρχίλοχοο
1234 3162 1323 3228 Πάριος
1336 3159 1401 3212 κατὰ

245 3230 288 3280 πον
299 3229 371 3279 ababa
381 3227 468 3291 χρόνον
478 3228 585 3290 γεγονὸς
596 3228 730 3290 ὑπέμνησεν
741 3228 818 3293 iliade
828 3229 949 3295 πριμόιρφ.

287 3294 400 3343 Meminit
411 3304 491 3343 autem
504 3309 588 3343 versus
603 3297 655 3357 ejus
671 3296 818 3354 Herodotus,
830 3310 902 3359 quem
918 3296 1042 3363 amplicui,
1053 3294 1072 3346 ὃ
1082 3296 1144 3357 μήτε
1155 3292 1230 3355 nysa
1237 3289 1400 3365 πολυχρύσου

244 3357 320 3421 μέλει.
349 3359 383 3408 Et
393 3360 510 3407 haetenus
521 3360 552 3408 de
563 3360 703 3409 catalectico
722 3362 832 3409 trimetro
846 3360 945 3410 dictum.
976 3362 1014 3410 De
1027 3371 1160 3410 octometro
1172 3357 1270 3409 Boiscio
1280 3359 1350 3407 idem
1362 3369 1399 3404 arc

243 3424 319 3473 dixit:
336 3434 496 3473 octometrum
511 3423 677 3473 catalecticum
694 3426 759 3488 quod
774 3426 910 3491 appellatur
927 3425 1057 3475 lloiscium.
1085 3425 1184 3475 Βοΐσκος
1199 3428 1213 3473 d
1229 3423 1275 3473 lari
1292 3419 1400 3483 Κυζικοῢ

244 3489 332 3539 rearis
342 3487 447 3553 γραφεὺς
457 3486 595 3549 ποιήματος,
606 3488 649 3538 τὸν
660 3489 779 3539 ὃκπάπονν
791 3492 863 3554 εὑρὼν
873 3489 961 3552 οπίχον
970 3490 1048 3553 Φοίβῳ
1058 3490 1139 3550 τίθησι
1150 3493 1230 3554 tepor.

440 3552 542 3602 Boiscus
557 3552 604 3603 iste
621 3555 708 3619 Cynico
726 3555 783 3604 nori
799 3566 909 3620 repertor
924 3556 1053 3605 carminis:
1200 3610 1205 3618 ,
1377 3613 1382 3622 Ι

246 3618 312 3667 Nam
323 3617 416 3732 primus
427 3634 524 3668 versum
536 3620 716 3683 octonupedum
731 3620 778 3668 deo
792 3621 920 3669 dicaverat.
955 3620 1095 3670 Firmianus
1106 3618 1136 3668 ad
1148 3620 1255 3669 Probum
1266 3618 1298 3667 de
1309 3624 1397 3666 metris

244 3698 322 3733 eomoe
341 3684 417 3733 'arum
433 3682 468 3732 sie
483 3683 555 3733 dicit:
573 3699 630 3732 nam
640 3684 705 3748 quod
716 3686 747 3734 de
758 3686 843 3734 metris
853 3686 1026 3734 eomoediarum
1038 3685 1170 3749 requisisti,
1183 3694 1208 3733 et
1218 3700 1263 3747 ego
1274 3684 1327 3732 scio
1338 3680 1394 3753 pitt-

243 3748 319 3798 rimos
334 3748 473 3798 existimare
492 3748 652 3798 Terentianae
670 3750 709 3799 vel
728 3751 835 3799 maxime
853 3751 947 3799 fabulas
964 3760 1069 3800 metram
1090 3764 1140 3799 non
1159 3750 1249 3798 habere
1267 3746 1396 3817 comoedia}

244 3812 367 3864 Graecei
387 3812 525 3871 Menandri,
543 3814 699 3874 Philemonis,
717 3815 821 3880 Diphili,
838 3815 879 3878 qui
896 3816 1012 3865 trimetris
1028 3815 1139 3865 versibus
1154 3823 1274 3864 constant
1307 3812 1394 3862 Nostri

244 3880 310 3928 enim
322 3890 417 3928 veteres
427 3878 552 3928 comoedia
567 3880 705 3943 scriptores,
717 3880 744 3928 in
757 3880 910 3929 modulandis
925 3880 1014 3929 sabulis
1030 3882 1098 3945 sequi
1114 3880 1253 3929 maluerunt
1269 3874 1395 3942 sopolim,

246 3944 381 3996 Cratinum.
394 3943 590 4019 Aristophanem,
599 3954 628 3993 ut
638 3945 764 4009 praelatum
777 3954 820 3994 est
843 3946 985 3994 Mensuram
995 3962 1048 3995 esse
1059 3946 1086 3995 in
1095 3944 1190 4004 sabulis,
1198 3944 1244 3993 hoc
1253 3954 1291 3992 ast
1299 3939 1395 4003 μέτρον,

244 4008 354 4058 Terentii
367 4020 391 4057 et
403 4007 490 4066 Plauti,
498 4024 525 4056 ac
535 4020 676 4059 caeterorum
688 4010 835 4059 comicorum
848 4020 873 4059 et
884 4011 1030 4074 tragicorum
1041 4009 1124 4060 dicant
1134 4010 1169 4068 hi,
1176 4010 1270 4067 Cicero,
1278 4008 1392 4059 Scaurus

245 4072 391 4131 Firmianus,
399 4072 484 4131 Varro,
493 4073 640 4132 Victorinus,
650 4074 744 4124 Carnus
754 4076 851 4132 Bassus,
860 4075 1030 4132 Terentianus,
1040 4074 1153 4126 cecilius
1163 4074 1268 4131 Vindex.
1278 4072 1390 4123 sisenna,

244 4138 331 4197 Cinna,
342 4138 481 4198 Diomedes,
491 4138 603 4197 Albinus,
610 4138 784 4199 Quintilianus,
793 4140 918 4206 Sosipater
926 4141 1060 4198 Charisius,
1070 4140 1232 4196 Helenus,As
1264 4155 1283 4195 r,
1292 4134 1391 4187 Flevit!

244 4204 332 4268 Caper,
344 4203 471 4261 Arantius,
484 4204 585 4262 Probus,
597 4204 699 4264 Plinius,
713 4205 858 4262 Euanthius,
870 4206 988 4255 Sacerdos
999 4206 1040 4270 qiii
1052 4215 1078 4255 et
1089 4206 1217 4265 Domams,
1245 4204 1299 4253 uba

439 4268 501 4318 nee
517 4284 562 4345 epo
579 4269 685 4319 nunnus
700 4270 788 4334 collegi
803 4278 886 4319 mente
901 4270 1015 4335 benigna,

471 4332 651 4399 Discipulisque
665 4334 724 4384 d‘edi
741 4340 843 4385 munera
858 4334 961 4400 pulchra
975 4334 1062 4385 h'hen's
