2834 4759
225 229 268 287 'x
560 218 814 285 CALLIOPM
843 218 1056 282 senona

225 340 269 401 11.
287 342 314 399 1.
332 336 376 418 1.]
389 336 503 397 Laches
517 350 601 415 pater
616 334 762 414 Pamphili
776 354 899 395 noscens
913 334 1116 394 Philumenam
1131 334 1170 394 ad
1189 334 1318 395 domum
1338 357 1397 415 pa·

287 433 400 479 ternam
412 438 577 497 regressam
590 417 712 476 nimium
727 416 819 476 iratus
833 416 1018 494 loquebatur,
1033 429 1139 494 putans
1153 416 1233 493 quod
1246 416 1394 477 Sostrata

242 526 243 531 ¹
288 521 365 560 uxor
378 504 432 559 sua
443 498 605 577 pepulisset
618 504 765 557 eume-2.
782 496 833 636 lq
841 496 1005 575 Phidippus
1015 508 1100 575 pater
1113 496 1303 556 Philumenae
1317 498 1393 556 dum

286 582 458 660 loqueretur
473 600 541 639 cum
554 599 589 639 ea
602 578 736 637 fortassis
756 578 794 637 de
834 598 871 637 oo
890 591 925 637 ut
943 578 1055 636 rediret
1073 577 1112 636 ad
1132 578 1251 637 domum
1274 578 1392 637 Lachis

286 662 381 742 patris
393 660 551 741 Pamphili,
569 679 608 719 ne
628 660 704 718 forte
725 658 896 737 Pamphilus
914 671 1065 719 revertens
1085 659 1251 718 tristaretur
1267 659 1313 717 de
1333 660 1392 718 hoc

288 743 368 822 quod
382 762 400 801 a
414 742 502 801 domo
515 762 569 801 sua
581 740 701 810 exisset,
717 741 816 799 subito
829 739 949 798 advenit
961 740 1074 799 Laches
1087 753 1172 818 pater
1186 738 1353 819 Pamphili.

228 821 394 902 111.1.1.]
413 822 542 881 Rediens
560 820 731 901 Pamphilus
752 820 791 879 de
810 820 920 892 Imbro,
939 834 975 881 ut
992 820 1135 898 comperit
1158 820 1196 879 de
1214 842 1319 881 uxore
1338 842 1395 879 sua

287 904 460 965 Philumena
477 902 558 982 quod
580 902 620 961 ad
640 902 761 961 domum
783 915 935 980 paternam
959 914 1039 960 esset
1059 920 1187 971 reversa,
1212 902 1277 961 sive
1305 901 1393 979 quod

287 984 410 1064 gravida
423 996 511 1054 esset,
526 983 619 1061 eoepit
630 983 672 1042 ita
684 980 886 1061 loqui—db]
900 981 1074 1041 Philumena
1086 982 1267 1062 parturiente
1283 983 1393 1042 horta·

287 1070 375 1127 batur
389 1086 455 1125 eam
468 1085 522 1124 sua
542 1077 636 1124 mater
651 1063 808 1142 Myrrhina
821 1075 855 1122 ut
868 1076 1070 1141 compesceret
1088 1063 1278 1141 semetipsam
1293 1085 1315 1123 a
1329 1062 1392 1122 ela·

288 1168 371 1207 more
384 1159 415 1207 et
429 1158 549 1205 taceret.
591 1145 632 1203 Et
651 1145 699 1203 hic
717 1157 782 1204 erat
800 1143 911 1204 elamor
924 1164 1012 1222 quem
1027 1139 1198 1223 Pamphilus
1217 1165 1249 1203 se
1263 1144 1392 1204 dicebat

288 1226 509 1305 audire.--47.]
523 1225 666 1285 Parmeno
680 1246 784 1284 servus
798 1225 870 1283 dum
883 1225 1025 1284 voluisset
1043 1223 1229 1304 Pamphilum
1243 1226 1392 1303 persequi

288 1308 327 1367 ad
340 1308 552 1377 Philumenam,
568 1326 657 1385 quam
669 1306 789 1365 visitare
802 1306 874 1375 ibat,
889 1307 1009 1364 retinnit
1022 1326 1064 1375 se,
1078 1326 1114 1366 ne
1131 1306 1211 1365 forte
1225 1304 1393 1385 Myrrhina

287 1402 390 1457 mater,
409 1400 461 1449 aut
481 1388 654 1447 Philumena
674 1386 735 1446 lilia
755 1399 806 1445 aut
822 1386 929 1465 aliquis
944 1408 984 1445 ex
1007 1385 1058 1445 illa
1074 1386 1185 1447 familia
1197 1406 1238 1447 ex
1300 1388 1392 1445 itaret

286 1470 398 1549 aliquid
410 1469 480 1529 mali
493 1469 605 1528 illatum
618 1488 682 1527 esse
697 1466 879 1527 Philumenae
892 1488 945 1546 per
961 1467 1090 1546 aliquem
1110 1467 1238 1527 illorum.
1325 1467 1388 1526 ale·

287 1550 360 1611 dicit
373 1568 445 1630 ergo
458 1549 515 1609 illis
529 1562 559 1609 et
571 1549 660 1609 dicit:
681 1548 799 1609 eveniat
816 1561 848 1607 et
865 1561 1009 1627 augeatur
1025 1549 1084 1608 illis
1100 1551 1222 1609 morbus
1240 1549 1390 1617 infamiae,

288 1633 314 1692 si
334 1632 444 1711 aliquid
465 1631 523 1690 tale
543 1642 643 1690 contra
662 1650 716 1688 nos
734 1628 956 1689 dixerunt—2.
974 1624 1017 1709 1.]
1039 1631 1172 1689 Sostrata
1184 1643 1281 1689 mater
1295 1629 1390 1689 Pam·

287 1712 360 1792 phili
373 1712 496 1771 audiens
510 1710 682 1771 tumultuari
695 1710 727 1769 in
739 1710 902 1778 domo,ubi
917 1709 1089 1769 Philumena
1102 1731 1180 1770 uxor
1193 1710 1246 1769 lilii
1259 1710 1390 1789 jacebat

287 1793 464 1872 parturiens,
487 1794 610 1871 putabat
633 1791 714 1871 quod
734 1793 866 1861 morbus,
884 1811 944 1869 quo
965 1790 1015 1849 illa
1036 1791 1169 1870 lingebat
1185 1811 1218 1850 se
1234 1790 1389 1859 laborare,

288 1875 513 1953 ingravesceret,
534 1885 565 1931 et
586 1884 743 1951 propterea
759 1872 860 1931 Deum
877 1872 1032 1931 medicinae
1053 1872 1225 1952 Asclepium
1241 1884 1272 1930 et
1285 1870 1389 1931 Deam

288 1954 391 2014 salutis
406 1956 630 2013 exorabat-4.
648 1951 693 2031 1.]
705 1951 897 2030 Loquebatur
911 1952 1056 2011 Parmeno
1074 1972 1141 2012 curn
1163 1953 1248 2012 Sosia
1261 1954 1318 2031 qui
1340 1954 1389 2010 su-

288 2047 351 2095 erat
370 2054 438 2095 cum
451 2033 605 2113 Pamphilo
619 2033 696 2093 ultra
709 2053 790 2093 mare
803 2033 835 2091 in
848 2033 959 2104 Imbro,
973 2045 1005 2091 et
1017 2035 1180 2112 interrogat
1193 2035 1219 2093 si
1232 2034 1344 2100 fuisset
1357 2043 1389 2091 et

288 2115 421 2175 illuditur
435 2114 724 2175 incommodum—5.
742 2112 786 2193 1.]
799 2113 990 2192 Loquebatur
1003 2113 1117 2174 Laches
1135 2126 1219 2194 pater
1233 2112 1388 2194 Pamphili

287 2196 327 2255 ad
350 2196 539 2274 Phidippum,
560 2195 612 2273 qui
633 2194 759 2264 dixerat,
784 2194 851 2254 ideo
873 2216 934 2255 non
953 2195 1052 2255 redire
1074 2195 1292 2265 Philumenam,
1316 2194 1389 2273 quia

289 2276 381 2337 filium
395 2276 459 2356 ejus
473 2274 659 2357 Pamphilum
672 2278 858 2354 expectabat.

229 2358 284 2420 lv.
296 2349 330 2419 ¹li.
346 2356 391 2437 1.]
404 2358 525 2417 Timens
540 2356 695 2436 Myrrhina
708 2369 802 2415 mater
815 2356 998 2417 Philumenae
1008 2357 1089 2435 quod
1103 2357 1268 2438 Phidippus
1281 2356 1387 2418 audis·

289 2453 335 2499 set
348 2459 450 2499 vocem
466 2438 549 2517 pueri
563 2437 718 2517 vagientis,
729 2436 847 2497 dicebat
860 2444 1042 2497 secum—2.
1060 2437 1104 2519 1.]
1118 2438 1250 2499 Excusat
1263 2458 1298 2497 se
1314 2438 1387 2496 Sos-

289 2532 365 2581 trata
378 2520 458 2599 apud
472 2519 573 2589 lilium,
592 2538 651 2577 non
671 2540 734 2577 suae
755 2517 851 2597 culpae
872 2519 963 2578 fuisse
982 2519 1064 2598 quod
1082 2540 1159 2578 uxor
1179 2518 1244 2597 ejus
1261 2538 1387 2579 reversa

288 2603 331 2671 sit
344 2600 382 2660 ad
403 2601 522 2660 domum
535 2599 797 2678 maternam—5]
814 2598 935 2658 Dictum
953 2611 999 2658 est
1015 2601 1151 2679 superius
1168 2599 1243 2678 (ΙΙΙ.
1259 2607 1290 2660 5.
1308 2598 1386 2674 80.),

288 2682 426 2761 quoniam
440 2681 611 2761 Pamphilus
624 2681 701 2759 patri
715 2680 833 2751 dixerit,
847 2680 948 2740 matris
961 2700 1092 2740 amorem
1105 2681 1274 2761 pariterque
1287 2682 1385 2740 hono·

288 2784 351 2825 rem
364 2762 583 2843 preferendum
603 2782 667 2821 esse
683 2762 777 2821 amori
793 2762 914 2821 uxorias
935 2761 1016 2920 quod
1035 2763 1167 2822 Sostrata
1179 2761 1314 2833 audiens,
1329 2762 1386 2819 ite·

288 2864 355 2904 rum
368 2843 487 2904 reduxit
500 2842 538 2903 ad
551 2841 722 2902 memoriam
734 2841 895 2902 illius-3.
905 2847 933 2901 1.
963 2841 1078 2902 Laches
1090 2842 1205 2903 audivit
1218 2842 1386 2901 &stratam

288 2944 357 2984 cum
374 2924 529 3003 Pamphilo
549 2923 878 3001 loquentem—Procul
889 2923 955 2981 hiae
972 2922 1066 3002 mas]
1081 2923 1130 2983 Ex
1149 2924 1276 2983 adverso
1289 2936 1322 2982 et
1339 2921 1385 2981 di·

289 3024 358 3064 cens
372 3005 453 3082 quod
466 3005 627 3063 dimitteret
641 3006 746 3063 urbem
763 3016 794 3061 et
812 3016 950 3082 pergeret
962 3012 1082 3063 rus-4.
1099 3002 1144 3083 1.]
1157 3002 1325 3083 Phidippus
1339 3003 1385 3061 in·

229 3164 258 3225 v
287 3105 376 3225 itt
378 3086 493 3225 ἝΙἘ
505 3106 542 3225 :l
543 3083 1291 3243 ttl'lltt‘lttattl.⁰i¹t.⁰.‘⁵iittllm·..
1336 3165 1384 3224 lus

288 3246 424 3307 crederer
448 3266 537 3326 quam
563 3266 602 3304 ex
625 3244 829 3324 jurejurando,
853 3267 905 3325 per
933 3187 1013 3305 illim
1037 3187 1288 3325 remeollideiler,
1313 3186 1385 3324 guia

289 3328 475 3407 segregaris
491 3326 982 3405 mePamphilum.-33.Meritus
1001 3326 1037 3385 de
1057 3348 1100 3386 aas
1118 3326 1175 3405 est]
1200 3328 1288 3407 Soepe
1309 3325 1384 3387 mihi

288 3410 367 3469 bona
390 3408 497 3469 intulit.
540 3407 671 3486 AEquum
693 3420 739 3468 est
761 3419 794 3466 ut
816 3408 970 3467 restituam
993 3408 1020 3467 ei
1043 3408 1195 3477 mercedes
1219 3408 1384 3467 secundum

169 3511 172 3519 ·
307 3546 309 3548 .
329 3508 375 3549 sse
391 3510 489 3550 meum
503 3488 663 3549 auferendo
684 3490 722 3548 ab
742 3508 778 3547 eo
797 3488 904 3549 malam
918 3488 1232 3567 suspicionem-tlh]
1247 3488 1384 3549 Audiens

288 3511 402 3630 Mones
421 3570 501 3650 quod
522 3569 629 3631 falsum
652 3583 730 3629 esset
744 3570 823 3647 quod
844 3570 1047 3648 suspicabatur
1063 3570 1101 3629 de
1119 3570 1248 3629 filiosuo
1261 3583 1293 3629 et
1305 3570 1384 3635 Bae·

290 3651 385 3723 chide,
407 3663 437 3711 et
462 3650 542 3731 quod
561 3650 681 3709 minime
702 3649 825 3710 Bacchis
845 3652 922 3710 hanc
941 3651 1060 3710 fecisset
1079 3649 1265 3720 discordiam,
1287 3652 1383 3711 ait.-

290 3740 320 3793 2.
333 3738 380 3793 ts.
395 3732 482 3792 Falso
495 3730 661 3809 credidisse]
675 3731 767 3798 Quod
780 3734 903 3809 putabat
916 3732 998 3810 quod
1011 3731 1090 3791 lilius
1103 3752 1187 3793 meus
1200 3732 1383 3812 reciperetur

290 3814 319 3875 in
333 3814 453 3875 domum
467 3814 621 3876 Bacchidis
635 3826 666 3871 et
680 3812 748 3871 ideo
761 3812 825 3890 ejus
839 3812 1006 3890 reliquisset
1019 3813 1119 3875 liliam.

630 3912 802 3954 canaromus
822 3914 979 3954 ascensor.
