2834 4759
263 13 276 67 t
290 2 415 67 animus
429 23 533 85 inape
549 7 647 84 atque
662 21 694 63 rn
707 9 820 63 trmora
835 19 940 83 usque
954 8 1030 64 ante
1054 20 1093 64 ao
1106 5 1252 62 attentus
1284 7 1353 70 mt;

227 99 290 178 Ita,
302 111 475 186 postquam
489 97 618 162 ademta
634 119 709 181 apes
724 108 787 176 est,
797 96 915 173 lassus,
924 117 1005 161 eura
1018 95 1199 173 confectus,
1215 104 1349 178 stupet.

201 197 293 264 rssr.
318 198 453 360 Quaesor
470 195 609 282 edepol,
640 195 794 274 Charine,
822 194 975 280 quoniam
1010 216 1077 259 non
1112 204 1223 279 potest
1258 193 1353 270 neri,

292 298 432 384 quodve
445 318 484 376 rs,

184 500 280 566 philum
292 497 428 555 conveniat,
440 505 467 546 ut
477 511 530 547 eam
540 512 589 546 non
600 497 674 547 ducat
684 512 746 546 uxo·
778 505 829 561 get,
848 505 877 546 ut
893 495 987 560 nuptiis
1003 495 1097 560 aliquot
1169 503 1221 545 erat
1239 495 1305 554 dies,
1325 495 1355 544 id

185 580 245 614 rem.
279 561 564 612 Deliberativteiormam
579 561 748 610 inhacscena
780 561 980 626 estprotrahata
996 561 1356 625 utpericuojameertospea

185 629 302 679 debemus
317 627 524 676 animadvertere:
543 642 571 675 ae
587 626 701 691 primum,
715 641 748 674 an
781 627 864 690 aliqua
875 625 993 673 dilatione
1009 625 1125 690 pariatur.
1153 624 1354 674 Aedeliberati·

185 709 271 744 verum
282 693 322 750 sit,
330 691 424 755 querit
455 691 515 739 ideo
526 690 670 754 interrogat,
678 690 748 753 quasi
780 704 853 740 onem
872 689 965 738 indicat
986 705 1057 739 servo
1078 688 1196 754 Byrrbisr,
1217 689 1279 752 quid
1301 688 1354 738 sibi

187 773 271 808 rerum
281 757 392 806 audierit
418 755 464 804 Est
472 765 499 804 et
509 755 627 804 familiare
639 755 748 803 timenti·
781 755 900 803 videatur.
929 755 964 802 At
975 754 1017 803 ille
1033 753 1157 803 dimatadet
1173 755 1204 802 ab
1215 753 1355 802 inhonesto

185 823 239 881 bus,
247 821 403 873 nolleaudire
412 820 476 883 quod
485 817 611 868 inimicum
619 819 651 869 sit
661 819 747 868 volun·
782 818 1145 882 etinutili,spem·aatcadere
1153 817 1356 893 Pamphilum,si

186 887 238 936 tati.
274 888 414 949 interrogat
433 893 514 934 autem
537 898 596 943 rem,
621 887 683 938 Quid
704 887 749 942 uis,
782 883 845 932 nihii
855 883 1006 947 impetraret,
1016 883 1058 932 ille
1073 883 1190 932 continuo
1203 881 1356 932 arbim-edat

186 954 311 1014 Byrrbia?
351 949 448 1000 Deinde
475 965 531 998 cum
556 963 689 998 consensus
712 957 751 997 eat
782 947 917 997 Charinum
928 963 1030 996 uxorem
1043 947 1134 996 tollere.
1159 947 1355 1008 Hocuamaig-

186 1016 366 1071 commodatum
384 1015 419 1064 sie
437 1024 462 1062 et
477 1029 606 1077 personam
639 1012 717 1069 umrit,
734 1027 750 1060 a
782 1013 897 1062 nifleavit.
921 1012 988 1068 Quid
1000 1011 1043 1060 nii
1060 1011 1155 1060 einihii
1168 1011 1305 1077 impetres:
1325 1021 1356 1060 ut

187 1096 235 1144 quo
247 1079 358 1129 audierit.
382 1079 522 1127 E.-Hodio
536 1029 643 1140 nimian]
658 1077 688 1125 ln
700 1076 748 1124 Ma.
781 1077 919 1137 sitsenaus,
933 1077 997 1141 quod
1013 1075 1074 1125 mihi
1089 1076 1199 1124 ridetur:
1217 1078 1299 1124 atille
1310 1093 1354 1124 ur·

189 1145 220 1192 R
232 1143 262 1192 rb
278 1147 343 1192 bodie
354 1143 430 1191 deest.
459 1141 576 1190 L-Eai
592 1141 619 1189 in
636 1141 750 1190 omnibus
783 1144 882 1190 bitretar
895 1151 1005 1206 pmotan
1021 1144 1068 1189 tibi
1084 1144 1200 1198 noeedan,
1214 1142 1275 1189 etta
1290 1143 1357 1188 sitit

187 1204 256 1256 codd.
274 1207 315 1256 hic
332 1207 392 1255 ordo
410 1208 539 1255 verborum
555 1205 685 1269 reperitur,
705 1209 748 1253 do-
782 1209 895 1268 ierpetres.
924 1206 975 1255 Alii
993 1204 1148 1269 distinguunt
1165 1205 1208 1260 sic,
1226 1215 1255 1253 ut
1274 1205 1356 1253 mmul

188 1281 254 1321 tarne
269 1274 312 1320 illa
328 1274 394 1319 bodie
409 1273 530 1333 Pamphilo
545 1275 658 1332 saprum?
677 1270 751 1318 metri
782 1270 873 1329 dicant,
885 1286 935 1320 non
945 1269 1086 1334 separatim,
1104 1269 1167 1323 Quid
1183 1273 1215 1327 ai,
1225 1272 1291 1324 sisi,-
1309 1269 1355 1332 qui

190 1334 707 1400 tamengratiaFaernusrecteitaoorreait.
720 1335 750 1383 B.
783 1349 841 1383 rere
850 1336 933 1384 nullm
943 1344 982 1384 eat
991 1349 1085 1383 senmu-
1109 1333 1357 1383 Pomsttanendici

221 1403 243 1450 2
272 1403 318 1452 aaa·
334 1398 411 1461 aeid]
432 1399 488 1447 Non
509 1399 562 1448 ruit
580 1398 646 1447 enim
665 1415 752 1448 verum
786 1399 903 1453 Quidni?
921 1400 1007 1456 idest,
1022 1410 1096 1448 certe.
1125 1398 1159 1446 Et
1174 1407 1238 1463 pust,
1250 1403 1275 1446 aa·
1291 1401 1359 1446 nteit

188 1480 248 1514 aare.
272 1466 325 1522 Qui,
333 1473 459 1526 quatenus,
467 1464 532 1511 unde
540 1463 586 1512 hoo
597 1463 659 1512 sciat
681 1466 753 1526 Apud
784 1468 898 1525 ἐπιμένει,
910 1481 944 1514 se.
955 1473 1038 1522 restat,
1050 1473 1078 1511 ut
1089 1463 1221 1512 arbitretur
1232 1473 1357 1526 tanquam

182 1529 262 1592 soram
276 1531 340 1578 modo
356 1531 384 1576 da
398 1529 465 1576 Davo
478 1527 570 1590 audiui]
589 1527 751 1590 Apadsoraat,
784 1529 815 1577 ab
826 1545 856 1577 eo
866 1528 900 1576 im
919 1537 1052 1582 amandum
1078 1527 1103 1575 in
1116 1527 1176 1576 bias.
1191 1527 1290 1576 iaetmae
1301 1529 1356 1590 sig·

189 1593 291 1642 deloco.
313 1592 353 1641 De
366 1602 481 1656 tempore,
493 1595 563 1641 modo.
589 1593 627 1640 De
639 1607 751 1656 persona,
784 1608 844 1642 num
855 1545 962 1654 nuliiam)
975 1596 990 1627 ⁵
1003 1593 1039 1640 Ut
1053 1591 1169 1641 defendat
1183 1591 1358 1640 deliberativae

189 1661 217 1708 de
230 1661 311 1712 Deme
329 1656 376 1717 (ita
390 1658 463 1705 verbu
480 1656 651 1705 collocavimus
669 1672 683 1705 e
702 1658 751 1706 Ms.
784 1656 862 1707 utitur
873 1658 990 1722 partibm,
1002 1657 1028 1705 id
1039 1671 1136 1721 semper
1152 1656 1356 1732 impetrationem

191 1723 273 1772 Huist.
289 1737 361 1785 quem
375 1721 486 1770 ordinem
501 1736 588 1771 sensus
601 1721 685 1786 exigit.
710 1721 752 1783 Z.)
785 1722 985 1781 essedoeuimua,
996 1737 1051 1785 quae
1067 1722 1142 1770 babet
1157 1721 1312 1796 principium
1324 1721 1358 1769 ad

191 1787 299 1838 Plurima
310 1786 374 1836 dixit
386 1785 416 1834 sd
431 1785 625 1835 confirmandum
641 1786 753 1850 Byrrbia,
786 1786 981 1836 benevolentiam
992 1785 1169 1836 conciliandam
1179 1786 1305 1850 premitus.
1325 1787 1357 1834 R

189 1850 286 1916 quando
304 1850 468 1915 interrogabas
483 1859 527 1909 est,
546 1867 560 1899 a
577 1850 638 1909 loeo,
656 1866 671 1898 a
691 1860 753 1899 tem·
785 1851 869 1902 -Pro
880 1855 944 1900 samo
952 1855 981 1899 de
991 1853 1057 1900 Dooo
1068 1851 1205 1914 recepimus
1219 1850 1358 1900 lectionem

190 1931 256 1981 pore,
269 1931 283 1964 a
295 1931 406 1980 persona.
431 1918 470 1964 Voe
481 1914 574 1978 misero]
586 1914 696 1964 Tandem
708 1915 753 1964 ali·
787 1917 880 1966 Donati
899 1919 964 1965 nodo
979 1933 992 1964 a
1006 1917 1078 1973 Doro,
1094 1931 1166 1978 quam
1187 1914 1235 1978 ipsi
1253 1915 1358 1964 Faerno

190 1980 496 2044 quandoperriotus(Ma
510 1980 602 2028 Boend.
616 1979 691 2028 etad.
704 1981 753 2029 Du.
788 1980 1014 2044 placerevidemus.
1038 1980 1067 2027 B.

191 2045 220 2094 B.
241 2048 381 2106 productas:
404 2043 466 2093 iorte
485 2043 531 2108 leg.
550 2045 686 2106 perductas)
707 2054 753 2102 est,
819 2047 842 2093 8.
864 2049 938 2108 anaa
949 2053 1003 2093 aste
1019 2043 1075 2106 boo]
1097 2044 1187 2102 idest,
1202 2053 1262 2093 ante
1278 2059 1357 2106 quam

190 2109 346 2158 uterederet.
373 2107 425 2173 Va]
437 2108 575 2171 interiectio
585 2108 611 2158 in
623 2108 661 2158 hi
673 2109 753 2167 rebus,
786 2112 916 2160 tuarerba
925 2109 1042 2159 audirem
1071 2109 1106 2158 Et
1120 2108 1180 2157 duas
1195 2109 1358 2173 praepositio·

191 2189 251 2237 quas
265 2188 414 2224 execramur.
439 2174 554 2225 n-aat
570 2171 628 2235 aeis]
646 2174 681 2222 At
696 2188 755 2222 vero
786 2189 831 2223 nes
839 2173 1077 2239 posuitutdicitm:
1096 2174 1244 2223 sedumost
1254 2183 1358 2222 mmm

191 2238 296 2288 nuncius
306 2237 478 2303 oompendium
492 2237 585 2286 interro
618 2237 678 2286 tioni
695 2237 754 2286 faei-
786 2239 855 2288 velut
875 2238 1026 2297 adverbium,
1055 2254 1105 2287 non
1128 2242 1180 2301 jam
1201 2238 1358 2302 prepositio.

191 2319 243 2361 ens,
255 2313 281 2351 et
297 2317 427 2366 personam
444 2311 469 2351 et
483 2301 563 2350 locum
596 2301 698 2360 icitubi
710 2317 754 2351 au·
792 2306 867 2367 thue
877 2302 1156 2366 mbaeattentasfm’t]
1169 2301 1245 2350 Nulla
1254 2317 1358 2366 prepo-

192 2366 272 2415 dierit.
301 2365 463 2430 Apudsoram,
475 2366 562 2428 inquit,
577 2369 756 2416 mododeDaoo
787 2367 844 2417 sitio
855 2367 1023 2434 praeptnitioni
1036 2367 1137 2430 adjungi
1150 2367 1285 2431 separatim
1298 2377 1359 2442 pot·

192 2429 283 2494 audivi]
301 2432 383 2487 Quare
397 2431 554 2480 confirmatus
572 2431 598 2480 in
612 2431 754 2495 questione,
787 2441 832 2481 est.
865 2436 948 2508 Usque,
966 2431 1086 2495 ejusmodi
1102 2441 1147 2487 est,
1164 2442 1193 2480 ut
1202 2431 1257 2480 sine
1272 2431 1361 2494 aitqua

191 2495 755 2625 tztttrpttttbffiffibttisstb
787 2495 1360 2624 remittentem

193 2624 325 2682 culumsit,
338 2634 394 2673 ante
413 2624 521 2674 incertus
539 2625 625 2674 suimet
641 2625 757 2674 inventus
789 2625 882 2689 tinore]
902 2626 996 2675 Senem
1016 2624 1121 2690 Epistol.
1143 2640 1167 2673 r.
1194 2627 1263 2686 Spa·
1283 2635 1361 2674 aretas

194 2689 268 2750 (torta
284 2689 404 2749 eoeatau):
427 2699 453 2764 et
469 2704 501 2738 ex
518 2689 622 2740 diversis
641 2691 713 2766 rebus
729 2691 758 2767 iit
789 2695 906 2754 requitur.-
922 2693 1101 2740 novembro
1114 2693 1149 2738 tie
1164 2693 1205 2738 irs.
1228 2691 1362 2752 Utnnqaa

194 2753 758 2891 ffitbt0tttffaib‘dttttnb
788 2753 1363 2883 i'iss‘iffibffl‘iiiiffi

194 2881 221 2930 in
241 2880 343 2956 materia
361 2889 466 2929 oratoria
485 2896 541 2930 raro
560 2891 678 2932 versatur.
707 2882 758 2932 Hie
790 2884 831 2933 lib.
845 2881 1360 2963 v.i·brmbreixovhtrpwdnedasi-

195 2945 758 3085 atterebatfattitftttttttettff
791 2946 1362 3076 {3:‚“:'rit⁰‚:’;a:“',t⁹t't:ttttfbtffii

195 3075 227 3124 ad
248 3076 275 3122 td
300 3074 364 3137 quod
390 3074 443 3123 fieri
469 3083 557 3138 potest,
582 3085 757 3125 eonvertatur:
791 3077 878 3126 ΕΜ.
895 3081 1141 3142 Spemqaenetanae
1155 3078 1301 3125 ammam
1329 3078 1360 3125 L.

195 3139 372 3203 quotlvooatur
386 3137 512 3188 dissuasio.
538 3141 574 3188 At
589 3155 646 3189 vero
663 3141 759 3189 adoles·
824 3140 1025 3204 thauma]
1035 3141 1075 3190 Ea
1086 3141 1209 3205 praeterita
1217 3156 1275 3204 spe:
1289 3155 1363 3190 nunc

196 3219 254 3254 cens
265 3203 369 3268 cupidus
380 3203 470 3252 amoris
480 3204 520 3253 sui
534 3204 684 3253 voluntatem
701 3221 758 3268 per·
791 3204 912 3268 consectae,
923 3206 1005 3264 idest,
1021 3205 1057 3255 sio
1075 3205 1223 3263 ruinemttm
1237 3215 1282 3253 aut
1298 3221 1362 3269 per·

197 3269 306 3319 territam
332 3267 448 3317 continet
481 3271 557 3326 Nttr'l,
585 3269 672 3332 inquit,
694 3273 761 3318 oldad
791 3286 884 3329 carmus,
907 3280 936 3319 ut
956 3271 1038 3320 sanari
1065 3286 1115 3319 non
1136 3269 1220 3335 possit.
1253 3270 1362 3332 [αισα]

196 3336 301 3384 rodoam
315 3335 479 3382 Philumenam.
508 3333 556 3382 Sed
574 3349 659 3383 servus
672 3349 759 3384 conso·
793 3335 899 3384 Ademta
909 3335 1052 3384 attentione.
1077 3333 1276 3398 Garamafeetaa]
1289 3335 1362 3384 Gon·

196 3398 313 3448 lationem
325 3397 412 3457 reddit,
425 3397 556 3454 ut.siiieri
567 3399 652 3462 possit,
665 3398 759 3448 adoles·
793 3399 889 3448 firmam
900 3400 995 3449 timore.
1018 3399 1227 3463 StapetJAbJeeta
1281 3433 1289 3447 .
1316 3400 1352 3448 D.

196 3478 255 3512 cens
266 3474 339 3513 estus
350 3462 467 3512 contrarii
484 3463 574 3511 amoris
590 3463 717 3519 excludam
735 3473 761 3512 et
825 3466 849 3513 6.
872 3464 1031 3528 Objurgantis
1050 3475 1089 3513 est
1110 3480 1193 3527 quaro,
1215 3479 1246 3512 ve
1280 3463 1362 3514 etiam

196 3527 205 3578 i
254 3543 396 3577 memorem
406 3526 521 3591 loquendi
531 3527 613 3576 dolore
624 3527 759 3593 suspendit.
792 3528 908 3593 rogantia.
938 3529 1102 3583 amm
1113 3528 1203 3592 potest]
1214 3527 1363 3578 Consolatio

227 3591 266 3640 uic
291 3593 417 3656 respondit
444 3591 573 3642 sententiae
600 3591 758 3641 naturaliter:
792 3593 867 3651 adid,
879 3593 945 3656 quod
955 3593 1010 3643 fieri
1025 3609 1076 3642 non
1091 3602 1180 3657 potest,
1197 3591 1312 3650 mudena,
1330 3597 1364 3642 1⁴

198 3655 689 3718 quodomneaeumralemumiiisdare
699 3673 758 3707 eon-
791 3661 1004 3721 oeia‘sqaodposat‘t.
1032 3657 1198 3707 Proverbiaie.
1222 3657 1363 3711 D.-Qsod

198 3719 280 3768 silium
297 3735 439 3783 possumus:
455 3731 481 3771 at
493 3722 513 3770 si
525 3721 552 3770 iu
563 3721 708 3785 egritudine
720 3721 759 3787 ip·
792 3725 827 3771 ria
836 3740 881 3771 aaa
887 3731 971 3784 potest,
981 3726 1038 3772 aslis
1048 3723 1087 3787 id]
1098 3722 1228 3786 Augustin.
1238 3722 1270 3770 de
1281 3722 1361 3771 civit.

199 3783 219 3834 si
229 3782 312 3841 simus,
322 3785 353 3832 de
361 3801 397 3843 eo,
408 3787 494 3849 dequo
502 3785 630 3836 consilium
640 3785 759 3846 dedimus,
792 3786 834 3835 lib.
853 3786 903 3836 xiv.
922 3803 975 3852 cap.
997 3789 1026 3836 16
1047 3796 1072 3836 et
1090 3789 1128 3835 25.
1166 3791 1234 3835 Vivat
1252 3794 1279 3834 at
1301 3791 1361 3844 nait,

198 3863 298 3897 necesse
310 3858 347 3896 est
357 3849 428 3899 aliter
444 3851 585 3902 sentiamus.
615 3851 675 3900 Viso
687 3851 759 3900 Pam·
792 3855 897 3915 qaoea'nm
907 3856 1003 3902 extorsit
1013 3855 1101 3916 sibique
1112 3855 1361 3915 mentiremur,

198 3911 266 3977 philo
278 3911 396 3963 deliberat
411 3915 531 3968 Charinus
546 3931 579 3966 an
593 3916 671 3976 adeat,
685 3925 709 3964 et
721 3931 759 3964 ro·
793 3919 853 3979 qaod
862 3935 906 3966 nor
914 3926 996 3980 potest,
1008 3927 1076 3981 atque
1090 3921 1131 3967 hoc
1142 3919 1199 3966 nette
1207 3918 1266 3980 qaod
1273 3924 1360 3979 potest.
