2834 4759
50 170 162 216 sonus
179 150 222 237 1.]
509 149 783 218 PHORMIO.
1145 154 1214 221 ²587

93 287 165 352 ΒΕ.
182 286 370 351 Phaedriam
383 286 447 350 mei
460 285 569 352 fratris
584 288 679 353 video
693 287 796 353 filium
808 288 888 354 mihi
900 288 1100 356 ireobviam.

93 384 162 449 ΡΗ.
180 383 234 449 Mi
247 395 376 470 patrue,
392 384 489 449 salve.
528 384 597 449 ΒΕ.
613 384 729 451 Salve:
754 387 813 451 sed
826 388 882 452 ubi
897 399 949 453 est
962 388 1134 474 Antipho?

49 496 82 542 ao
93 484 170 548 Prn-
179 482 312 547 Salvom
325 483 488 548 advenire.
527 483 595 549 Da.
611 484 742 549 Credo:
765 484 828 550 hoc
843 482 1006 572 responde
1019 486 1107 552 mihi.

92 581 161 647 ΡΗ.
180 580 300 645 Valet:
322 580 376 646 hic
390 592 462 646 est:
486 582 545 646 sed
557 582 650 645 satin'
664 580 771 646 omnia
786 605 829 648 ex
845 586 1027 649 sententia?

82 678 163 744 ΒΕ.
171 677 447 763 Vellemquidem.
479 678 545 744 ΡΗ.
558 678 649 753 Quid
660 681 764 745 istuc?
793 680 860 746 ΒΕ.
871 682 1022 767 Rogitas,
1036 682 1210 750 Phaedriat

91 774 220 849 Bonas,
235 796 287 839 me
302 776 447 853 ahsente,
462 773 517 840 hic
531 775 715 843 confecistis
729 781 870 864 nuptias.
1200 808 1204 817 ·

91 872 160 937 ΡΗ.
175 873 266 951 Eho,
277 895 319 937 en
330 873 365 937 id
377 894 549 938 succenses
562 898 649 942 nunc
659 877 727 943 illi?
758 878 825 943 Gn.
837 879 870 943 Ο
882 878 1039 945 artificem
1051 881 1208 965 probum!

48 985 80 1031 so
92 972 162 1037 ΒΕ.
180 972 301 1058 Egone
315 972 439 1037 illinon
455 978 686 1040 succenseam?
708 976 815 1061 ipsum
831 978 936 1061 gestio

91 1073 177 1137 Dari
192 1072 272 1137 mihi
285 1073 320 1137 in
333 1083 554 1157 conspectum,
569 1096 656 1138 nunc
669 1096 730 1138 sua
743 1072 839 1159 culpa
853 1086 891 1139 ut
906 1076 986 1141 sciat

91 1170 222 1236 Lenem
235 1181 361 1256 patrem
375 1169 464 1233 illum
479 1168 599 1235 factum
613 1194 665 1235 me
679 1194 752 1237 esse
768 1174 968 1237 acerrimum.

89 1270 157 1335 ΡΗ.
173 1270 281 1354 Atqui
296 1266 376 1334 nihil
390 1268 477 1344 lecit,
492 1282 621 1353 patrue,
637 1269 726 1355 quod
742 1293 946 1337 succenseas.

89 1368 159 1434 ΒΕ.
179 1368 394 1433 Ecceautem
409 1366 522 1433 similia
536 1370 660 1434 omnia:
683 1390 794 1434 omnes
809 1378 1012 1454 congruunt:

47 1558 155 1622 τραχέως
172 1559 292 1616 armar,
309 1557 376 1607 ἀλλὰ
395 1556 545 1618 θυμουμένου
566 1559 612 1619 μὶν
642 1556 718 1621 sente]
729 1560 828 1607 Summa
839 1560 956 1609 criminis
982 1562 1060 1609 Bonos
1070 1563 1208 1611 msobsents

48 1624 127 1673 αὺτοῖς
148 1625 226 1682 einer,
246 1620 403 1683 πεπαυμένοις
424 1622 451 1672 tt
472 1624 516 1681 τῆς
538 1622 612 1685 ὀργῆς
643 1627 681 1673 hic
696 1622 824 1686 confecistis
840 1623 946 1687 nuptias]
964 1626 1062 1674 Crimen
1074 1626 1100 1673 iu
1113 1626 1207 1676 duobus

48 1689 208 1747 ὀπιπλὴοτυν.
234 1688 265 1737 Β.
644 1689 869 1737 cssedemonstrat:
887 1688 1009 1752 quodnon
1023 1692 1207 1753 tanmetquod

78 1754 117 1802 23.
134 1756 270 1803 Phaedrt'om
286 1756 331 1801 met
339 1750 442 1815 fratria]
461 1752 523 1800 llaec
538 1753 612 1800 verba
644 1757 823 1818 sbsmtepatte.
850 1754 991 1803 D.-Bosar
999 1770 1033 1802 mc
1047 1755 1153 1819 norme]
1173 1757 1207 1805 Et

47 1818 186 1875 ostendunt,
198 1834 272 1881 quam
283 1817 338 1866 miti
353 1828 452 1881 pectore
466 1816 614 1881 suscipiatur
644 1828 771 1867 accusnet
782 1818 838 1879 (Est
854 1823 969 1868 munatio
985 1820 1025 1879 Z.)
1037 1820 1112 1868 totius
1123 1821 1206 1869 crimi-

49 1881 166 1931 Phaedria.
191 1884 223 1932 D.
644 1884 697 1932 nis:
715 1884 870 1933 sedsummte
885 1894 922 1933 est
935 1883 1068 1933 collocatio.
1098 1885 1205 1947 Subjun·

79 1950 118 1994 24.
137 1951 176 1997 tn
192 1956 285 2011 patrae,
296 1945 371 2009 solor]
387 1948 432 2004 tn,
450 1945 500 1995 rim
517 1946 612 1995 blandi·
643 1946 711 2011 gitur
726 1947 859 2004 iracundia,
872 1948 937 2011 qnod
952 1948 1027 1997 dixit:
1044 1950 1122 2011 ipsam
1131 1954 1207 2013 gestio

48 2012 121 2060 menti
128 2013 216 2063 hahet:
235 2027 292 2060 nam
299 2011 429 2075 significat,
437 2028 506 2059 neas.
529 2014 612 2059 Solos.-
643 2015 698 2060 dori
714 2014 770 2060 mitt
785 2016 810 2060 s'n
828 2021 975 2075 mnspsctum.
1016 2016 1094 2062 Gestio
1115 2025 1205 2074 autem,

48 2079 88 2123 aad
107 2081 148 2125 ahi
175 2087 213 2126 ert
235 2080 337 2138 Antipho
346 2076 372 2139 t]
401 2077 469 2124 Bene
491 2076 613 2139 expressit
643 2076 717 2141 cupio
728 2087 752 2125 et
763 2076 880 2133 desidero,
892 2088 921 2125 nt
932 2093 976 2125 sua
989 2078 1061 2142 culpa
1076 2078 1204 2143 intelligat,

48 2153 168 2202 promtum
179 2142 290 2191 animum
307 2141 337 2189 ad
358 2140 510 2205 litigandum,
521 2141 612 2204 partim
643 2152 738 2206 patrem
749 2141 829 2189 lenem
841 2142 985 2190 acerrimum
997 2142 1095 2190 iactum.
1120 2144 1148 2191 E.

50 2200 143 2266 (raptim
155 2205 199 2270 Β.)
211 2206 295 2255 addita
310 2205 395 2264 salute,
408 2216 433 2254 et
448 2206 530 2269 potius
542 2205 611 2267 (pro-
676 2209 716 2254 29.
728 2209 786 2262 Eho,
795 2223 825 2255 aa
834 2209 860 2254 id
870 2224 985 2255 succenses
996 2224 1055 2255 nanc
1066 2207 1135 2270 tint]
1147 2208 1205 2257 Huc

49 2272 109 2317 tinas
119 2271 162 2336 B.)
174 2273 206 2320 ad
214 2270 323 2334 jurgium
352 2270 511 2319 revertendo.
535 2270 567 2318 D.
643 2271 759 2319 tendebat
772 2270 937 2333 interrogatio,
949 2282 976 2319 ut
987 2281 1036 2319 tarn
1051 2272 1154 2335 integris
1164 2289 1209 2329 re·‚

80 2336 222 2385 25.Solvam
233 2287 609 2398 admirci'mndnffeldso-
643 2336 688 2384 bus
697 2336 858 2384 admiraretur
869 2334 939 2384 irasci
952 2350 1042 2385 senem.
1067 2340 1205 2399 Ocrtr'fioem

50 2398 161 2458 viciniora
176 2402 300 2450 munda:
315 2399 609 2463 gondeoenimsnbaudi·
638 2399 767 2463 potami]
780 2398 896 2463 εἰρωνεία.
925 2401 989 2448 Nam
1002 2403 1204 2463 nonestnrtiicx,

49 2470 101 2511 tur:
127 2466 192 2527 quod
209 2466 259 2514 nisi
275 2464 405 2530 acceperis,
421 2479 471 2512 non
487 2464 610 2527 intelliges
641 2466 711 2527 cujus
722 2465 912 2529 deprehenditur
920 2467 997 2526 jocus
1022 2466 1053 2513 D.

49 2541 90 2573 cur
100 2529 139 2577 hic
149 2530 312 2596 responderit,
325 2532 405 2578 Credo.
437 2532 529 2577 δοέουοο
539 2532 608 2578 odoc-
674 2531 712 2578 30.
733 2528 823 2592 Gentio]
842 2529 900 2577 Plus
914 2534 995 2592 gestio,
1011 2534 1147 2593 quamodo.
1171 2532 1203 2579 D.

49 2590 108 2667 πέος]
127 2595 283 2643 iracundiam
298 2595 410 2657 hangere
425 2605 528 2642 conatur
537 2594 607 2642 ohse-
640 2595 707 2671 —ln
722 2594 806 2643 Bemb.
816 2604 841 2642 et
850 2594 988 2643 Basilicano
999 2605 1037 2644 est
1047 2598 1121 2658 rgon’:
1138 2598 1204 2660 quod

49 2669 241 2796 iilailiffii
255 2658 609 2782 titutfm‘hlht
639 2658 1051 2787 “ilhiihsiinnnnm]
1065 2724 1123 2773 Ν...
1140 2726 1203 2775 ann

49 2781 279 2838 dissimulationem:
297 2788 340 2837 sed
356 2798 382 2837 ot
393 2788 466 2837 tertio
476 2788 551 2844 addit,
563 2791 607 2836 Sc·
639 2794 722 2845 οοηὶνο,
734 2798 762 2836 ut
775 2788 867 2836 filium:
885 2789 929 2838 sed
941 2792 1002 2846 dori,
1017 2800 1045 2836 ut
1061 2804 1138 2838 reum
1169 2792 1201 2839 D.

50 2852 88 2895 ὕπ’
106 2858 179 2902 onnia
194 2872 223 2903 cr
240 2858 374 2903 sententia!
401 2856 492 2901 Credo.-
514 2857 555 2901 hoc
569 2870 606 2901 re·
639 2853 824 2903 -Concinnius
842 2853 932 2902 colloca
954 2870 1014 2902 sanc
1034 2870 1077 2902 aaa
1093 2863 1119 2903 at
1135 2858 1203 2918 calpa

49 2919 126 2972 tpcnde
133 2919 201 2983 mihi]
212 2921 271 2975 Hoc,
281 2918 375 2967 incerta
383 2917 539 2967 distinctione
550 2933 607 2982 pro·
639 2923 706 2967 sciat
730 2919 759 2966 Β.

50 2980 179 3032 nmchmr.
209 2984 368 3031 D.-Saloan
383 2981 472 3046 unire]
489 2984 553 3031 Cum
569 2982 607 3030 in·
672 2985 712 3030 82
729 2985 813 3031 Leaen
826 2990 917 3044 patrem
935 2981 1013 3045 illum]
1031 2983 1053 3030 0
1071 2983 1201 3033 artificium

49 3050 178 3114 terrogatm
189 3049 230 3108 sit,
243 3048 285 3097 nbi
300 3048 334 3097 sit
342 3049 609 3112 -Andphnpersevarat
639 3050 737 3112 poete!
766 3048 792 3095 in
808 3047 889 3096 media
904 3047 981 3111 patris
991 3048 1084 3096 savina
1096 3050 1200 3098 mentio-

48 3118 73 3153 ln
93 3111 244 3170 salutatione,
267 3122 296 3161 ut
318 3113 469 3162 iracundiam
491 3112 607 3174 obsequio
638 3128 695 3160 nem
712 3111 820 3160 lenitatis
834 3112 947 3160 induxit:
968 3122 995 3160 nt
1006 3112 1118 3161 ostendat
1128 3130 1201 3177 quant

50 3169 144 3237 frangat,
173 3178 274 3227 lin-Ut
289 3182 330 3226 hoc
346 3188 454 3236 acuatur,
475 3176 606 3225 lectionem
639 3177 709 3225 facile
720 3176 811 3241 placari
822 3177 906 3240 possit.
934 3178 1018 3224 Lenem
1027 3182 1199 3239 petronillam,

49 3236 112 3285 codd.
128 3242 288 3304 plurimontm
299 3242 465 3307 recipiendam
479 3252 547 3306 puto.
559 3244 605 3290 Re·
631 3240 723 3303 saetam
732 3258 766 3290 ms
774 3258 822 3290 esse
829 3241 976 3303 acerrimam]
988 3242 1052 3291 Nota
1063 3242 1201 3293 ortonam

49 3306 251 3359 mitescant
275 3308 303 3355 B.
638 3306 771 3355 nonenim
794 3306 844 3354 leni
865 3306 1032 3369 asperrimum,
1050 3307 1092 3355 sed
1110 3309 1200 3357 acerri-

79 3367 115 3415 26.
146 3371 225 3435 Volet]
255 3372 311 3419 Hoc
333 3370 438 3419 oratorie
459 3369 603 3429 dissimulat,
635 3371 827 3420 mumreddidit:
842 3370 1200 3437 etmntnvitgradumpositivo

49 3436 115 3491 atque
127 3433 161 3483 ita
171 3436 310 3501 respondet,
321 3436 389 3499 qnasi
401 3450 478 3484 senex
488 3450 538 3483 non
554 3436 603 3483 ira·
636 3435 812 3499 superlativum
834 3451 967 3499 opponens
1006 3438 1090 3485 Lenem
1110 3448 1200 3499 patrem

50 3499 86 3541 1¹²⁸
104 3512 199 3560 qamt,
222 3501 266 3550 sed
288 3501 319 3549 de
338 3502 417 3549 salute
434 3500 552 3549 sollicitus
572 3500 605 3548 sit
636 3503 701 3548 illam
723 3497 829 3563 soonam]
856 3500 897 3548 Sic
920 3500 988 3563 Virg.
1014 3501 1070 3549 AEn.
1093 3502 1119 3551 ii.
1143 3506 1198 3555 274.

49 3556 197 3625 Antiphonis.
215 3564 604 3629 Ssdsctin'omniaeaereutentt'ai]
636 3574 745 3629 quantam
756 3568 1077 3615 matotarobilloHsctorr!
1106 3568 1136 3615 D.

50 3620 115 3674 Quod
124 3630 202 3693 vulgo,
215 3635 382 3680 omaiorccte?
410 3630 445 3679 Et
455 3630 524 3678 deest
540 3647 602 3693 οπο-
669 3632 708 3678 33.
726 3633 800 3693 Atqui
816 3632 875 3677 nihil
889 3627 957 3691 jecit,
977 3630 1074 3693 patrae]
1098 3632 1200 3682 Summa

49 3688 86 3743 'lh
107 3705 147 3741 aut
165 3697 224 3758 quid
245 3696 300 3744 tale.
335 3697 477 3751 D.·-Voht,
497 3698 535 3742 hic
553 3693 602 3757 ert]
636 3694 845 3744 contradictionis:
866 3704 891 3741 et
903 3709 951 3741 non
967 3693 1036 3751 dixit,
1053 3698 1135 3744 leniter
1142 3714 1197 3758 pec-

50 3748 106 3801 Cum
120 3757 159 3807 ille
170 3762 201 3810 de
216 3760 271 3809 loco
281 3771 407 3823 quereret,
425 3760 523 3808 ubinam
540 3769 605 3808 esset
636 3763 718 3808 coint.-
740 3760 790 3816 sed,
805 3762 865 3807 nihii
876 3756 954 3819 feeit.-
974 3772 1053 3821 neque
1070 3761 1134 3821 quod
1151 3778 1197 3826 pu-

50 3815 158 3883 Antipho,
170 3825 209 3874 hic
220 3826 251 3875 de
263 3826 341 3873 salute
351 3824 485 3888 respondit
508 3824 538 3872 E.
636 3825 697 3881 nias,
708 3822 752 3872 sed
763 3824 826 3885 quod
839 3836 993 3871 succenseas:
1012 3823 1037 3870 id
1049 3824 1113 3885 quotl
1124 3824 1198 3874 levis··

79 3883 114 3931 27.
129 3890 210 3938 Vetas·
219 3889 322 3954 quidm]
336 3889 602 3954 Semperhocverbum
634 3888 724 3938 simum
740 3898 784 3936 est.
814 3888 953 3950 D.-Atqni
975 3890 1034 3935 nihil
1048 3886 1123 3952 feeit]
1148 3891 1198 3940 Hic

50 3940 147 3999 dolentis
163 3966 206 4012 est,
229 3970 258 4003 ac
278 3955 390 4018 negantis
409 3954 515 4012 evenire,
538 3954 603 4016 quod
631 3951 1154 4016 jtstndefensionisestgeneraleprincipium.
1168 3956 1197 4005 E.

50 4010 96 4057 voti
105 4012 141 4063 tit.
169 4023 231 4071 Quid
238 4019 330 4082 isiaci]
342 4021 459 4082 Magnam
467 4019 518 4067 vim
530 4020 604 4067 habet
667 4020 706 4065 34.
724 4020 784 4065 Ecce
797 4024 872 4065 autent
886 4020 971 4064 similia
983 4016 1196 4080 omnin]Ecccou·

51 4080 193 4132 iouimitato
203 4085 341 4147 hujusmodi
350 4084 515 4147 interrogatio
537 4084 603 4132 D.—
635 4092 686 4141 tent,
698 4096 748 4130 vox
759 4091 796 4129 est
807 4092 864 4145 apta
874 4080 921 4138 his,
930 4096 983 4143 quae
995 4096 1059 4130 nova
1069 4092 1094 4130 et
1105 4083 1197 4147 impro-

55 4136 112 4210 ‚Qvtt
123 4147 214 4213 onir]
232 4150 280 4197 Me
299 4150 329 4196 n
342 4160 367 4196 et
382 4159 439 4197 vot
452 4149 521 4196 eoru.
541 4151 604 4201 outa
635 4147 687 4195 vin
702 4146 785 4195 animo
801 4146 921 4194 accidunt.
956 4146 996 4193 stc
1013 4147 1081 4209 virg.
1099 4148 1156 4195 mn.
1170 4150 1196 4199 u.

52 4208 106 4250 ”iac
119 4216 172 4258 est?
198 4214 327 4278 L.—Lege
345 4214 551 4267 Quantosne?
571 4213 603 4260 ob
635 4214 690 4260 203.
719 4214 779 4260 Ecce
796 4218 872 4259 nutem
888 4214 974 4273 gemini
991 4228 1006 4258 α
1025 4213 1113 4261 Tenedo
1132 4222 1198 4263 non-

54 4260 548 4327 Ptemietnostrommcoddcomemum.
572 4278 601 4325 B.
634 4280 707 4340 quilla
727 4292 770 4338 μιν
791 4280 847 4324 ouo.
888 4278 980 4324 Similia
1002 4280 1096 4325 omnia:
1124 4296 1198 4328 onnes

69 4332 117 4401 ,²8·
133 4340 207 4391 Bonos
222 4359 257 4391 nr
271 4341 378 4404 cim]
395 4342 460 4391 Mire
471 4352 602 4391 consuetu·
634 4340 773 4405 saginant]
793 4341 864 4389 More
880 4342 1060 4403 stomachantis,
1077 4347 1151 4391 omnic
1173 4354 1198 4392 et

53 4389 128 4450 imi
142 4408 267 4471 captant,
284 4407 388 4457 dicendo
403 4410 478 4459 bonon
506 4409 601 4458 Meso·
634 4424 716 4467 snm,
724 4408 755 4456 de
765 4406 803 4458 his
814 4406 882 4466 dicit,
890 4422 945 4470 que
953 4408 985 4457 ad
995 4406 1057 4457 dnos
1065 4407 1196 4473 pertinent.
