2834 4759
218 154 282 219 546
644 150 924 220 TERENTII
1203 148 1316 233 [serus
1330 168 1356 211 v.

218 302 249 347 at
261 288 346 354 Hoec
360 297 409 353 tot
422 296 560 373 propter
571 308 622 351 me
637 286 758 373 gaudia
771 284 817 350 illi
831 287 1004 373 contigisse
1019 286 1122 353 laetor.

260 387 335 451 Etsi
344 386 408 451 hoc
416 386 601 451 meretrices
612 381 682 449 aliae
692 384 821 449 nolunt:
832 408 937 472 nequa
947 387 1031 451 enim
1040 388 1132 451 estin
1141 407 1207 450 rem
1215 394 1358 459 nostran,

261 485 310 550 Ut
323 484 493 570 quisquam
508 489 631 550 amator
644 485 765 569 nuptiis
779 483 926 550 laetetur:
949 508 1059 550 verum
1074 495 1200 551 ecastor

260 582 439 669 Nunquam
453 585 594 647 animum
607 584 724 667 quaesti
738 584 843 666 gratia
856 584 898 648 ad
913 582 1012 649 malas
1027 582 1187 649 adducam
1200 581 1311 667 partis.

261 682 349 767 Ego,
364 683 442 747 dum
456 682 510 747 illo
524 682 699 759 licitum’st,
716 704 775 747 usa
792 704 863 746 sum
876 684 1028 768 benigno,
1043 691 1076 748 et
1089 681 1210 767 lepido,
1222 691 1256 747 et
1270 679 1358 745 comi:

217 793 250 841 to
262 780 469 851 Incommode
482 780 561 844 mihi
573 781 695 865 nuptiis
709 782 835 845 evcnit:
857 780 978 846 factum
992 780 1114 845 fateor:

260 878 309 944 At
323 879 378 964 pol
391 903 442 945 me
456 879 572 945 fecisse
588 881 740 958 arbitror,
756 903 796 945 ne
812 880 846 943 id
860 880 974 944 merito
988 879 1067 944 mihi
1081 868 1236 943 eveniret.

189 985 192 994 “
260 976 370 1043 Multa
390 1000 433 1043 ex
447 1000 513 1063 quo
536 977 656 1043 fuerint
677 978 856 1057 commoda,
872 980 943 1063 ejus
957 978 1160 1044 incommoda
1180 998 1306 1061 aequom
1318 983 1361 1039 est

327 1074 424 1142 ferre.

416 1342 610 1415 ACTUS
638 1341 849 1427 QUINTI
891 1342 1079 1415 SCENA
1106 1340 1173 1414 IV.

492 1514 705 1564 PAMPHILUS.
731 1514 916 1565 Plaustro·
938 1514 1096 1564 uaccms.

259 1622 365 1701 Vror,
380 1624 425 1687 mi
438 1622 610 1701 Parmeno,
625 1623 722 1688 etiam
743 1623 851 1702 sodes,
872 1633 911 1687 ut
930 1621 1009 1687 mihi
1030 1621 1102 1686 haec
1121 1630 1212 1687 certa
1233 1629 1268 1684 et
1287 1616 1361 1685 clara

325 1720 489 1787 attuleris:

257 1818 313 1886 Ne
328 1843 379 1885 me
393 1821 428 1885 in
441 1821 540 1885 breve
553 1820 704 1905 conjicias
720 1830 847 1906 tempus
863 1820 984 1906 gaudio
998 1818 1061 1884 hoc
1075 1818 1158 1885 falso
1173 1818 1248 1885 frui.

259 1917 345 1984 Pan.
361 1918 479 1985 Visum
493 1929 555 1983 ast.
602 1918 692 1985 Pau.
708 1918 872 1985 Certenei
918 1918 1005 1985 Part.
1022 1919 1132 1986 Certe.
1171 1919 1262 1985 Pau.
1277 1918 1361 1985 Deus

325 2039 406 2095 sum,
423 2018 450 2082 si
464 2016 527 2082 hoc
540 2018 587 2082 ita
600 2028 662 2083 ast.
700 2017 788 2083 Pan.
804 2018 929 2084 Verum
943 2018 1098 2104 reperies.

259 2116 346 2183 Pau.
363 2115 544 2182 Manedum
566 2116 682 2182 sodes:
705 2118 803 2182 timeo
825 2140 866 2182 ne
889 2116 978 2182 aliud
1000 2118 1142 2196 credam,
1164 2128 1263 2204 atque
1285 2111 1361 2179 aliud

323 2241 469 2285 nuncies.

249 2340 288 2386 35.
300 2340 359 2387 Haec
370 2345 404 2386 tot
410 2344 505 2401 propter
515 2354 550 2385 asc
558 2336 661 2401 guadio]
675 2336 779 2387 Inclusit
843 2338 883 2385 42.
895 2340 974 2385 Multo
984 2354 1012 2385 a:
1023 2354 1066 2401 quo
1077 2335 1170 2399 suerint
1185 2338 1298 2385 commoda
1307 2328 1361 2397 eju]

216 2401 347 2467 (Concinit
357 2403 405 2451 Ma
412 2404 472 2465 ugr
481 2401 534 2450 edd.
542 2412 601 2450 autc
609 2404 693 2467 steph.
702 2412 778 2461 recte,
811 2401 885 2451 Ratio
895 2417 939 2450 our
956 2416 1019 2450 nova
1030 2401 1113 2451 omnia
1124 2401 1191 2459 fiant,
1203 2410 1230 2449 et
1240 2410 1320 2450 contra
1332 2394 1361 2444 ol·

216 2467 541 2531 taurinanomrionem
549 2467 636 2517 tabulae
645 2482 778 2523 moresuot
811 2466 893 2515 ficium
916 2466 1057 2515 meretricis.
1085 2468 1163 2515 Multo
1184 2483 1211 2515 rr
1228 2484 1271 2529 qno
1281 2463 1362 2528 fuerint

216 2549 248 2581 no
259 2532 442 2581 heciufmuro
452 2541 508 2581 actu
520 2542 724 2597 exspectaremus
746 2534 778 2581 D.
811 2535 931 2591 commodo,
943 2532 1140 2595 ejusinoommoda
1149 2548 1239 2593 oeqsass
1249 2538 1283 2581 ast
1292 2522 1361 2592 fem]

250 2599 290 2646 36.
302 2600 357 2646 ttat
367 2601 408 2645 hoo
418 2600 548 2646 metricos
558 2601 613 2646 otia
623 2597 715 2662 uoluat]
731 2598 780 2646 Co·
814 2596 870 2645 Hoc
887 2612 916 2645 co
933 2606 1011 2645 tractu
1023 2596 1097 2653 vocis,
1109 2607 1134 2645 ct
1150 2612 1179 2644 ea
1193 2592 1361 2659 aequmuniute

216 2663 254 2712 lor
271 2661 422 2711 necessarius
439 2677 454 2710 a
471 2661 606 2710 verisimili.
634 2664 667 2711 Sc
684 2662 781 2726 (Scitis
813 2660 1206 2725 dicendumqualcinrldelphis,
1221 2662 1362 2714 Quosdam

217 2738 320 2790 uterque
337 2726 411 2789 liber)
426 2724 492 2775 enim
508 2726 566 2775 alibi
585 2726 685 2785 dixisse,
702 2730 781 2776 Bonos
812 2735 922 2789 quartam
941 2730 1068 2789 occoepsris,
1090 2729 1228 2789 accipianda
1247 2734 1272 2775 ct
1291 2722 1362 2772 md·

216 2801 331 2843 moronus
339 2791 421 2854 saorra
431 2795 560 2841 merim
569 2796 649 2851 malos,
661 2792 781 2841 meminit.
813 2792 984 2854 tondaiajuric
995 2794 1169 2841 adolescentiam
1179 2798 1221 2839 ert.
1246 2790 1276 2839 D.
1357 2849 1362 2861 ¹

217 2856 780 2921 Noquccaiatcrtiarcmaostram]1arem,in
846 2858 867 2904 1.
881 2851 1362 2914 Vidc,mil’armcno,aiiamsodcr,atn³'l¹⁸

217 2924 355 2982 utilitatem,
378 2922 403 2970 id
426 2932 471 2979 est,
489 2937 534 2985 pro
556 2922 689 2972 commodo.
714 2923 781 2971 D.-·
811 2924 860 2970 ltae
877 2920 952 2984 certa]
970 2922 1038 2971 Beue
1054 2926 1102 2970 ltoec
1117 2920 1220 2985 repetit:
1239 2922 1362 2991 verum'ttt

218 2987 373 3039 claudicanti
388 2987 415 3036 iu
432 3002 524 3035 casura
539 2987 622 3036 versui
644 2987 680 3036 sic
698 2988 779 3051 opitu·
812 2985 885 3044 enlm,
897 2995 925 3035 ut
943 2986 1007 3049 quod
1023 2988 1111 3035 misera
1128 2986 1248 3051 cupimus,
1259 2985 1283 3033 id
1299 2992 1362 3031 etum

217 3053 276 3112 lare,
288 3056 342 3103 Etsi
357 3056 398 3101 lsoc
412 3056 541 3101 meretrices
558 3069 602 3101 aon
618 3055 695 3101 uoluat
711 3056 779 3102 olioe:
813 3051 905 3100 tardius
915 3052 1042 3101 credamus
1053 3051 1172 3101 ellectum.
1198 3050 1240 3100 Sic
1251 3045 1362 3120 etinlltff

218 3118 779 3245 Mtt‘ttttt’tt‘tt‘ttimn...
812 3120 1070 3245 tttttitlttt
1086 3116 1362 3248 lil‘msniii'lu'lili'

218 3246 260 3296 lib.
272 3247 304 3296 vi.
318 3248 376 3295 Fab.
390 3246 502 3309 Fulgent.
521 3245 552 3294 de
570 3247 652 3310 prisco
667 3262 739 3295 sarm.
754 3248 781 3296 in
813 3262 900 3309 parum
922 3246 1047 3295 credibilia
1068 3246 1189 3304 videntur,
1206 3247 1267 3295 dum
1287 3250 1362 3291 metut-

218 3314 430 3362 voceDioboiorer.
453 3312 482 3359 1..
815 3326 875 3359 mus.
905 3312 965 3359 ldco
985 3312 1216 3377 saepiusquaeritct
1235 3307 1314 3360 nuncii
1330 3318 1361 3352 or-

229 3423 233 3429 .
253 3378 292 3426 ³9.
302 3380 360 3439 Ego,
372 3380 426 3423 duos
443 3379 483 3424 illo
500 3379 587 3424 licitam
603 3375 651 3439 est]
672 3379 714 3425 An
729 3392 780 3427 me·
814 3376 895 3425 dinem
915 3376 1012 3441 rcpcu't,
1029 3392 1085 3425 cum
1103 3376 1175 3425 dicit:
1194 3378 1320 3429 Manedum,
1332 3384 1360 3416 tt·

220 3442 298 3491 ruerit
308 3439 412 3504 (metuit)
425 3440 584 3505 Pamphilusl
605 3442 636 3488 D.
814 3444 860 3489 des.
886 3444 925 3490 Sic
943 3450 965 3489 te
983 3446 1068 3490 dixisse
1084 3444 1170 3503 opinor,
1186 3444 1294 3489 iuvenisse
1305 3436 1360 3496 Myt-

254 3510 294 3555 40.
306 3508 445 3554 Incommode
455 3508 511 3553 milti
529 3510 617 3567 nuptiis
635 3505 721 3569 evenit]
740 3507 781 3555 Sic
813 3509 904 3554 rltiaam
928 3510 991 3568 apud
1011 3510 1150 3555 Bacchidem
1175 3509 1282 3555 aunum
1301 3513 1361 3549 rum

221 3572 291 3629 dixit,
311 3570 514 3634 quemadmodum
535 3570 646 3628 dicimus,
669 3574 702 3620 Et
724 3575 782 3621 mols
814 3571 909 3626 Quibus
920 3573 993 3621 rebus
1004 3571 1153 3621 confirmatis
1164 3586 1261 3620 rursum
1272 3564 1362 3617 exsultat

222 3642 302 3695 evenit,
325 3645 368 3685 aut
388 3638 451 3684 Beru
470 3638 492 3683 ci
509 3639 611 3698 contigit
644 3638 783 3685 Incommode
816 3636 918 3699 gaudio:
948 3640 1005 3690 Quis
1026 3654 1061 3685 asc
1080 3645 1115 3685 cst
1127 3634 1289 3698 fortunatior?
1310 3630 1361 3678 E.-

222 3706 279 3751 mihi
292 3704 380 3763 nuptiis
398 3699 485 3763 evenit]
516 3698 679 3764 'Arivrooopd
701 3700 783 3762 ('‘t·ro-
817 3700 909 3750 Versus
920 3711 978 3750 sunt
989 3700 1105 3751 trochaici
1117 3700 1265 3755 tetrametri;
1282 3696 1320 3745 sed
1329 3691 1360 3767 ld?

224 3764 306 3831 φορά).
323 3766 358 3815 Et
366 3777 404 3815 est
414 3766 480 3823 ordo,
489 3765 646 3813 Incommode
658 3766 719 3813 mihi
726 3781 783 3815 evc—
817 3766 974 3830 etseptimus,
983 3765 1139 3824 acatalecticl,
1146 3766 1228 3814 coeteti
1236 3762 1361 3815 catslccuu·

223 3833 261 3885 nit
272 3848 304 3881 ex
314 3830 422 3894 nuptiis:
440 3840 466 3878 et
476 3833 618 3888 incommode,
629 3847 674 3895 pro
690 3829 784 3879 incom-
818 3832 921 3879 Fasau.

224 3898 303 3947 modo
327 3895 436 3958 Nuptiis]
451 3896 528 3943 Deest
538 3912 584 3944 ec:
601 3906 629 3944 ut
636 3896 675 3953 sit,
688 3912 716 3944 er
727 3914 784 3959 nap-
851 3899 873 3944 2.
886 3896 935 3944 Pro
946 3895 1055 3959 conjicias
1066 3896 1195 3959 legendum
1206 3894 1313 3945 existimo
1320 3886 1360 3951 μῖ-

226 3966 272 4011 tiis.
300 3965 404 4019 Factam,
414 3959 506 4024 fateor]
525 3958 695 4023 'Mwooopd
721 3959 786 4009 Ι).-
818 3964 890 4010 licias
915 3960 944 4009 B.

225 4029 364 4075 incommode
375 4030 431 4073 milti
441 4025 527 4089 evcnit]
543 4025 680 4074 Maximum
691 4025 786 4074 incom-
851 4028 873 4073 3.
886 4029 949 4075 Deus
960 4044 1015 4085 sum,
1027 4029 1048 4075 si
1059 4030 1100 4075 ltoo
1110 4024 1157 4088 ita]
1170 4025 1248 4074 Plaut.
1261 4026 1360 4087 iterna?

224 4092 324 4141 modum
349 4091 439 4155 accepi,
464 4090 528 4153 quod
551 4090 693 4154 Pamphilus
716 4090 788 4139 duxit
818 4108 893 4154 regem
904 4099 979 4139 autem
990 4094 1047 4153 qaid
1057 4094 1153 4153 loqrm?
1170 4094 1214 4139 into
1224 4092 1289 4139 Desa
1306 4082 1332 4130 Et
1340 4091 1360 4124 m

225 4172 334 4204 uxorem.
362 4160 459 4204 Factum
473 4154 566 4218 fatcor]
584 4156 715 4203 Confiteor.
741 4156 788 4205 Sed
821 4156 919 4205 Curcul.
937 4156 953 4203 i.
973 4158 995 4204 3.
1017 4158 1159 4204 ll.-Susa
1175 4158 1246 4203 Deus.
1268 4145 1360 4200 h-Pto

226 4238 276 4269 non
295 4220 344 4269 mei
364 4221 445 4269 meriti
465 4232 509 4279 est,
527 4222 591 4283 quod
609 4221 705 4269 deserta
725 4237 787 4270 sum.
823 4224 917 4270 Cortona
929 4221 1023 4283 vulgari
1034 4232 1100 4270 recte
1114 4220 1197 4269 Bemb.
1210 4230 1235 4267 et
1247 4210 1358 4285 Victorltss·

226 4286 298 4333 Unde
310 4286 410 4333 ferenda
419 4286 471 4334 haec
482 4296 540 4334 sunt
549 4285 710 4335 incommoda.
734 4286 763 4334 E.
820 4286 912 4335 hubent
930 4288 1036 4341 Gortea'5
1053 4296 1082 4334 ut
1100 4301 1186 4335 versus
1203 4285 1235 4333 sit
1246 4280 1360 4333 trochssffl'

258 4353 298 4399 41.
315 4354 353 4399 Nc
370 4353 396 4398 td
412 4354 492 4399 marito
510 4354 566 4399 mitt
585 4351 696 4413 weniret]
720 4351 788 4415 Ergo
819 4351 980 4401 catalecticus.
1002 4352 1031 4399 Β.

226 4417 277 4465 haec
289 4416 405 4475 dolemus,
417 4431 471 4479 quae
482 4416 568 4464 merito
579 4416 731 4480 contingunt.
754 4417 785 4465 D.
852 4418 875 4465 4.
888 4418 959 4466 Mane
971 4415 1036 4479 dum]
1048 4418 1110 4465 Dum
1121 4415 1235 4465 abundat.
1257 4413 1284 4462 1).
