2834 4759
238 154 299 219 tta
636 205 638 213 ,
669 146 946 216 TERENTII
1206 148 1321 232 [aeros
1336 168 1379 211 ιιι.

277 288 363 353 Pan.
377 284 423 351 At
432 298 464 351 te
474 286 531 351 Dii
540 287 690 370 perdant.
723 286 794 350 Gn.
805 285 897 357 Quid
906 283 972 361 ille,
982 287 1117 369 quaeso?
1142 283 1213 348 Τιι.
1226 282 1379 348 Perditus.

278 385 363 449 Risu
379 407 500 462 omnes,
516 386 572 469 qui
587 384 735 460 aderant,
750 386 895 449 emoriri:
919 386 1060 470 denique

279 483 475 549 Metuebant
492 505 601 547 omnes
613 484 681 567 jam
695 504 757 547 me.
795 482 866 546 Gn.
883 482 963 547 Non
977 485 1104 568 injuria.

279 579 348 644 Τιι.
367 580 435 645 Sed
449 580 532 646 heus
548 591 595 657 tu,
611 580 748 664 purgon’
763 602 825 665 ego
839 602 891 643 me
906 581 948 644 de
962 581 1043 645 istac
1058 580 1195 658 Thaidi,

235 692 268 739 tt
281 678 384 753 Quod
397 702 470 743 eam
483 700 534 743 me
550 700 658 742 amare
674 677 904 761 auspicata'atl
942 677 1014 741 Gu.
1031 678 1126 741 Nihil
1138 680 1258 742 minua.

279 777 349 843 Imo
364 799 448 862 auge
463 778 564 861 magis
581 776 806 860 suspicionem
844 774 914 839 Tu.
932 776 1022 840 Curi
1060 776 1132 841 Gn.
1148 776 1290 861 Rogas?

280 876 376 953 Scin',
394 875 567 960 siquando
582 873 636 937 illa
649 873 844 937 mentionem
860 872 1023 937 Phaedriae

278 972 382 1051 Facit,
399 984 455 1037 aut
470 974 497 1037 si
511 971 633 1047 laudat,
652 980 684 1034 te
699 980 737 1034 ut
750 967 832 1035 male
847 975 944 1035 uratl
982 970 1051 1036 Tu.
1068 970 1194 1036 Sentio.

279 1070 349 1136 Gu.
367 1071 406 1135 Id
421 1082 513 1134 utne
528 1069 597 1145 fiat,
612 1067 683 1133 haec
698 1090 751 1131 res
766 1067 875 1133 sola’st
890 1070 1052 1134 remedio:

235 1182 267 1229 to
280 1168 348 1234 Ubi
362 1168 539 1233 nominabit
554 1166 750 1243 Phaedriam,
766 1178 801 1231 tu
817 1164 1020 1250 Pamphilam

279 1268 460 1332 Continuo:
486 1265 514 1329 ai
529 1264 660 1351 quando
674 1261 729 1327 illa
743 1263 841 1342 dicet,
857 1263 1042 1329 Phaedriam

279 1363 534 1429 lntromittamus
549 1362 805 1439 commissatum
825 1372 872 1439 tu,
885 1360 1090 1447 Pamphilam

279 1462 452 1527 Cantatum
467 1480 699 1545 provocemus:
724 1459 751 1523 si
765 1458 913 1523 laudabit
927 1458 998 1523 haec

232 1629 259 1679 id
282 1644 339 1678 vero
362 1636 455 1677 tantum
478 1628 562 1675 abesse
578 1625 613 1675 ait
631 1627 751 1683 Donatus,
768 1634 797 1674 ut
827 1637 885 1689 gear
898 1626 1076 1691 suspicionem:
1095 1626 1209 1689 ethujar
1224 1634 1382 1689 argumentum

233 1693 307 1742 etiam
319 1691 481 1753 misereatur).
504 1693 704 1753 D.—1mprudear
718 1690 796 1739 hicin
828 1691 927 1754 profert,
947 1691 1013 1753 quod
1034 1692 1126 1755 praeit:
1151 1701 1179 1740 et
1202 1696 1225 1740 u·
1246 1694 1333 1753 quade
1347 1692 1382 1735 itta

232 1758 305 1807 laude
315 1758 423 1822 ponitur,
433 1766 460 1805 ut
471 1756 536 1804 And
549 1771 571 1803 r.
582 1758 604 1803 4.
618 1758 640 1803 8.
658 1755 796 1803 Gnathonir
828 1759 961 1804 nauticam
982 1758 1099 1805 Ptaedriae
1113 1754 1211 1818 jecerit,
1232 1758 1297 1803 ntes
1313 1762 1382 1803 cerm

233 1822 308 1871 verba
328 1831 392 1878 eunt,
414 1836 445 1869 ex
467 1820 555 1869 intimo
574 1820 716 1869 adulatoriae
735 1819 796 1868 attia
828 1821 887 1868 Pan
922 1824 927 1835 '
983 1825 1088 1869 nominet.
1116 1820 1152 1869 Et
1162 1822 1200 1869 ric
1211 1819 1315 1868 invicem
1326 1818 1380 1877 injo-

233 1900 300 1949 penu
310 1885 394 1950 petita
418 1886 447 1933 Β.
829 1883 873 1932 ria
911 1884 990 1933 haidis
1004 1900 1089 1947 parem
1103 1885 1209 1947 gratintn
1224 1883 1325 1935 retenta
1343 1883 1382 1928 hor

266 1951 306 1999 41.
324 1954 358 1999 At
369 1958 391 1999 te
403 1951 446 1997 Dii
453 1948 566 2012 perdam]
583 1950 655 1997 Nove
668 1948 796 2006 Parmeno,
829 1948 896 1997 enim
907 1948 977 2005 dixit,
989 1950 1039 1997 Par
1046 1966 1091 2011 pro
1098 1953 1155 2010 pari
1165 1949 1260 2012 referto,
1271 1950 1329 2010 qued
1339 1960 1381 1993 m

233 2029 283 2063 non
299 2014 354 2078 ipai,
366 2013 410 2062 aed
422 2014 453 2061 de
467 2014 521 2077 ipro
535 2013 649 2075 loquitur,
660 2028 711 2061 non
726 2012 795 2061 audi·
829 2015 937 2061 nordana
959 2014 990 2061 E.

234 2088 291 2129 ente
307 2092 350 2127 eo:
377 2077 504 2142 εἶρωνυεῶς.
539 2078 660 2127 Parmeno
676 2076 716 2125 hic
733 2076 796 2125 male
861 2080 900 2125 45.
919 2080 987 2129 Quod
1007 2094 1057 2125 can
1077 2094 1111 2125 ne
1132 2094 1213 2126 aaran
1230 2070 1381 2137 rernm-³]

233 2143 292 2193 lacit
314 2143 387 2207 (lege,
408 2146 466 2191 nale
486 2145 551 2200 dicit,
572 2142 611 2191 vel
631 2144 689 2189 mole
711 2143 795 2189 dicam
828 2141 894 2196 Quin
906 2142 981 2202 (fflnc
993 2142 1034 2203 Ζ.)
1046 2151 1156 2206 apparet,
1167 2141 1237 2190 illam
1251 2138 1320 2188 militi
1330 2152 1381 2199 quo·

235 2206 568 2269 Niniverbailtadpames.
596 2204 727 2267 nans.
743 2205 797 2254 loco
829 2222 876 2268 que
885 2199 1380 2267 uastatwmptmmrendimqml

233 2288 278 2321 auo
292 2281 359 2323 mota
373 2281 472 2321 atatuea
502 2271 575 2319 Certe
590 2270 687 2345 quidem
705 2286 720 2317 o
750 2270 797 2318 'me
829 2270 893 2319 dixit
904 2270 1030 2319 Phaedria.
1054 2271 1086 2319 D.

233 2338 356 2387 ndduntut·
365 2337 437 2385 Notae
449 2335 541 2384 Donati
552 2335 583 2383 ad
594 2334 629 2383 tii.
642 2337 664 2382 2.
680 2335 716 2381 10.
738 2352 744 2381 ι
763 2337 797 2383 Ar
861 2335 894 2383 46
910 2338 959 2383 Into
980 2352 1039 2397 auge
1061 2338 1136 2397 nagia
1150 2331 1312 2397 mpicim]
1328 2330 1379 2377 ilat

234 2399 523 2464 animamainquir.
548 2399 579 2447 D.
829 2399 876 2448 erit
898 2414 971 2448 cauea
992 2399 1119 2461 rejiciendi
1141 2400 1236 2448 militie.
1269 2394 1380 2447 De-b'vss

267 2468 306 2515 tt.
323 2469 383 2513 Risu
405 2482 485 2521 omner,
508 2467 548 2539 pai
569 2466 673 2521 aderant,
692 2461 795 2525 moriri]
828 2468 967 2525 urpicmar,
978 2479 1033 2526 quae
1044 2475 1080 2513 eat
1091 2464 1268 2513 nonnullarum
1278 2460 1328 2509 edd.
1338 2458 1378 2505 lec·

235 2529 373 2605 Disciplina
385 2538 422 2577 eet
437 2528 544 2585 comicia,
555 2537 584 2575 ut
594 2527 681 2575 ttultaa
696 2536 796 2575 senten·
829 2523 1380 2589 tio,aedmptcaea’stomnea1²aemicodtet

234 2594 289 2653 tiae,
305 2604 341 2643 tta
360 2594 433 2643 etiam
454 2592 542 2642 vitiosa
560 2593 641 2649 verba,
659 2591 797 2640 adscribere
829 2593 908 2642 nostri
918 2593 1029 2656 plerique
1039 2604 1107 2641 recte
1118 2593 1218 2641 babent.
1243 2593 1272 2640 B.

233 2658 343 2707 ridiculis
353 2656 521 2722 imperitisque
532 2655 650 2721 personia.
675 2656 709 2703 Ut
721 2656 795 2705 Plau·
861 2657 892 2708 47
910 2656 985 2719 Scin']
999 2657 1126 2706 Monentia
1136 2667 1175 2706 est
1185 2657 1269 2706 dicere
1277 2655 1336 2708 rein'a
1346 2648 1378 2696 '⁰¹

234 2722 464 2781 tuaMit'aMt.
482 2723 795 2783 Latroattmgodeuame-
827 2725 892 2770 scito.
921 2716 1379 2787 Siquandoilloneatim]Siq=⁰tttl⁴

234 2789 436 2849 renatipeadian,
449 2785 529 2847 inquit
540 2801 572 2833 ex
585 2799 690 2849 perrona
702 2784 795 2833 militia.
828 2794 855 2834 et
869 2786 950 2849 prima
965 2786 1057 2850 syllaba
1072 2786 1128 2835 acui
1147 2796 1238 2850 potent,
1256 2794 1281 2833 et
1295 2780 1377 2831 medttz

235 2851 323 2915 ltaque
342 2850 382 2899 hic
401 2853 492 2899 emoriri
510 2849 580 2898 dixit.
605 2850 641 2897 At
656 2864 715 2897 vero
729 2847 795 2897 Atti·
829 2858 912 2897 tamen
923 2850 1002 2900 ramat
1011 2850 1166 2899 sententiam.
1191 2852 1225 2899 D.
1360 2905 1365 2915 .

234 2931 277 2965 cua
290 2914 430 2965 adolescent
448 2914 474 2963 in
487 2914 620 2962 Heautont.
638 2916 707 2963 emori
723 2916 797 2975 capio.
861 2916 901 2963 49.
918 2917 950 2963 Id
959 2924 986 2963 et
996 2914 1088 2978 arefiat]
1101 2916 1178 2963 Modo
1185 2919 1234 2971 Ne,
1246 2929 1301 2968 oon,
1312 2908 1377 2970 aigar-

233 2980 391 3044 'Videigitun
420 2988 507 3036 oetam,
518 2994 564 3042 pro
575 2978 628 3026 loco
643 2993 671 3025 ac
688 2986 797 3040 tempore
829 2978 893 3027 fleat.
919 2978 1250 3043 Marcomanorum]
1262 2978 1375 3025 stasn-

233 3044 296 3094 tcire
316 3044 375 3107 quid
395 2995 466 3092 dlcat
497 3041 677 3106 D.—Emorr'ri]
697 3042 797 3091 comice
828 3042 924 3107 picetur
935 3042 1189 3107 amarePamphilam
1217 3046 1248 3093 D.

234 3118 329 3159 rantum
340 3108 445 3164 dinem
463 3122 520 3157 nan
530 3107 585 3169 (noa
596 3106 638 3169 Ζ.)
650 3106 795 3155 maincia
860 3110 900 3156 5⁰.
921 3110 967 3157 Uti
975 3107 1112 3171 meant]
1126 3108 1159 3156 Et
1170 3108 1252 3159 locum
1262 3114 1287 3154 et
1297 3112 1378 3175 tappet

234 3172 264 3221 Ε.
828 3171 951 3236 significat
961 3175 1009 3221 abi.
1027 3170 1289 3233 n.-uarmtuta]
1304 3168 1377 3214 thm

267 3238 307 3285 tt.
323 3238 459 3286 Metuebant
474 3253 547 3285 amaea
557 3238 610 3298 joar
626 3235 674 3298 me]
697 3237 738 3285 Ne
755 3236 797 3285 cui
827 3236 949 3300 libiep.
962 3238 1029 3286 aad
1040 3236 1162 3286 Familiar.
1186 3238 1217 3286 1.

234 3300 433 3361 dicerem,Leput
440 3305 796 3363 tutnenetpulpamentortqua·
861 3303 901 3349 51.
921 3304 1109 3364 TePartphilan
1116 3301 1235 3366 mineo]
1247 3298 1377 3355 tticmrrn·

233 3369 275 3413 ric.
292 3363 529 3427 toennensem,
536 3368 592 3426 qaia
599 3368 668 3413 lacteo
676 3368 796 3427 inperium
828 3362 950 3425 οἰκονομία
970 3377 1016 3425 eat,
1038 3382 1088 3430 qna
1108 3366 1242 3416 Terentius
1262 3364 1375 3428 papiro

233 3430 371 3479 tabellam!
383 3426 541 3491 Noninjuric]
552 3428 646 3478 Hoctic
653 3430 796 3493 pronuncia,
829 3430 1034 3492 quemadmodum
1052 3433 1082 3492 ju
1112 3429 1163 3479 'um
1184 3431 1251 3481 inter
1273 3422 1377 3475 Thaidem

234 3492 437 3557 quemadmodum
453 3492 514 3541 illud
530 3508 610 3556 supra,
629 3492 717 3547 Quidni
730 3501 796 3543 uret.
829 3494 988 3557 militemque,
998 3503 1023 3543 et
1034 3496 1090 3543 Gna
1133 3510 1197 3554 nem,
1209 3510 1255 3560 per
1264 3493 1321 3540 tua
1329 3498 1377 3548 par·

234 3557 391 3615 D.—Verbe,
407 3574 452 3605 aon
473 3558 568 3619 injuria,
592 3557 705 3621 ambigua
727 3566 798 3620 putat
830 3567 867 3606 ter
881 3559 1070 3621 aerpotfabulre.
1100 3559 1337 3623 Erbeneeontintwf
1352 3556 1375 3593 ¹¹1

235 3621 355 3672 Deceria:
373 3620 480 3669 militem
498 3621 564 3669 enim
579 3621 621 3670 illa
632 3622 756 3685 accepitne
766 3622 797 3670 de
829 3622 953 3686 intelliget
968 3624 1091 3681 meretrix,
1107 3638 1158 3672 non
1174 3634 1225 3673 tam
1241 3613 1377 3683 empulae

233 3686 313 3745 laude,
320 3702 376 3735 cum
388 3695 470 3735 tamen
481 3686 580 3735 Gnatho
592 3686 683 3735 dixerit
692 3686 723 3734 de
734 3686 796 3735 etul·
829 3687 913 3744 amari,
926 3702 999 3750 quam
1009 3687 1057 3737 ribi
1068 3688 1147 3736 vicem
1158 3688 1220 3737 dari.
1243 3688 1275 3736 D.

234 3752 266 3801 tir
285 3750 432 3809 hominihus,
448 3750 489 3814 qul
506 3751 632 3801 metuendi
649 3751 700 3799 rint
716 3750 795 3799 omni·
867 3754 906 3799 52
929 3753 1074 3813 Pamphilam
1097 3761 1215 3801 onumen
1235 3734 1374 3816 prmo-el

235 3817 288 3869 tun
311 3816 339 3865 Z.
831 3816 970 3879 Eleganter,
982 3817 1039 3879 quia
1052 3817 1095 3865 ille
1111 3816 1171 3866 toris
1186 3829 1232 3876 ert,
1243 3818 1292 3865 hec
1305 3810 1375 3859 lumi

233 3920 239 3931 .
267 3883 306 3930 ιι
323 3882 424 3943 carga·
441 3896 482 3943 ego
504 3897 538 3929 ma
557 3882 585 3928 a
601 3884 660 3929 aaa
679 3879 797 3942 manre]
830 3884 1308 3944 wicmannum-u
1319 3870 1376 3947 ‚Hec

235 3945 363 4007 olaoanpla
374 3945 405 3994 ad
415 3944 484 3993 litem
495 3945 602 3994 futurem
613 3944 678 3993 inter
693 3944 796 3992 militem
830 3954 868 3993 eat
882 3945 909 3993 in
925 3946 1007 3994 verbio
1022 3955 1101 4010 poetae
1116 3962 1234 4009 germana
1248 3946 1374 4010 propml’*

234 4020 260 4063 tt
276 4010 401 4059 Thaidem.
426 4009 557 4059 D.-Heat
573 4018 605 4066 tu,
618 4006 729 4072 purgon’]
748 4008 798 4057 Hic
831 4010 1053 4059 D.—(.'miasatio
1063 4020 1106 4068 aet,
1116 4010 1199 4074 inquit
1211 4011 1374 4061 ramme*

234 4074 303 4148 quani
324 4073 452 4123 consilium
464 4074 571 4187 petitur,
588 4088 619 4121 an
636 4083 726 4137 purget
744 4088 797 4121 aeae
827 4078 1014 4136 prieccnoivr'un
1029 4064 1375 4125 nentrteumetadotemfflt

234 4138 304 4187 nulee
319 4137 385 4203 apud
401 4138 464 4187 Thai
481 4154 527 4197 em,
542 4137 606 4200 quod
621 4136 697 4185 Thais
711 4137 796 4196 credit,
829 4155 888 4187 run„
918 4138 1131 4197 Illudtacumet
1148 4140 1213 4189 ultra
1227 4138 1372 4189 metrum&

233 4200 337 4253 militem
361 4205 412 4263 jaun
441 4202 561 4267 virginem
588 4216 677 4250 amare.
718 4201 797 4250 Sicuti
829 4214 918 4260 currat,
928 4214 1049 4254 etavett.
1059 4204 1114 4253 edd.
1122 4204 1194 4264 abuit,
1203 4200 1373 4255 delendttffll'u‘

234 4264 308 4315 etiem
319 4264 373 4328 ipen
383 4282 456 4331 cupra
471 4267 549 4316 dixit:
571 4268 618 4315 Sed
631 4283 672 4330 ego
686 4275 798 4329 quomam
830 4278 862 4316 to.
887 4268 916 4315 B.

233 4332 505 4394 terpitonadnt'rgr'nem
516 4334 616 4379 animum
626 4331 720 4393 adiecit.
747 4332 798 4381 Dat
868 4334 909 4380 53.
933 4332 1006 4396 lage,
1041 4335 1146 4392 (Ιαιιιιιιιι,
1179 4341 1213 4392 tu,
1241 4332 1372 4396 prowm·

233 4404 316 4447 tutem
331 4393 461 4445 consilium
475 4396 645 4459 pertenuem
659 4396 738 4459 mogh
751 4411 795 4445 aa·
830 4396 989 4447 Namiuhac
1003 4412 1031 4447 re
1046 4398 1173 4462 proprium
1189 4408 1229 4447 eat
1242 4394 1373 4448 πωπω
