2834 4759
56 210 163 256 scaras
178 191 239 277 1v.]
510 192 751 260 HECYRA.
1141 194 1205 260 547

72 325 327 393 sranManeo.
348 326 438 393 Pau.
449 327 677 395 Sictedixisse
685 331 812 416 opinor,
820 330 980 397 invenisse
990 329 1204 417 Myrrhinam,

99 424 297 492 Bacchidem
311 425 442 493 anulum
456 450 550 493 suum
564 427 697 494 habere.
730 427 972 495 Pas.Factum.
1006 427 1094 494 Pan.
1107 429 1204 508 Eum,

162 547 260 611 quem
275 524 349 591 olim
362 527 393 591 ei
409 527 504 607 dedi;

98 623 216 710 anue
225 625 291 691 hoc
303 626 424 691 temihi
434 626 586 691 nunciare
593 627 709 712 jussit:
725 628 810 691 itane
823 625 1022 691 estfactum?
1040 625 1125 692 Pan.
1136 626 1201 705 Ita,

163 726 304 812 inquam.
954 773 957 782 .

99 824 189 890 Pau.
206 825 291 900 Quis
305 848 357 890 me
371 836 422 891 est
435 823 640 901 fortunatior,
655 825 898 908 venustatisque
914 824 997 889 adeo
1011 823 1157 909 plenior?

99 923 207 1009 Egon’
222 936 255 989 te
269 946 330 1009 pro
344 924 407 989 hoc
421 926 539 990 nuncio
553 924 633 1008 quid
648 924 788 988 donem?
811 924 911 1008 quidl
934 924 1035 1009 quid?
1058 924 1177 989 nescio.

57 1035 88 1081 ιο
100 1021 189 1087 Pas.
203 1022 252 1088 At
266 1045 329 1107 ego
343 1023 420 1088 scio.
460 1021 548 1087 Pau.
567 1021 680 1095 Quid?
718 1021 803 1087 Pan.
820 1022 914 1087 Nihil
928 1023 1029 1089 enim:
1078 1074 1081 1081 .

99 1122 190 1187 Nam
201 1144 307 1207 neque
321 1122 354 1186 in
365 1122 493 1198 nuncio,
506 1143 611 1206 neque
624 1121 658 1184 in
668 1122 803 1206 meipso
818 1122 876 1185 tibi
887 1122 963 1186 boni
975 1121 1054 1207 quid
1066 1123 1118 1199 sit,
1129 1122 1205 1187 scio.

99 1220 192 1286 Pau.
208 1220 448 1306 Egone,quiab
456 1218 1206 1297 Orcomortuummeseduceminlucemfeceris,

99 1320 211 1384 Sinam
221 1321 289 1383 siue
298 1341 431 1384 munere
440 1342 461 1383 a
471 1340 522 1383 me
531 1319 640 1384 abiret
655 1317 710 1395 ah,
723 1319 852 1383 nimium
860 1341 911 1383 me
922 1319 1083 1403 ingratum
1094 1324 1205 1404 putas!

98 1418 169 1482 Sed
184 1417 382 1484 Bacchidem
395 1440 504 1483 eccam
518 1418 612 1481 video
628 1426 714 1481 stare
729 1426 804 1481 ante
820 1417 953 1481 ostium:

58 1530 87 1577 1⁵
99 1517 161 1583 Me
175 1527 356 1603 exspectat,
372 1517 487 1583 credo:
511 1516 620 1581 adibo.
658 1514 722 1579 ΒΑ.
740 1514 847 1592 Salve,
863 1514 1044 1600 Pamphile.

97 1616 190 1682 Pars.
202 1608 241 1680 '0
257 1615 408 1694 Bacchis,
422 1638 442 1680 o
455 1637 528 1679 mea
543 1613 693 1695 Bacchis,
711 1617 867 1681 servatrix
883 1639 964 1681 mea.

98 1716 167 1783 ΒΑ.
184 1715 276 1781 Bene
288 1714 420 1792 factum,
431 1713 643 1801 etvolupe'st.
678 1714 767 1779 Pru.
781 1714 902 1794 Factis,
915 1727 952 1780 ut
960 1716 1100 1795 credam,
1111 1715 1207 1782 facis:

98 1814 344 1900 Antiquamque
360 1815 443 1879 adeo
457 1824 547 1879 tuam
559 1825 764 1879 venustatem
777 1815 916 1892 obtines,

97 1912 1210 1999 Utvoluptatiobitus,sermo,adventustuus,quocunqucadveneris,

57 2027 89 2075 aa
100 2013 240 2097 Semper
262 2013 334 2077 siet.
372 2011 436 2077 ΒΑ.
453 2008 504 2076 Ac
519 2022 556 2077 tu
570 2023 698 2077 ecastor
719 2034 841 2077 morem
862 2013 1027 2097 antiquom
1049 2024 1146 2098 atque
1164 2014 1211 2078 in-

165 2112 297 2195 genium
310 2111 448 2189 obtines,

89 2248 112 2296 6.
125 2249 167 2296 δίε
184 2253 207 2294 ts
225 2248 311 2294 dicim
330 2244 420 2308 opinor]
448 2244 515 2293 Miro
535 2244 621 2294 affectu
654 2246 733 2294 nescit
750 2243 864 2307 illaque
878 2245 953 2308 cupit.
978 2246 1123 2308 D.-quas
1137 2248 1162 2294 ln
1178 2262 1212 2295 ma

57 2311 191 2369 inducitur,
203 2310 246 2359 vir
257 2309 548 2367 adduciadcredendum,
557 2310 622 2373 quod
653 2309 716 2373 ipso]
742 2310 791 2358 Ma.
820 2310 851 2359 lt.
874 2326 944 2372 acqua
966 2312 991 2357 s'a
1011 2312 1139 2373 memetipso
1161 2314 1211 2369 tibi,

57 2376 155 2441 gaudet,
165 2375 316 2439 Pamphilus
330 2375 435 2423 D.-Ne
443 2389 488 2438 pro
500 2375 621 2424 trochaico
653 2383 696 2424 etc.
726 2376 754 2423 L.

59 2442 102 2491 fist
121 2440 251 2499 iambicus,
268 2439 306 2489 vel
322 2439 417 2503 corrige
433 2442 493 2497 diae,
510 2440 549 2488 val
565 2456 622 2488 cum
689 2442 726 2489 12.
745 2438 829 2488 Editio
841 2448 887 2488 vet.
900 2448 926 2488 et
941 2452 1005 2488 unus
1016 2454 1030 2487 e
1041 2438 1110 2487 codd.
1128 2439 1212 2503 Regiis

58 2504 528 2569 codllsadlegeinversocrdine,Sic
538 2508 623 2553 diruas
655 2505 777 2581 recentior
799 2506 961 2579 recte,'Egon’
982 2512 1011 2561 ts,
1032 2508 1072 2567 qut
1093 2508 1123 2553 ab
1148 2508 1212 2554 Orco.

58 2570 285 2685 *iidioiua
307 2617 458 2693 anana
478 2651 543 2683 ‚aa
564 2652 622 2683 aa
656 2569 1212 2685 Ntt.¹tllttltt⁸tt⁵tttttda

60 2703 111 2750 lass.
128 2702 160 2753 B.
654 2699 774 2762 umnec]
787 2700 854 2747 Bene
864 2698 974 2747 additum
982 2703 1146 2757 estmactrs'a
1155 2718 1212 2749 mea.

91 2768 114 2818 7.
130 2768 181 2824 lta,
192 2763 297 2828 taqua]
312 2764 391 2820 Quasi
402 2764 620 2827 jamantsfassus,
652 2764 748 2825 Erlvt
760 2764 813 2813 edd.
826 2761 899 2827 vett.)
910 2780 966 2821 msa,
979 2763 1043 2827 quod
1057 2764 1213 2829 supradixit,

59 2830 113 2880 dico
127 2828 472 2895 (Qacss‘jcsalcsaatasdr‘cit).
496 2830 620 2878 D.-Duc
652 2829 823 2879 amatoriscst.
847 2829 879 2877 D.

60 2896 193 2947 massaris
207 2895 506 2958 verimllcqualsccsu‘na'
521 2902 544 2943 tc
560 2912 619 2943 aaa·
687 2894 725 2946 17.
748 2897 829 2943 Factis
850 2906 877 2942 ar
898 2896 989 2942 medam
1004 2892 1082 2958 sucta]
1105 2894 1212 2944 Difficile

58 2964 126 3011 ctare.
151 2962 182 3010 B.
652 2958 719 3009 enim
730 2958 1032 3019 erstcredere,lrisrabus
1046 2958 1214 3023 gaudereme·

91 3026 188 3081 8.qu
202 3022 443 3086 nesstfortrsrcts'cr,
454 3027 621 3088 mactatisque
652 3024 774 3074 ratricem.
798 3025 831 3073 D.

60 3095 115 3141 cdo
123 3090 249 3155 pleniori]
265 3091 305 3139 Ob
314 3090 433 3139 beneficia
443 3089 564 3146 Venerist
581 3090 621 3139 cui
688 3091 726 3139 19.
743 3088 984 3153 Utaclaptatlcditas]
994 3092 1076 3139 Obitus
1082 3103 1212 3139 occursura

59 3157 209 3206 mntrsrium
220 3155 405 3213 &undumeni
413 3163 498 3204 contra
506 3154 623 3203 reciderit
653 3158 681 3204 ol
697 3154 771 3213 enim,
789 3154 911 3231 significat
926 3164 1018 3203 corsua.
1052 3154 1118 3219 Ergo
1130 3158 1213 3215 clitus,

60 3217 192 3284 (uddsrlt)
214 3220 279 3285 qnod
301 3230 374 3269 amat.
408 3219 621 3269 D.-Veaartsttr-
653 3220 742 3269 aditus.
766 3220 1127 3285 Lapmreasotaatauobitse.
1156 3223 1213 3269 Oli·

60 3285 114 3349 que]
131 3287 164 3342 Ο,
177 3291 237 3335 Aur.
250 3284 468 3350 Symmach.lilai
489 3284 569 3348 Epist.
582 3284 621 3336 72.
655 3293 699 3343 tas,
720 3287 925 3345 amandarentur
949 3284 1015 3348 tuas]
1040 3285 1213 3345 Interolttasr,

61 3352 434 3407 &scedditsacctaatortcsts
445 3349 622 3412 quorumdum
654 3363 680 3399 et
689 3353 810 3399 ammam
822 3350 867 3398 hoc
879 3350 995 3399 interest:
1013 3350 1077 3413 quod
1085 3352 1160 3399 obitus
1168 3360 1213 3409 eat,
1252 3383 1256 3392 ·

61 3419 116 3465 atti
134 3419 214 3466 conici
236 3418 384 3465 dckmmtir
404 3431 456 3463 cccc
478 3417 622 3463 clamandam
653 3431 726 3478 quem
737 3431 808 3465 casus
817 3414 902 3464 uffart:
919 3417 1036 3476 adustus,
1045 3431 1118 3479 quem
1126 3415 1213 3465 volun-

60 3489 101 3538 sat,
114 3482 173 3535 Quis
183 3498 218 3529 use
228 3478 442 3542 lcdtesortmratr'cr
452 3483 621 3543 mnusque
653 3491 691 3529 tas
702 3490 728 3529 et
743 3480 879 3531 destinatus
891 3480 966 3529 locus.
989 3481 1055 3530 D.-
1060 3484 1092 3530 Ut
1101 3484 1214 3543 voluptati

61 3548 116 3595 adso
127 3549 238 3608 platos?
256 3544 342 3601 Aliter,
358 3544 402 3593 sed
419 3544 491 3600 male,
510 3544 622 3593 Terentii
653 3543 962 3608 obituarcrmcmdseatar]
975 3544 1150 3609 singularum.
1179 3546 1213 3595 Et

61 3609 140 3660 lucram
162 3612 229 3660 Non.
253 3609 387 3659 Marcellus
407 3608 492 3658 laudat
513 3608 541 3659 in
562 3625 622 3659 vocs
653 3620 691 3659 est
707 3626 809 3659 seuam:
837 3613 869 3659 Ut
885 3612 997 3671 voluptati
1012 3614 1044 3659 sit
1062 3628 1134 3659 sermo
1152 3618 1212 3661 tuus

65 3677 178 3725 γείνεαι
202 3676 231 3725 L.
655 3675 738 3725 Oditur
752 3684 834 3724 autem
846 3676 972 3725 abscessus
974 3672 1097 3787 dmm
1115 3674 1156 3737 Z.)
1167 3688 1212 3735 est,

93 3742 115 3790 9.
136 3740 200 3795 Quid
215 3744 316 3790 doum
337 3743 412 3803 qaid?
435 3742 511 3803 qaid?
533 3738 620 3803 audo]
653 3741 684 3789 ab
703 3756 733 3789 eo
751 3740 815 3804 quod
833 3748 870 3789 est
886 3743 946 3789 oleo.
998 3740 1087 3789 .-Pro
1103 3743 1213 3789 aduentu

62 3802 229 3867 Μιλλησμόςε
258 3816 294 3864 ut,
312 3804 415 3854 AEuvi.
434 3806 490 3853 632.
509 3807 621 3868 Pelagine
652 3820 739 3855 sensus
755 3806 842 3855 suadet
860 3807 952 3867 affatu.
986 3805 1051 3853 Nam
1068 3804 1131 3853 male
1148 3805 1209 3869 Syn-

61 3874 122 3919 καὶ
140 3874 256 3921 erroribus
275 3876 362 3920 actast
377 3872 620 3919 sumundum?
652 3886 741 3934 onyma
771 3873 845 3919 obitas
874 3879 899 3918 et
920 3872 1031 3919 adamtas
1058 3880 1211 3933 separantur.

62 3951 91 3982 ca
101 3952 151 3998 pao
167 3944 190 3986 ts
202 3934 301 3999 satana
312 3934 412 3999 fatigat,
429 3937 461 3984 Ut
477 3938 556 3984 trista
571 3938 620 3985 alac
652 3934 746 3990 Quodsi
757 3934 833 3998 igitur
844 3944 951 3983 noemam
964 3934 1083 3983 rationem
1094 3935 1212 3996 aequeris,

61 4002 105 4048 asle
119 4005 262 4059 domoqlcca
277 4004 379 4058 turbido,
389 4003 488 4049 adires?
514 4000 619 4049 n-Ne
651 3998 771 4064 gradatim
798 3998 908 4065 procedit
935 3998 1063 4047 sententia.
1111 3998 1212 4051 Etenim

61 4066 221 4177 ddm‘pedq
231 4066 318 4115 claudo
334 4064 505 4178 incedhpptlege
516 4081 548 4146 ers
563 4081 621 4178 nolq·
652 4082 725 4178 alelmo
741 4064 775 4177 ag
784 4080 876 4123 omnes,
888 4064 931 4113 sed
941 4066 1027 4126 affatur
1043 4063 1074 4113 ad
1091 4062 1157 4113 hunc
1173 4064 1212 4115 vel

92 4145 187 4179 rumve
371 4149 384 4179 ο
454 4148 563 4179 casamo.
612 4166 619 4178 .
652 4146 659 4177 ι
680 4146 729 4178 um.
776 4165 782 4176 .

96 4134 332 4259 lluNfflquUgeop:
340 4148 440 4258 ἵπποιο]
460 4196 542 4259 Magis
557 4195 620 4245 scire
684 4192 963 4257 radamantum]
984 4194 1021 4243 Re
1052 4194 1211 4244 exitadver·

64 4258 121 4317 vult,
134 4276 205 4323 quam
224 4276 314 4309 munus
331 4259 449 4323 accipere.
476 4263 538 4309 Nam
548 4278 619 4323 aequa
651 4276 706 4309 sum
724 4259 800 4308 Ennii
818 4259 858 4307 lib.
872 4275 894 4307 v.
908 4258 998 4307 rinnai.
1054 4264 1130 4310 oritas
1148 4265 1211 4309 cnti-

64 4324 88 4369 in
103 4328 271 4389 summeque
289 4331 314 4374 r'a
333 4342 367 4374 me
384 4328 564 4388 ipsatcm'qsld
577 4329 617 4383 stt,
650 4330 701 4387 qais
723 4342 760 4373 ras
781 4332 830 4373 stat
852 4328 962 4383 mmm,
984 4327 1113 4389 circaque.-
1139 4342 1211 4389 quern

64 4389 120 4452 scio]
138 4390 225 4440 Facete
236 4391 288 4455 agit
298 4390 445 4440 Terentius:
464 4401 618 4453 quantoma·
650 4390 727 4439 citant
745 4390 832 4439 Cicero
849 4390 890 4439 lib.
909 4406 931 4438 v.
951 4390 981 4439 dc
1000 4390 1062 4457 llsp.
1080 4391 1210 4455 Augustis.

64 4452 100 4511 gis
119 4454 236 4505 Parmeno
258 4456 369 4506 curiosus
388 4466 431 4514 est,
451 4465 519 4505 tanto
541 4456 618 4519 magis
652 4456 734 4519 Epire.
760 4456 800 4505 lib.
824 4455 848 4504 ii.
873 4470 925 4519 cap.
948 4456 986 4504 21.
1011 4456 1041 4506 de
1061 4456 1133 4506 Civit.
1155 4454 1210 4505 Dei.
