2834 4759
205 154 276 220 ’486
652 148 930 219 TERENTII
1190 152 1310 237 [soros
1326 174 1362 217 ιι.

253 288 310 353 Tu
325 287 454 353 nescis?
491 286 547 353 So.
564 286 654 366 Non,
669 288 716 352 its
728 311 781 354 me
795 288 841 353 Di
855 298 973 361 ament,
989 288 1034 352 mi
1048 285 1197 353 Laches:

212 398 243 447 to
254 386 369 470 ltaque
384 408 449 450 una
463 386 623 451 internos
642 408 740 471 egere
756 397 884 451 etatem
898 386 1003 451 liceat.
1043 384 1107 450 La.
1125 385 1171 450 Di
1186 385 1274 451 mals
1287 408 1362 471 pro-

316 484 462 549 hibeant.

251 583 309 648 So.
340 582 465 667 Meque
493 582 552 647 sbs
581 592 614 647 te
642 582 800 648 immerito
827 604 901 649 esse
929 594 1124 662 accusatam,
1152 584 1366 668 postmodum

258 732 263 737 .
316 681 483 746 rescisces.
523 679 589 745 ln.
604 680 697 745 Scio:

253 778 306 843 Te
329 779 510 843 immerito?
533 801 575 841 sn
597 780 770 863 quicquum
792 802 853 865 pro
876 780 946 845 istis
969 778 1064 845 factis
1087 780 1221 865 dignum
1241 790 1278 845 te
1301 780 1367 845 dici

221 883 226 937 ζ
318 880 450 963 potest?
1089 940 1091 945 .

254 974 341 1049 Qum
355 996 418 1053 me,
433 985 468 1038 et
482 984 526 1052 te,
542 985 576 1039 et
591 973 741 1039 familiam
755 974 952 1039 dedecores:
976 972 1044 1038 filio
1059 971 1181 1038 luctum
1196 994 1319 1058 paras:

221 1129 226 1141 .
253 1070 342 1139 Tum
356 1084 475 1151 autem,
491 1096 533 1139 ex
548 1074 657 1139 :amicis
672 1074 788 1137 inimici
803 1084 841 1138 ut
854 1074 918 1147 sint
932 1074 1026 1139 nobis
1040 1072 1164 1150 affines,
1179 1072 1283 1150 fecis;

213 1185 243 1232 ιι
256 1171 324 1245 Qui
337 1169 427 1235 illum
442 1171 618 1235 decrerunt
632 1171 777 1256 dignum,
794 1194 870 1235 suos
886 1172 939 1236 cui
952 1170 1072 1236 liberos
1087 1172 1353 1237 committerent?

254 1268 310 1335 Tu
326 1270 395 1336 sola
408 1291 556 1347 exorere,
571 1292 645 1354 qnoe
657 1269 830 1353 perturbes
844 1270 927 1348 haec,
943 1280 1001 1335 tua
1015 1269 1225 1354 impudentia.

222 1398 228 1403 ’
256 1368 312 1433 So.
342 1368 484 1453 Egone?
532 1367 596 1432 La.
622 1368 690 1445 Tu,
719 1369 860 1453 inquam,
889 1368 1014 1445 mulier,
1044 1389 1118 1453 quie
1149 1390 1200 1432 me
1233 1370 1369 1435 omnino

222 1469 227 1477 '
318 1466 470 1552 lapidem,
486 1488 550 1530 non
564 1464 726 1531 hominem
741 1477 848 1551 putas.

211 1648 252 1683 roe
267 1632 419 1697 septenarios
433 1631 514 1681 locum
529 1632 770 1681 noncommodeob-
803 1650 839 1681 sno
862 1632 921 1694 Z.):
946 1640 1061 1695 nepotes,
1084 1633 1148 1695 quod
1173 1633 1310 1682 bocetum
1334 1644 1372 1683 est

211 1699 297 1747 tinent.
327 1699 498 1747 Atexnostrt
508 1697 604 1745 radone
618 1696 772 1762 septenarius
803 1696 934 1761 corporale.
959 1698 1084 1750 m-osa
1094 1696 1372 1759 mettense-tna·

210 1762 386 1812 eumeleusult
396 1761 522 1811 familiaris
533 1761 701 1811 est'l'ereotio.
720 1762 770 1810 Re·
803 1765 938 1811 dedecora:
957 1766 1009 1823 filio
1029 1766 1114 1811 lutose
1133 1762 1218 1827 pass]
1245 1763 1297 1811 Hic
1318 1766 1371 1826 J'am

211 1827 283 1941 posui
293 1831 396 1881 mecine:
413 1827 471 1889 quia
478 1840 535 1891 post
544 1826 704 1875 indicativum
716 1842 770 1875 ver-
803 1826 916 1891 specialis
932 1827 1053 1876 renuntio
1064 1838 1102 1875 est
1117 1826 1195 1892 ipsius
1212 1828 1238 1875 in
1257 1830 1372 1877 Seserem

229 1908 278 1951 um,
288 1892 353 1955 quod
364 1891 490 1953 repetitur,
502 1890 564 1940 solet
578 1891 605 1939 in
615 1892 771 1954 conjunctivo
803 1890 943 1955 (Sostratum
961 1892 1009 1954 Z.),
1033 1892 1063 1941 ab
1085 1891 1124 1940 his
1146 1892 1227 1949 rebus,
1248 1908 1306 1955 quae
1330 1909 1370 1941 se-

211 1957 278 2022 poni.
302 1956 399 2005 Deinde
409 1956 470 2004 illud
480 1974 524 2005 sets
533 1972 588 2005 cum
597 1966 692 2019 septem
700 1956 770 2005 codd.
803 1967 918 2019 quuntur,
938 1956 984 2005 hoc
1004 1967 1048 2015 cst,
1069 1972 1123 2019 quse
1145 1956 1171 2005 in
1194 1956 1285 2006 affectu
1306 1958 1372 2021 (psa

211 2022 291 2079 omisi,
305 2022 363 2085 quis
378 2020 461 2070 sensui
475 2020 556 2069 officit.
585 2021 771 2070 Nammcum
803 2024 908 2069 oriuntur
923 2024 954 2069 ab
964 2024 1048 2083 ᾔκειν
1066 2020 1108 2084 Z.)
1124 2032 1181 2085 post
1192 2021 1314 2085 jurgium.
1341 2023 1371 2070 tt.

211 2088 417 2149 neoeoejuuctunt
425 2085 507 2150 signif.
516 2090 590 2136 scire:
607 2086 673 2149 quod
683 2086 714 2135 sb
725 2086 771 2135 hoc
802 2085 902 2134 -lllud
913 2103 997 2135 omnem
1007 2096 1063 2151 post
1067 2084 1192 2149 familiari,
1204 2088 1271 2149 quod
1282 2098 1371 2136 sueto·

211 2151 266 2200 loco
276 2152 439 2201 estslieoum.
462 2151 490 2200 B.
804 2150 877 2199 ritate
900 2150 984 2199 Bemb.
1005 2150 1099 2215 recepit
1126 2151 1243 2209 Faernus,
1272 2153 1372 2216 respuit

245 2218 267 2266 9.
292 2219 352 2274 Nos,
374 2220 410 2265 ita
431 2232 467 2264 ms
489 2218 523 2264 Di
546 2219 600 2264 liene
621 2221 715 2265 ussat!
741 2219 773 2264 mi
804 2226 916 2273 metrum,
928 2216 997 2264 codd
1010 2216 1091 2264 ceteri
1103 2216 1267 2273 omittunt,et
1280 2232 1371 2265 semiss

211 2282 313 2345 Laia]
326 2281 402 2330 Modo
417 2285 449 2329 ιιιί
464 2282 662 2329 Loeleenonest
677 2280 772 2329 blandi·
804 2280 910 2329 damnat.
939 2280 1004 2329 Nem
1013 2280 1184 2343 meissasniit'n
1194 2281 1372 2345 complectitur

213 2346 284 2404 ontis,
296 2347 341 2395 sed
356 2347 409 2408 ejus
424 2345 466 2409 qui
482 2344 633 2410 periclitetur
648 2344 771 2394 innoxius.
804 2360 888 2394 servos
904 2354 929 2393 et
944 2344 1053 2403 sncillts,
1070 2355 1098 2393 ut
1114 2345 1184 2394 Adel.
1197 2360 1220 2393 v.
1234 2346 1256 2397 7.
1273 2348 1312 2394 1².
1326 2347 1371 2395 sed

212 2414 273 2468 Nos,
294 2415 330 2460 lta
350 2428 385 2460 ne
405 2414 439 2458 ot
458 2413 513 2459 bens
530 2406 636 2471 amenti]
653 2408 772 2472 Ἀτεχνοι
796 2408 893 2471 satellis
909 2410 949 2458 hic
965 2409 1055 2459 dicitur
1068 2409 1100 2458 de
1115 2424 1213 2474 genere,
1225 2420 1252 2459 et
1269 2412 1371 2473 mejeri·

212 2476 293 2525 eloris
309 2491 354 2540 per
368 2474 545 2537 jusjurandum.
573 2476 773 2532 NmitasseDt’
804 2475 855 2523 bus
881 2474 908 2523 B.

213 2543 268 2589 bene
279 2540 383 2605 emti]
402 2538 660 2595 Animadvertendum,
676 2549 772 2589 veteres
838 2541 874 2588 15.
892 2541 1001 2601 Dignum,
1017 2556 1070 2589 tuoe
1085 2543 1123 2589 cst·
1139 2543 1222 2589 liberos
1240 2546 1370 2590 connitu-

212 2620 262 2653 non
281 2605 363 2653 minm
380 2602 528 2667 εὐφημισμὸν
546 2604 572 2651 in
591 2602 679 2661 verbis,
698 2619 771 2667 quum
802 2603 866 2666 rent]
892 2604 1001 2653 Multum
1026 2614 1149 2664 sonanter,
1168 2614 1193 2653 et
1215 2608 1371 2655 sccrtsstorio

212 2667 366 2730 κακέμφατον
380 2668 531 2732 neglexisse:
549 2668 617 2717 velut
632 2668 680 2727 hio,
692 2672 727 2718 ito
738 2686 772 2719 ms
803 2668 914 2733 strepitu,
923 2684 968 2717 nec
975 2669 1136 2719 masculinum
1144 2684 1230 2734 genus,
1237 2685 1286 2719 uec
1295 2671 1371 2719 lerni-

213 2736 248 2782 Ds‘
260 2737 415 2783 becennest!
440 2733 472 2780 D.
804 2732 889 2782 ninum
905 2734 1000 2800 posuit:
1017 2750 1063 2783 nec
1079 2750 1153 2783 unum
1172 2734 1254 2795 (udde,
1269 2736 1370 2799 filiu),

247 2800 284 2846 10.
297 2797 392 2862 Itaque]
405 2798 544 2847 Mododuoe
554 2807 637 2861 partes
647 2808 706 2847 sunt
717 2815 771 2848 ors·
804 2798 847 2846 sed
862 2798 957 2848 liberos.
992 2798 1300 2857 sententiantes.
1331 2805 1370 2851 Ba

213 2862 295 2912 tionis.
334 2866 368 2912 Ds‘
384 2866 447 2912 mla
465 2866 601 2926 prohibeant
608 2862 632 2926 l]
655 2863 772 2913 seniliter
804 2867 841 2911 eni
858 2872 907 2913 tuot
924 2866 1006 2912 liberos
1021 2868 1154 2923 committas,
1171 2880 1247 2927 quum
1267 2866 1299 2914 de
1319 2882 1371 2915 uno

212 2927 265 2976 odit
275 2943 384 2987 uxorem,
396 2931 466 2990 cujus
479 2942 547 2976 emor
558 2928 672 2991 optabilis
682 2928 731 2976 fuit
745 2928 772 2977 iu
803 2938 905 2993 ageret:
931 2938 962 2986 et,
986 2930 1103 2977 Habemus
1127 2932 1186 2977 ειιὶιιι
1214 2932 1307 2989 utem,
1339 2932 1370 2980 de

213 2993 383 3042 adolescentis.
422 2996 456 3041 Di
473 2996 535 3041 malo
551 2992 718 3056 prohibeantl]
737 2993 773 3041 Ut
803 2992 891 3056 puelle.
927 2993 1042 3056 Dignum]
1066 2994 1107 3041 Sic
1128 2994 1192 3043 dixit
1213 2998 1318 3057 dignust,
1341 3006 1369 3045 nt

212 3073 262 3107 una
273 3057 393 3123 internos
404 3073 504 3121 mutus
514 3068 618 3107 estatem.
643 3058 674 3106 D.
803 3056 903 3107 honoris
918 3072 996 3121 genus
1012 3058 1051 3117 sit,
1068 3058 1178 3123 accipere
1194 3074 1299 3108 tutomm
1315 3076 1369 3109 ms-

246 3124 284 3171 11.
296 3126 440 3172 Postmodum
449 3122 569 3185 remeet]
583 3122 644 3171 Hteo
652 3123 730 3186 figura
742 3122 772 3171 sb
804 3122 889 3171 ruisse.
907 3126 963 3172 Suet
974 3125 1012 3171 cui
1020 3125 1102 3172 liberos
1109 3124 1289 3188 mmmitlcrmt]
1302 3126 1370 3173 Nota

212 3188 347 3236 oratoribus
359 3184 503 3248 ἐπάγγελμα
516 3186 671 3236 nominetur:
687 3186 774 3249 inqua
805 3186 894 3235 liberos
905 3188 931 3235 in
942 3187 1120 3251 significatione
1131 3188 1205 3236 etism
1214 3187 1292 3239 unius
1303 3190 1368 3239 filie.

213 3250 306 3314 aliquid
316 3251 481 3315 promittimus
493 3252 617 3314 iudicibus
629 3268 673 3300 nos
679 3252 771 3363 probe·
806 3252 974 3315 D.-Dt'gnset
991 3256 1144 3309 demunt,
1160 3269 1213 3301 tuos
1229 3258 1269 3301 eus*
1286 3258 1370 3303 Esne:

213 3326 289 3374 turos,
306 3331 380 3378 quum
397 3317 535 3373 metuimus,
547 3332 579 3365 ne
595 3316 678 3379 quidi
697 3316 719 3365 is
736 3327 773 3365 te·
804 3316 979 3380 committerent]
1002 3317 1089 3379 Ejectu
1105 3316 1239 3377 (Sciendum
1262 3319 1306 3381 Ζ.)
1325 3332 1369 3378 est,

212 3382 481 3493 :struunt
502 3380 773 3509 nm]
804 3382 1370 3511 nattum:

212 3510 277 3571 quod
292 3509 324 3558 de
339 3510 459 3558 industris
473 3510 627 3570 celatur,vix
643 3526 769 3575 trgumen·
804 3511 1040 3575 ereversntdt'gnm]
1053 3512 1121 3561 Serv.
1134 3512 1190 3560 AEn.
1203 3528 1228 3561 x.
1242 3516 1300 3563 5³2
1325 3516 1353 3563 1.

214 3585 294 3623 mrum
314 3574 337 3622 ri
357 3575 502 3638 agnoscitur.
535 3576 663 3625 D.-Cum
686 3576 770 3624 Bemls
840 3576 876 3624 16.
891 3578 982 3625 runata
992 3576 1097 3641 worm]
1111 3576 1232 3641 Emergis,
1241 3579 1368 3644 reperiris.

212 3638 259 3702 leg.
276 3642 396 3702 mnodo,
412 3639 476 3703 quod
493 3654 577 3689 versus
590 3640 675 3705 exigit.
708 3640 773 3689 Tum
805 3641 914 3690 Verbum
925 3641 971 3689 hoc
983 3641 1159 3706 impudentium
1170 3651 1248 3691 notat.
1273 3644 1368 3703 cinno,

212 3704 274 3753 illud
284 3708 338 3762 ecio,
349 3720 405 3752 cum
421 3704 483 3753 insto
499 3705 552 3753 seni
568 3721 619 3753 non
634 3706 771 3762 conveniat,
804 3720 848 3769 pro
861 3705 941 3755 Deiot.
956 3707 976 3754 l.
993 3708 1095 3755 Exortus
1103 3714 1138 3756 est
1148 3723 1234 3766 mse,
1246 3712 1297 3773 qni,
1305 3727 1369 3772 que·

213 3769 293 3818 tribue
313 3770 361 3834 ipsi
382 3770 510 3818 Sostrate:
531 3770 592 3819 adeo
613 3780 642 3819 ut
663 3770 772 3819 absolute
804 3774 915 3819 isoceles
928 3774 1045 3833 appellare
1061 3788 1105 3819 nos
1122 3782 1267 3833 postetam
1279 3782 1369 3823 ncemet

212 3843 331 3899 pontum,
349 3844 377 3883 ut
388 3834 458 3883 Adel.
470 3834 503 3882 iv.
518 3836 538 3882 l.
553 3837 590 3883 lo.
613 3836 642 3884 Β.
804 3838 898 3884 solunte.
915 3835 1029 3900 Eemers]
1042 3834 1143 3885 Existis.
1161 3838 1259 3885 Eros-iri
1270 3838 1367 3895 dicitur,

249 3900 285 3947 12
295 3903 392 3963 Anqsie
467 3898 658 3963 montisfortis]
666 3900 771 3957 Amare:
805 3899 846 3963 qui
863 3914 912 3948 non
924 3912 1080 3964 exspectatus
1098 3901 1193 3950 invadit
1209 3902 1237 3950 in
1253 3902 1367 3967 aliquem.

213 3916 460 4027 πρὸηοσδοκῖἴ
459 3964 492 4013 D.
805 3965 920 4014 D.-Pro
936 3968 1077 4027 impudentia
1094 3975 1143 4015 tres
1153 3966 1224 4016 codd.
1240 3978 1310 4017 recte
1326 3974 1367 4016 in·

249 4030 285 4077 1³.
300 4028 653 4092 Quamc,etts,etsnns’ls'sss]
670 4030 772 4078 Jsmsio
802 4034 934 4091 prudentio,
951 4032 982 4079 ob
998 4045 1103 4089 versum,
1119 4040 1144 4079 et
1160 4046 1268 4081 sensuro.
1306 4034 1368 4083 Nem

212 4103 317 4168 accuset,
333 4094 401 4169 qpssi
418 4094 558 4158 probaverit
569 4094 676 4143 crimen:
694 4104 720 4143 et
736 4105 775 4143 est
805 4094 905 4169 humani
914 4095 961 4143 viri
970 4110 1020 4144 non
1030 4105 1074 4155 est,
1084 4110 1186 4144 uxorem
1197 4096 1368 4161 impudentem

215 4157 564 4287 lingchefixcdssratildtslfiidd
570 4158 775 4288 ἵζιῑὲιζηαςὲζαέ]
808 4158 1051 4288 megenum,
1066 4228 1154 4283 mulier,
1166 4242 1217 4289 με
1235 4244 1271 4277 ste
1283 4231 1369 4276 mist

214 4285 292 4333 latur:
310 4302 426 4349 quumex
437 4289 702 4339 unomsleflciomulta
731 4298 776 4337 unt
808 4290 914 4351 lapideus,
931 4306 975 4338 non
991 4294 1100 4339 Ιιοιιιιιιιιι
1119 4290 1203 4353 putes]
1226 4294 1261 4341 Tu
1281 4296 1367 4349 mlier,

215 4350 247 4398 ab
257 4351 393 4401 oratoribus
403 4353 513 4403 cnmins,
542 4352 773 4417 mmmmmdc-
808 4352 912 4416 ἔμφασιν
932 4354 1032 4403 mslitiae
1052 4356 1137 4405 habes:
1162 4366 1188 4404 et
1204 4357 1308 4409 omnino
1326 4372 1366 4407 ex·

214 4423 313 4477 muter,
325 4418 390 4481 qued
403 4418 533 4470 honesntm
544 4427 582 4467 est
592 4416 674 4484 (adde,
686 4422 711 4468 ι’»
722 4423 774 4468 am'·
806 4418 1086 4484 pressioconsuetudinis
1091 4420 1162 4471 estad
1168 4420 1368 4487 indignationem.
