2834 4759
223 164 284 227 168
652 158 934 225 TERENTII
1209 157 1336 241 [accus
1354 176 1394 218 rr.

220 310 251 356 rt
264 297 328 361 Ca.
344 295 488 361 Verum:
512 297 675 380 parasitus
690 316 764 359 cum
779 293 904 359 ancilla.
944 292 1032 357 Pan.
1049 292 1185 377 Ipsa’st:
1208 290 1310 355 ilicet.

265 394 407 458 Desine:
427 394 496 478 jam
510 392 795 457 conclamatum'st.
834 392 898 456 Cn.
916 390 1009 456 Alias
1024 412 1077 455 res
1093 392 1173 476 agis.

264 492 350 556 Pau.
368 490 458 555 Istuc
471 514 533 576 ago
549 491 690 575 quidem.
730 490 793 553 Cu.
810 490 940 553 Nostin’
956 512 1030 574 quae
1046 490 1109 553 sict
1133 489 1186 552 dic
1200 487 1300 551 mihi:

263 588 334 654 Aut
349 589 511 653 vidistin’l
550 589 637 653 Pan.
655 587 746 665 Vidi,
762 589 847 665 novi,
865 590 943 663 scio,
958 610 1024 671 quo
1040 587 1183 651 abducta
1197 588 1250 650 sit.

264 688 328 751 Cu.
354 686 443 765 Eho,
468 686 630 751 Parmeno
653 687 707 764 mi,
727 686 865 751 nostin’l
902 684 989 749 Pan.
1013 684 1114 749 Novi.
1153 684 1217 748 Cu.
1236 684 1286 749 Et
1309 686 1403 760 acis,¹

329 786 387 849 ubi
401 785 487 849 siet?

222 883 443 948 topiariae
456 882 639 947 deducta’st
648 883 689 946 ad
702 882 903 945 meretricem
913 880 1095 946 Thaidem:
1111 883 1142 946 ei
1154 882 1241 946 dono
1252 881 1396 945 data'st.

266 982 330 1045 Cu.
343 981 428 1053 Quis
438 982 465 1045 is
477 992 528 1045 est
539 993 604 1045 tam
614 991 732 1064 potens
745 1002 819 1044 cum
830 990 920 1045 tanto
932 1002 1065 1045 munere
1077 980 1159 1045 hoel
1183 979 1270 1043 Pan.
1285 978 1395 1043 Miles

330 1080 475 1156 Thraso,

266 1179 429 1243 Phoedriae
444 1176 562 1241 rivalis.
600 1178 664 1241 Cu.
682 1178 795 1243 Duras
812 1176 920 1241 fratris
937 1187 1047 1261 partes
1064 1176 1235 1260 praedicas.

267 1278 354 1342 Part.
370 1275 471 1341 Immo
494 1277 590 1353 enim,
616 1277 644 1339 si
671 1277 766 1352 scias,
790 1276 880 1359 quod
906 1274 1028 1339 donum
1054 1274 1130 1339 huic
1156 1276 1243 1339 dono
1269 1286 1396 1339 contra

331 1385 515 1460 comparet:
798 1378 801 1383 '

223 1518 277 1551 ease
292 1510 429 1566 cogncmat.
458 1500 579 1549 E.—Non
595 1500 731 1565 interrogat
746 1501 787 1550 hic
820 1516 893 1564 qnam
904 1500 1112 1564 interrogabatur:
1130 1499 1209 1557 credo,
1222 1499 1297 1547 tedio
1308 1500 1397 1549 inter·

224 1583 317 1625 versus,
340 1566 376 1614 uti
395 1568 507 1614 Donatus
523 1565 645 1628 opinatur,
665 1567 709 1614 aed
729 1582 787 1614 corr·
820 1566 944 1629 rogantia;
962 1581 1018 1613 nam
1035 1574 1157 1629 proptera,
1173 1574 1200 1612 ut
1218 1566 1334 1613 dicturus
1355 1578 1398 1614 eat

220 1633 311 1693 iectat3
328 1630 541 1693 quiaChaereares
576 1630 641 1689 ndet,
654 1632 744 1680 Veram.
759 1632 787 1679 Β.
822 1630 888 1690 (edd
902 1632 1124 1679 Venatductarar
1141 1638 1185 1677 est.
1204 1630 1284 1691 Lege:
1303 1638 1328 1677 et
1342 1634 1396 1677 ita-

258 1698 296 1743 55.
318 1697 535 1757 Varam,paracitaa
564 1696 653 1753 Verum,
664 1695 738 1743 modo
750 1695 788 1743 in·
821 1704 913 1744 rasert.
938 1694 994 1743 Via
1008 1694 1286 1754 normaniam),
1299 1694 1333 1741 ad
1347 1695 1396 1743 de-

224 1760 320 1824 ceptiva
333 1770 439 1818 estnon
454 1758 557 1807 relativa
571 1760 705 1823 particula;
724 1760 788 1808 utin
822 1760 959 1808 ducendum
978 1759 1115 1807 eunuchum
1139 1760 1169 1805 ad
1189 1757 1311 1806 Thaidem
1332 1776 1397 1807 cum

225 1824 327 1881 Andria,
344 1827 426 1872 Verum
436 1826 484 1871 cidi
497 1826 636 1872 Cantharam
649 1826 786 1885 suffarciret·
820 1824 909 1873 ancilla
919 1840 950 1871 ex
962 1822 1096 1887 AEthiopia
1114 1826 1166 1871 Scia
1176 1840 1219 1885 qua
1229 1824 1335 1871 abducta
1346 1823 1397 1887 ait]

226 1896 280 1937 tani.
294 1889 414 1950 D.—1pra
424 1897 465 1944 ert,
475 1888 550 1951 ilicet]
563 1889 666 1943 Quoties
674 1904 748 1937 causa
758 1890 788 1938 ab
822 1888 1114 1945 Secundadrccrdrmau.
1145 1888 1175 1935 D.

225 1954 361 2002 oratoribus
377 1952 671 2014 liniebatur,eta5udice
687 1964 787 2002 senten·
854 1955 893 2002 59.
911 1956 968 2010 Eia,
981 1957 1094 2002 Parmeno
1114 1956 1153 2008 rnr',
1168 1954 1272 2000 nartin’?
1301 1959 1326 2000 et
1347 1957 1399 2002 aeia

226 2018 261 2065 tia
281 2017 339 2066 ferri
360 2018 478 2066 habuerat
500 2019 618 2075 (desierat.
652 2018 710 2067 Nisi
732 2034 788 2066 cum
821 2018 947 2079 abiciatt]
963 2016 1088 2066 Amatorie
1100 2016 1400 2081 satisrepetuntur,quae

226 2081 347 2131 Westerh.
370 2082 448 2140 malis,
464 2080 565 2143 serenda
587 2086 637 2130 lata
661 2091 713 2130 erat
738 2084 787 2145 Z.),
821 2083 897 2131 semel
906 2082 970 2130 dicta
978 2082 1133 2157 suffecerant.
1149 2081 1315 2156 l).—Syllnba
1324 2082 1399 2131 ultra

225 2146 789 2275 111ῗεῖξὲἓξωεζῗὲἑέῗὲῧὲἒςξῗέῐοίιὲἰ
820 2146 1196 2273 1111915313ἓὲεέἳοῖ
1195 2162 1288 2259 ΤΤ
1299 2147 1401 2275 hrt:

226 2278 312 2341 plena.
337 2278 366 2325 E.
821 2276 917 2325 sublato
934 2277 1045 2333 illoaarrr',
1058 2286 1083 2323 et
1100 2285 1177 2323 totum
1189 2291 1288 2323 versum
1306 2276 1398 2325 tribue

259 2343 298 2390 aa
316 2344 370 2390 Jara
384 2344 547 2390 conclamatam
563 2332 609 2403 eat]
629 2341 789 2390 Transactum
822 2341 937 2389 Charete.
956 2340 1000 2388 Uti
1009 2350 1046 2389 est
1055 2340 1119 2404 apud
1132 2340 1263 2389 Donatum.
1294 2341 1324 2388 Β.

226 2422 255 2454 ac
270 2406 380 2462 linitumr
404 2416 432 2454 ut
446 2405 596 2453 conclamata
611 2422 714 2470 corpora
728 2405 790 2455 nihil
856 2407 894 2453 60.
912 2408 966 2454 Huc
977 2408 1120 2455 deductam
1137 2408 1169 2452 ad
1183 2404 1342 2468 meretricem]
1365 2407 1403 2455 Et

227 2470 315 2534 reliqui
327 2472 379 2532 jam
397 2471 488 2518 habent
502 2470 601 2518 adulte
614 2471 700 2518 officia.
731 2474 789 2519 Cen·
822 2470 868 2519 hoc
890 2470 1018 2518 confundit
1040 2469 1123 2527 semel,
1147 2472 1226 2531 (simul
1248 2469 1290 2531 Ζ.)
1314 2486 1402 2532 quum

227 2538 348 2583 clamatum
363 2532 410 2597 est]
429 2534 590 2583 Manifestum
606 2534 736 2597 significat,
752 2534 789 2599 ip·
823 2534 954 2583 acervatim
971 2534 1038 2592 dicit,
1056 2534 1123 2583 velut
1142 2534 1198 2582 odio
1214 2534 1402 2597 interrogantis

227 2615 278 2648 sam
294 2599 360 2647 idem
371 2602 387 2633 ¹
400 2599 517 2662 (eandem)
533 2615 594 2657 csse,
607 2599 646 2647 vel
663 2600 791 2664 pulchram
823 2599 914 2664 sepius
931 2608 957 2647 et
972 2598 1128 2648 festinatione
1144 2599 1175 2647 ad
1189 2599 1305 2647 mandata
1317 2600 1399 2649 Phae·

227 2680 295 2721 eaae;
318 2664 375 2728 quia
391 2674 417 2713 et
432 2664 485 2728 ipse
499 2663 597 2711 dixerat
613 2664 686 2726 (lege,
700 2668 790 2725 velpa·
824 2664 884 2712 driae
895 2664 1041 2727 peragenda.
1070 2664 1102 2711 1).

227 2732 296 2778 ellam
310 2732 405 2786 accede
419 2732 526 2803 quaipre
542 2732 642 2787 dixerat,
655 2728 701 2777 vid
718 2744 793 2791 supra
857 2730 896 2777 62
907 2732 1023 2777 Ptaartae
1038 2727 1132 2791 rivalis]
1156 2729 1219 2776 Cum
1238 2731 1399 2793 pronuncia·

228 2792 254 2841 ii.
272 2795 292 2841 l.
310 2795 349 2842 25.
371 2794 427 2842 Nisi
442 2792 526 2851 mavis,
535 2794 655 2853 pulchram
669 2810 725 2850 erre,
737 2796 792 2856 qaia
824 2792 890 2842 tione
907 2793 1053 2849 addendum,
1064 2809 1112 2855 quo
1128 2792 1206 2855 magis
1222 2794 1305 2842 doleat
1317 2795 1398 2844 Phae-

227 2860 258 2907 de
268 2862 319 2921 ipra
330 2861 427 2906 dixerat.
449 2857 503 2915 Vel,
513 2861 569 2919 qaia
579 2867 603 2905 et
613 2862 661 2919 ipre
672 2859 791 2919 dixeram:
824 2857 884 2907 dria
901 2857 991 2907 rivalis.
1011 2858 1097 2921 (Forte
1108 2858 1155 2921 leg.
1167 2859 1215 2906 Hic
1226 2861 1324 2907 maniat
1335 2878 1398 2921 pre-

228 2926 288 2972 Haec
297 2930 391 2985 caperat
405 2925 479 2984 ipsam
497 2924 622 2977 Thaidem
645 2923 716 2971 utin
732 2938 791 2971 con·
824 2926 969 2972 cruciatione
986 2930 1020 2971 ert
1036 2925 1151 2980 utendam
1162 2923 1227 2985 quod
1240 2922 1335 2972 malum
1349 2929 1400 2974 do-

226 2987 339 3037 clamatis
348 2987 475 3036 funeribus
483 2986 550 3035 nulla
558 2986 643 3035 dilatio
651 2998 689 3035 eat
700 2986 792 3036 doloris
824 2986 889 3036 lebat
901 2987 983 3035 Phed.
995 2988 1039 3035 riv.
1063 2987 1111 3049 Ζ.)
1123 2990 1202 3035 Duras
1210 2985 1302 3049 fratris
1309 2998 1401 3050 partes

227 3061 254 3102 et
275 3054 362 3111 luctus,
385 3052 451 3101 unde
475 3052 589 3099 Lucanus
607 3051 649 3108 ait,
672 3051 698 3099 ii.
719 3054 792 3101 23.—
821 3051 950 3114 pradinas]
969 3052 1069 3100 Scilicet
1085 3062 1169 3100 contra
1180 3052 1337 3101 emulumet
1357 3056 1400 3103 di-

226 3134 322 3179 ccrpora
341 3120 438 3165 amdan
462 3119 607 3165 comtamata
617 3115 707 3179 jacent.
741 3118 793 3165 Aut
824 3116 899 3165 vitem
918 3128 943 3165 et
960 3116 1131 3180 largissimum.
1157 3116 1192 3165 Et
1208 3126 1289 3179 partes
1312 3120 1401 3179 daras,

226 3185 398 3239 concionatum,
421 3181 480 3229 satis
501 3180 661 3244 deploratum,
684 3180 792 3243 satisque
823 3184 986 3243 μεταφορικῶς
1000 3182 1031 3229 ab
1047 3182 1169 3229 actoribus
1184 3181 1296 3229 scenicis.
1324 3183 1401 3231 1).-

228 3246 387 3295 vocileratum
399 3255 450 3294 est:
468 3245 526 3309 quia
539 3245 642 3302 dixerat,
657 3248 677 3293 0
692 3244 791 3307 infortu-
824 3244 997 3308 Durarj'ratrr'r
1006 3246 1099 3309 parter]
1113 3246 1139 3293 Si
1146 3246 1211 3294 enlm
1220 3262 1277 3295 eum
1287 3246 1401 3299 rivalem

228 3319 308 3359 aarum
328 3317 420 3359 amem!
447 3315 468 3358 si
489 3319 512 3358 et
534 3312 571 3357 laic
592 3327 669 3358 amare
689 3313 790 3372 coeperit.
823 3310 1264 3375 habetfratencumipsesitpeuper.
1284 3310 1401 3363 Etbene

229 3375 357 3437 Tanquam
368 3374 505 3431 dicaciam
516 3374 623 3422 occisum
631 3384 727 3438 patrem
736 3386 791 3423 tan-
823 3374 897 3437 hujus
913 3375 1093 3439 comparatione
1109 3375 1193 3439 lapsus
1209 3386 1246 3424 eat
1261 3391 1350 3425 sermo
1367 3380 1402 3428 ad

229 3438 285 3487 dem
299 3438 396 3496 scimus,
405 3441 504 3501 jamque
520 3438 644 3487 deflemus.
672 3442 741 3488 Alias
755 3456 792 3488 rer
823 3439 857 3496 id,
866 3440 930 3503 quod
941 3440 1103 3489 necessarium
1114 3440 1167 3488 fieri
1176 3440 1254 3503 possit
1264 3440 1297 3488 ad
1309 3445 1401 3492 consi-

228 3502 294 3567 agis]
306 3504 391 3561 Recte,
400 3504 458 3565 quia
469 3503 533 3552 dixit
543 3504 592 3561 ille,
600 3504 653 3565 jara
664 3507 790 3552 conclama·
824 3503 885 3551 lium
903 3504 984 3567 (forte,
996 3508 1052 3565 fieri
1066 3508 1163 3553 debehat
1179 3508 1212 3553 acl
1224 3508 1358 3565 comtum,
1373 3520 1401 3557 at

229 3578 278 3617 tarn
288 3577 329 3617 ert.
359 3571 428 3617 Alias
438 3584 476 3617 rea
485 3568 550 3631 agia]
563 3570 616 3616 Aut
626 3584 675 3616 non
686 3569 793 3617 attendis
827 3569 876 3630 Z.),
886 3570 1045 3632 responderet
1052 3584 1144 3626 servus,
1154 3572 1223 3618 [mmo
1233 3573 1294 3619 eain
1301 3574 1323 3619 ci
1332 3578 1402 3623 sciar

229 3634 262 3682 nd
273 3634 299 3682 id
309 3633 374 3696 quod
385 3633 446 3690 dico,
458 3633 587 3696 siguificat,
599 3641 627 3680 ut
644 3632 712 3681 nulla
723 3632 792 3681 sitin
825 3638 885 3695 quad
895 3638 976 3682 donum
987 3637 1040 3683 haic
1051 3636 1197 3683 doncamiro
1207 3644 1330 3696 comparat.
1351 3638 1365 3686 1
1369 3654 1401 3687 n-

230 3714 260 3748 eo
273 3698 383 3747 attentio.
413 3698 478 3746 Nam
494 3697 551 3745 hinc
568 3707 653 3745 natum
668 3708 712 3755 eat,
731 3702 793 3759 agita
826 3698 967 3747 dicatenim
980 3699 1118 3747 eunuchum
1131 3699 1209 3747 mitti:
1227 3714 1401 3761 eaquocon.

230 3768 317 3813 arrabo
345 3762 549 3838 Autnugatorias
563 3777 603 3810 rea
613 3762 731 3837 agisohoc
748 3772 792 3820 est,
825 3762 907 3811 silium
918 3764 1040 3837 nascitur,
1052 3775 1080 3811 ut
1097 3763 1150 3826 ipse
1167 3780 1212 3827 pro
1228 3766 1348 3815 eunucho
1367 3770 1402 3817 ad

227 3826 794 3955 ἣῒῷἓυηῆιξὲῇἓυῖῗητῗίῃὲᾗνε
826 3839 1031 3955 mepptrpcopppmpp‘
1059 3828 1164 3954 llicldm
1174 3892 1313 3943 ostenditur
1322 3897 1402 3949 miles

231 3961 318 4007 calidos
329 3961 415 4006 lancea
440 3956 468 4004 L.
826 3956 951 4014 illustrior,
964 3973 1009 4021 per
1020 3958 1103 4007 rivalis
1114 3958 1185 4015 dona,
1197 3972 1270 4020 quam
1282 3974 1330 4022 per
1343 3978 1401 4013 sua.

264 4024 302 4074 67.
321 4021 396 4084 Istuc]
412 4020 476 4069 lllud
487 4020 586 4075 scilicet.
599 4023 691 4077 Desine
703 4023 791 4069 macto-
827 4021 860 4069 Et
871 4022 1021 4085 estqualitas
1029 4023 1200 4087 comparativa.
1214 4024 1339 4085 Ganparet
1351 4041 1403 4091 pro

231 4096 318 4136 matura
333 4095 373 4135 ert.
394 4086 630 4135 u-Beneconc.
644 4086 672 4134 C.
685 4086 712 4133 C.
725 4084 792 4149 legit,
826 4096 953 4145 emanant
966 4087 1155 4151 comparandum
1168 4098 1245 4151 putet.
1274 4088 1402 4141 D.-1„2.

231 4152 297 4199 Istuc
318 4168 362 4214 ago
381 4154 491 4213 equidm.
521 4154 546 4198 C.
560 4150 740 4213 Nostia'quaeao
755 4151 794 4197 dte
825 4166 861 4199 mo
876 4154 935 4200 eru'm
951 4162 1016 4200 recte
1028 4151 1096 4201 codd.
1109 4162 1198 4215 praeter
1209 4153 1265 4209 duo,
1277 4154 1323 4215 qiri
1334 4162 1403 4209 amia·

231 4218 294 4272 wiht,
311 4223 353 4265 ast
372 4217 503 4265 Vidistiu’?
530 4216 595 4263 Nam
617 4231 692 4279 quaec
713 4215 793 4263 locum
826 4215 1054 4275 omittunthabent,
1064 4226 1089 4265 et
1099 4226 1159 4265 vett.
1169 4217 1222 4265 edd.
1241 4216 1402 4273 Deindere-

230 4279 305 4328 habet
320 4280 346 4327 in
362 4278 560 4343 interrogatione,
574 4291 600 4328 et
616 4280 737 4328 Parmeno
754 4294 793 4327 re·
826 4295 890 4344 pone
902 4284 983 4329 danen
995 4285 1051 4331 dana
1065 4284 1180 4331 huiccc.
1193 4282 1403 4345 quadrinaria

230 4342 336 4408 spondet
346 4344 463 4404 absolute,
473 4348 530 4404 ridi,
541 4349 599 4394 aori.
623 4346 651 4393 Β.
826 4362 900 4393 canet
916 4356 941 4395 et
957 4346 1054 4406 similia,
1065 4347 1096 4397 ad
1107 4346 1268 4397 Terentianae
1280 4348 1402 4403 Veneres

183 4452 187 4459 .
264 4410 303 4456 58.
320 4410 378 4467 Seio,
394 4427 438 4474 qao
454 4412 555 4459 abducta
572 4409 616 4473 rit]
641 4409 699 4458 Plua
723 4407 793 4467 dixit,
826 4410 940 4473 pertinet.
969 4410 997 4458 B.
