2834 4759
41 160 217 249 maram]
480 158 753 229 PHORMIO.
1115 162 1181 227 629

76 295 139 361 Gn.
153 294 267 363 Vinum
282 303 333 361 est
345 293 436 374 milri,
449 302 487 361 ut
499 294 573 381 ejus
585 304 743 363 tenurem
757 296 968 362 sententiam

36 404 64 452 1⁵
75 393 199 459 Prendo
213 394 374 461 hominem
388 390 508 461 solum:
531 416 590 459 cur
605 414 681 471 non,
696 395 839 480 inquam,
855 394 1022 473 Phormio,

74 492 183 571 Vides,
197 493 281 559 inter
294 514 351 557 vos
366 492 412 559 sic
425 490 497 558 hnc
511 493 620 577 potius
635 514 709 559 oum
723 494 810 558 hona

74 590 120 655 Ut
133 602 363 677 componantur
377 590 492 675 gratia,
508 612 604 674 quam
618 614 692 657 cum
705 590 811 657 malai

72 688 179 755 Herus
192 688 333 755 liberalis
349 700 410 767 est,
424 702 458 755 et
471 689 613 774 fugitans
626 688 747 755 litium:

72 787 155 853 Nam
169 790 276 855 coeteri
291 788 421 874 quidem
435 787 544 855 hercle
558 788 652 853 amici
666 810 777 853 omnes
791 788 889 854 modo

32 896 61 943 ²0
74 884 145 952 Uno
158 909 214 953 ore
229 898 377 953 auctores
393 886 495 965 fuere,
510 895 548 952 ut
561 887 761 971 praecipitem
775 886 860 951 hanc
875 886 978 951 daret.

71 982 136 1049 Au.
153 985 243 1060 Quid
258 985 311 1051 hic
323 996 459 1069 coeptat,
468 994 525 1051 aut
537 1006 602 1069 quo
615 986 732 1051 evadet
743 985 865 1051 hodiel
902 984 971 1049 Gn.
984 984 1040 1049 An
1050 981 1177 1069 legibus

71 1082 230 1149 Daturum
245 1107 359 1169 poenas
376 1083 476 1161 dices,
493 1084 520 1147 ai
534 1081 619 1147 illam
632 1085 787 1169 ejecerit?

70 1180 141 1247 darn
155 1183 189 1248 id
203 1181 464 1268 exploratum'st:
488 1179 573 1257 heia,
590 1184 723 1247 sudabis
739 1184 828 1260 satis,

70 1281 104 1345 st
118 1304 188 1347 cum
205 1281 259 1346 illo
274 1282 420 1366 inceptas
436 1281 582 1345 homine:
606 1303 645 1345 ea
659 1279 843 1365 eloquentia
857 1282 925 1345 esti

30 1390 58 1435 2⁵
71 1377 202 1459 Verum,
218 1403 303 1465 pone
318 1402 390 1445 esse
405 1380 524 1445 victum
538 1400 629 1445 eum:
654 1390 687 1443 at
702 1380 832 1443 tandem
847 1389 956 1444 tumen

69 1478 145 1543 Non
159 1479 274 1564 capitia
289 1480 359 1563 ejus
374 1500 427 1543 rea
443 1479 559 1563 agitur,
576 1479 634 1544 aed
649 1481 806 1565 pecuniae.

69 1576 245 1664 Postquam
261 1578 421 1645 hominem
435 1578 486 1643 his
501 1579 608 1643 verbis
623 1578 727 1643 sentio
741 1576 909 1642 mollirier:

69 1675 136 1740 Soli
150 1700 261 1741 sumus
277 1699 362 1741 nunc
377 1676 440 1753 hic,
453 1678 601 1761 inquam
624 1675 688 1741 eho
702 1676 767 1753 dic,
783 1676 863 1760 quid
877 1674 955 1741 velis
969 1676 1042 1741 dari

67 1771 142 1839 Tibi
156 1775 189 1838 in
206 1776 355 1839 manum?
379 1786 415 1839 ut
429 1774 528 1839 herus
543 1775 594 1839 hia
609 1774 747 1839 desistat
760 1772 889 1839 litibus:

28 1882 57 1928 ³0
68 1870 149 1938 Haec
163 1872 240 1938 hinc
256 1872 407 1951 facessat,
423 1886 459 1938 tu
472 1872 626 1938 molestus
639 1894 681 1937 ne
696 1873 772 1937 sies.

59 2022 93 2070 14.
109 2023 169 2073 Cod.
191 2032 275 2072 noster
293 2032 352 2072 vett.
373 2038 418 2087 pro
439 2024 489 2085 ejus
510 2022 584 2072 habet
615 2022 704 2071 silium.
723 2022 947 2085 Postquoeatiouem
959 2023 1010 2072 tola
1018 2023 1180 2087 promissione

25 2089 101 2145 priori
118 2088 180 2137 alter
192 2091 241 2137 200
250 2103 369 2137 annorum
380 2091 445 2149 prisca
455 2088 521 2149 ejus.-
534 2099 582 2137 ter·
615 2086 757 2137 dissolutam
769 2098 851 2146 terret,
863 2104 911 2151 quo
922 2088 1017 2137 heilica
1033 2090 1179 2153 penuadeat

27 2149 130 2214 tiusejua
144 2162 329 2216 pertemptarent.
355 2154 428 2201 Certe
441 2152 581 2214 illudttmp·
616 2152 764 2201 Phormioni.
785 2152 815 2201 E.

27 2218 93 2265 tortu
108 2234 151 2283 pea
163 2219 289 2269 Moloaaua
299 2232 355 2267 curn
366 2218 459 2281 duplici
474 2228 583 2275 accentu,
649 2220 687 2265 tt.
711 2220 801 2275 Ver-aar.
818 2234 875 2279 poss
891 2234 940 2266 caca
954 2216 1051 2281 motum]
1075 2218 1180 2267 Etiamsi

26 2278 163 2333 dehonestat
175 2298 281 2333 vorsum.
304 2283 405 2346 Rapona
414 2282 496 2346 igitur.
507 2284 585 2331 Virum
616 2282 738 2331 contrario
748 2295 839 2331 eventu
854 2282 972 2331 efficiatur
987 2294 1037 2331 tota
1054 2283 1180 2347 persuasio

26 2347 58 2393 iet
71 2352 108 2406 ari,
120 2348 209 2413 atejus
220 2352 352 2410 temptarent
365 2350 433 2410 prius
442 2351 583 2397 muntiant
616 2346 694 2405 iacile,
706 2358 733 2395 at
747 2347 860 2396 vincatur
874 2347 1005 2411 Demipho,
1021 2349 1118 2411 whom
1134 2364 1180 2412 pe·

26 2407 53 2457 Β.
616 2412 695 2461 cuniae
716 2428 777 2469 eaae,
794 2427 844 2461 nou
863 2411 957 2476 capitia
989 2412 1045 2461 Hoc
1062 2424 1107 2469 eat,
1119 2428 1178 2462 con·

57 2476 91 2525 lc.
105 2480 161 2527 Gan
172 2481 231 2527 tona
245 2475 452 2541 utoonpoaoatur]
465 2476 529 2525 Vide
540 2492 583 2541 po-
616 2476 728 2525 damnari
743 2476 834 2541 poterit
843 2476 909 2539 quod
924 2476 1040 2535 effecerit,
1054 2478 1179 2527 etlibera-

26 2538 71 2589 rius
86 2552 114 2591 ut
133 2543 186 2591 haec
205 2558 260 2591 cum
281 2543 344 2591 bona
359 2541 438 2619 gratia
454 2557 507 2589 com
541 2558 584 2591 na·
618 2549 657 2591 tua
675 2545 690 2577 0
708 2542 850 2605 pecuniaria
869 2540 917 2590 iata
934 2541 1011 2590 multa
1028 2542 1109 2591 futura
1127 2553 1179 2591 ests

25 2618 82 2663 mus.
93 2622 141 2657 non
156 2607 231 2663 mala,
243 2607 412 2671 perinjurium
425 2616 497 2668 atque
519 2608 584 2655 ¹tem.
617 2620 666 2655 uun
679 2607 752 2669 (qaod
761 2606 863 2669 ejecerit,
872 2610 914 2655 sed
923 2608 1060 2655 liberabitur
1068 2611 1179 2669 pecunia

26 2668 151 2721 u-ttlud
163 2677 201 2722 rio
210 2684 277 2721 recta
287 2673 357 2721 abeat
367 2672 392 2720 in
405 2671 498 2733 aliquot
508 2670 584 2721 libris.
616 2674 653 2719 ria
662 2674 708 2719 istu
720 2675 792 2719 muita
802 2674 883 2719 sciata.
908 2674 973 2735 Ergo
983 2688 1027 2719 aon
1039 2673 1079 2733 Z.)
1091 2673 1180 2722 metuit

27 2732 55 2781 ln
66 2737 147 2786 miultis
158 2753 207 2802 pro
217 2754 255 2785 sos
267 2747 303 2785 eat
311 2754 358 2795 aot,
370 2734 406 2785 nti
418 2736 476 2785 olim
489 2736 584 2799 liugna-
617 2736 768 2797 ajectionem.
805 2735 972 2799 lh-Vulgari
996 2736 1096 2786 lectioni
1120 2754 1179 2799 pons

23 2799 193 2866 phiuslegiaae
206 2802 308 2851 videtur.
337 2803 419 2856 Quare
431 2800 485 2864 lege
496 2810 539 2849 aut
549 2805 583 2850 m·-
617 2800 705 2865 praeiet·
718 2800 830 2849 Bembini
840 2818 905 2863 pono,
917 2800 941 2849 h.
951 2816 973 2849 e.
984 2802 1098 2851 concedo.
1115 2802 1145 2851 B.

24 2866 96 2915 άωω
107 2872 170 2917 iatsr
180 2884 230 2924 aar,
241 2878 283 2915 aut
294 2870 377 2915 uidetis
387 2870 500 2915 internos.
519 2866 584 2915 Nam
650 2867 688 2913 26.
707 2866 774 2929 Lege
784 2882 840 2914 curn
853 2876 900 2914 vet.
912 2866 965 2913 cod.
977 2867 1043 2931 apud
1054 2868 1180 2931 Guyctunt

24 2931 80 2977 ister
95 2948 142 2990 noa,
159 2932 202 2981 vel
218 2935 280 2980 inter
299 2948 344 2990 aar,
361 2930 488 2993 utriusque
506 2930 585 2995 partia
616 2933 645 2988 ai,
658 2930 940 2994 utmouosyllabou‚pro
947 2930 1005 2992 ejas.
1024 2931 1053 2979 B.

23 2994 212 3046 officiumnotat.
237 2997 265 3044 B.
339 3038 341 3043 .
649 2998 824 3045 renarrans·
841 2998 867 3043 iu
883 2994 985 3056 monn]
1007 2996 1087 3044 Datur
1108 2994 1130 3044 ei
1151 2996 1178 3045 in

54 3062 89 3108 la.
101 3064 220 3125 Mona
232 3058 319 3123 litium]
331 3060 447 3109 Genitivo
458 3059 525 3109 carui
535 3059 586 3109 virn
618 3074 726 3118 manum,
735 3060 777 3123 qui
789 3059 872 3108 furtim
884 3058 1020 3123 (asporatius
1031 3060 1068 3109 ed.
1082 3060 1124 3109 Du
1136 3061 1179 3124 B.)

22 3125 124 3175 nominis
135 3128 213 3175 habet
220 3124 329 3189 sugitur
342 3128 469 3187 junctum:
486 3140 584 3175 amusa-
617 3124 707 3189 accipit
727 3124 781 3173 sine
801 3124 899 3181 arbitro,
920 3135 964 3172 aut
979 3125 1128 3190 interpreter
1151 3136 1181 3175 ut

21 3188 75 3247 tiso,
88 3192 137 3240 aim
155 3202 253 3241 tantum
270 3190 401 3257 participii.
431 3192 583 3252 Fugitunali·
617 3189 796 3252 praevaricator,
809 3199 853 3237 aut
866 3190 1024 3251 judexcomu
1043 3200 1088 3239 tua
1113 3192 1181 3239 1).-

22 3254 87 3318 tiam]
105 3257 185 3310 Quasi
199 3254 328 3318 quodvult
345 3254 371 3303 in
387 3254 584 3312 domiuoiacere,
619 3254 681 3306 Quid
699 3258 735 3302 aia
753 3257 807 3302 dari
829 3256 872 3304 tibi
891 3258 916 3303 ia
933 3206 1042 3317 manual
1058 3256 1113 3305 Hoc
1133 3266 1179 3315 est,

22 3315 102 3381 idjam
114 3321 141 3369 in
153 3337 184 3369 eo
198 3336 252 3369 ease
262 3320 336 3369 dicit:
354 3334 494 3384 preparans
505 3318 583 3368 homi·
617 3328 733 3381 quantam
748 3318 878 3382 pecuniam
893 3319 920 3367 in
935 3320 1050 3384 pruenti
1068 3320 1179 3386 accipere

19 3397 73 3433 nem
84 3386 115 3435 ad
126 3396 280 3435 contemtum
298 3385 415 3449 pecunie,
427 3400 481 3447 quae
557 3401 582 3433 e·
616 3382 660 3441 vir.
673 3394 700 3433 ut
711 3384 867 3433 dominuaah
881 3386 927 3433 hac
943 3386 987 3433 lite
1001 3385 1126 3435 discedat?
1148 3387 1179 3436 Ε.

19 3450 159 3500 turmatim.
183 3451 328 3500 D.-Hcrua
339 3452 442 3498 diercis
456 3457 490 3498 sat
523 3448 582 3497 Per·
615 3450 685 3497 -Ut
694 3452 788 3512 inquom
797 3450 832 3497 ait
841 3448 867 3497 in
879 3449 937 3508 iens,
948 3449 1003 3513 loge
1018 3466 1073 3499 cum
1089 3451 1180 3501 nostris

19 3526 132 3565 maurae
151 3515 270 3564 Phormio
288 3514 345 3563 mali
361 3514 421 3577 quid
439 3524 482 3571 est,
503 3514 584 3575 primo
616 3514 736 3572 omnibus,
757 3516 805 3562 Scit
825 3531 901 3563 awaus
922 3532 989 3570 nunc,
1010 3515 1110 3577 inquam,
1133 3519 1178 3566 hic.

18 3586 269 3629 terrorem..
287 3592 360 3643 atque
379 3578 456 3627 inicit.
487 3578 584 3627 Deinde
617 3578 688 3635 Tum,
699 3579 929 3627 auctoreBembino
945 3579 1014 3637 libro,
1031 3580 1142 3638 dicdele,
1153 3592 1180 3629 et

20 3642 92 3702 (Quia
101 3662 257 3707 parm
267 3648 444 3701 affimant,
453 3646 528 3705 prino
536 3652 584 3692 tar·
615 3646 671 3692 acha
683 3652 750 3692 muta
760 3644 787 3691 in
798 3648 838 3691 sia.
862 3644 892 3691 Β.

19 3723 89 3757 rorem
109 3711 198 3772 injicit,
215 3712 303 3759 deinde.
329 3708 389 3770 Ma)
410 3708 535 3757 blanditur
553 3709 584 3757 ab
649 3710 688 3757 29.
702 3709 741 3756 Ne
755 3712 823 3757 ham
839 3718 908 3756 extra
923 3707 999 3756 ictum
1012 3708 1111 3773 panitur
1122 3710 1177 3759 ulra·

19 3773 79 3833 utili,
96 3788 122 3824 et
140 3774 211 3833 dicit,
228 3774 341 3824 dominor
358 3772 466 3823 liberalia
483 3783 527 3829 aar,
541 3774 583 3835 qui
616 3772 1072 3836 condatumreponohiraauthiaetc.
1097 3774 1125 3822 B.

17 3836 86 3889 facile
92 3840 188 3889 donare
196 3848 284 3903 potent,
294 3849 319 3888 et
329 3838 385 3888 liter
396 3838 479 3901 sugere
491 3840 534 3887 aeri
546 3836 587 3887 rix·
653 3838 691 3885 20.
704 3840 764 3887 Hac
773 3840 826 3885 hinc
835 3836 952 3900 facerent]
963 3838 1012 3885 Pro
1022 3840 1086 3886 Hinc
1100 3856 1125 3887 ae
1134 3838 1179 3900 sa·

21 3912 64 3951 etr.
77 3920 109 3953 an
121 3904 223 3969 (sugere
234 3908 314 3953 suerit.
341 3916 400 3951 nau
413 3914 580 3961 cantaneto
620 3906 675 3959 sict,
688 3902 715 3950 id
724 3914 769 3959 aar,
780 3902 864 3949 abeat:
882 3913 917 3959 m,
929 3904 984 3950 Huc
998 3920 1023 3951 ae
1033 3902 1119 3964 saciat,
1130 3904 1178 3953 huc

20 3968 162 4033 Quarqueni
185 3970 226 4030 Z.)
251 3968 306 4017 lieri
322 3970 401 4033 possit
422 3984 454 4017 ex
477 3969 585 4035 auctoris
616 3966 724 4022 aueum
734 3966 864 4029 significat.
876 3966 1116 4030 Hectiacsacmot]
1130 3970 1178 4017 Pro

17 4041 66 4081 tate
82 4034 227 4091 mancorum,
247 4034 312 4096 quod
324 4032 413 4097 apelli
430 4032 512 4097 puella
527 4044 581 4097 pot·
616 4035 690 4089 redut,
702 4031 762 4079 aliar
771 4030 858 4092 saciat.
877 4031 945 4094 Ergo
960 4031 1022 4079 duas
1031 4047 1071 4081 rea
1082 4032 1178 4096 aigniii-

18 4108 62 4145 eat.
84 4099 115 4147 E.
616 4096 712 4145 cathoc
727 4097 922 4145 unumverhum.
946 4097 987 4143 An
1003 4100 1056 4144 hiae
1064 4097 1177 4160 smmi,

49 4166 87 4212 21.
102 4164 169 4218 Quid
185 4166 223 4212 hio
238 4161 355 4225 aoeptatt]
374 4162 447 4213 Nunc
460 4162 584 4227 accipiena
616 4160 889 4225 proverbialiter,quaai
900 4158 1045 4221 himsaciat.
1069 4162 1177 4222 Plautina,

16 4229 80 4276 servi
89 4228 222 4279 copadium
235 4227 345 4291 Antipho
355 4227 474 4277 intuitur.
499 4228 528 4277 Ε.
614 4235 733 4289 capatus·
744 4228 797 4273 hinc
807 4224 890 4286 facita.
924 4228 1012 4275 Hacte
1022 4225 1066 4288 soc
1080 4227 1177 4288 dicitur,

48 4295 87 4341 22.
97 4297 138 4342 Aa
149 4296 240 4357 legibus
250 4296 358 4342 Mansa
365 4292 459 4355 ραιιω]
469 4294 580 4357 Raapon-
614 4294 714 4355 prohat
730 4293 818 4339 coeam.
843 4290 973 4339 D.-Ht'ae
981 4290 1099 4355 scarum]
1116 4293 1177 4341 Dio·

14 4358 52 4405 sio
62 4374 95 4407 ex
105 4359 160 4408 sola
171 4357 332 4423 permin'one
343 4368 388 4406 eat.
409 4358 466 4406 Hoc
478 4368 523 4416 eat,
532 4372 583 4405 nou
615 4356 678 4405 med.
689 4355 732 4405 lib.
743 4355 760 4404 i.
782 4356 851 4407 Serv.
863 4355 921 4405 AEn.
932 4354 965 4406 iv.
977 4372 1027 4407 ver.
1040 4358 1095 4407 225.
1107 4358 1178 4421 jassa

15 4421 41 4470 id
52 4424 197 4482 mentimur,
207 4423 325 4473 habemur
336 4421 402 4473 euim
413 4432 507 4473 certum
521 4437 580 4472 oon·
608 4419 736 4485 summat.
748 4420 789 4471 ,1.
