2834 4759
237 146 302 211 618
676 142 956 211 Tunnn'rtt
1209 144 1325 232 [sorus
1335 164 1376 211 rr.

390 504 607 586 ACTUS
640 504 889 593 QUARTI
928 509 1142 588 SCENA
1173 511 1245 588 111.

460 715 632 767 ANTIPHO.
658 714 766 765 GETA.
793 716 972 767 CHREMES·
999 718 1177 769 DEMIPHO·

283 858 476 931 Exsrscro,
491 879 587 942 quem
601 878 677 921 mox
692 855 826 941 recipiat
841 879 914 922 sese
930 857 1029 936 Geta,

284 958 352 1023 Sed
366 968 519 1042 patruum
531 954 627 1019 rideo
641 976 715 1019 cum
729 965 821 1039 patre
836 955 1038 1022 adstantem:
1061 956 1116 1022 hei
1135 956 1223 1035 mihi,

284 1055 393 1130 Quam
405 1055 512 1130 timeo,
528 1053 687 1117 adventus
702 1052 800 1138 hujus
814 1076 880 1137 quo
895 1054 1039 1141 impellat
1052 1058 1198 1141 patrem!

285 1154 352 1219 Gn.
369 1153 480 1218 Adibo
495 1152 612 1216 hosce:
635 1173 655 1215 o
670 1162 782 1216 noster
797 1152 964 1221 Chremes.
1004 1156 1067 1221 Cu.
1086 1156 1193 1233 Salve,
1210 1153 1310 1221 Geta.

258 1253 353 1318 aGs.
364 1252 487 1317 Venire
500 1248 619 1315 salvom
631 1249 799 1336 volupe’st.
842 1252 906 1318 Cu.
918 1253 1037 1318 Credo.
1073 1253 1140 1318 Gs.
1155 1254 1247 1327 Quid
1262 1252 1374 1339 agitur!

285 1352 349 1416 Cu.
365 1350 474 1416 Multa
488 1350 684 1426 advenienti,
699 1359 737 1413 ut
751 1348 800 1428 fit,
815 1373 900 1414 nova
912 1349 965 1416 hic
978 1351 1166 1437 compluria.

285 1449 353 1514 Gn.
369 1448 438 1513 Ita:
461 1449 503 1513 de
518 1446 707 1532 Antiphone
723 1448 872 1513 audistin’
886 1471 959 1534 quae
975 1449 1082 1516 factat
1119 1451 1185 1516 Cu.
1201 1451 1330 1517 Omnia.

285 1547 352 1612 Gn.
366 1546 453 1611 Tun’
467 1546 597 1610 dixeras
612 1546 709 1611 huici
733 1545 856 1613 facinus
871 1548 1048 1633 indiguum,
1065 1548 1217 1628 Chreme,

285 1646 340 1711 Sic
355 1645 523 1710 circumiri.
561 1644 629 1709 Du.
646 1644 686 1709 ld
703 1668 776 1710 cum
789 1646 852 1711 hoc
867 1648 1003 1730 agebam
1018 1649 1233 1713 commodum.

244 1758 273 1805 ιο
286 1743 353 1807 Gn.
369 1742 457 1807 Nam
471 1741 580 1808 hercle
595 1765 657 1827 ego
672 1766 802 1830 quoque
816 1745 850 1808 id
865 1746 990 1829 agitans
1004 1768 1130 1811 mecum
1146 1745 1274 1823 sedulo,

285 1842 409 1920 Inveni,
424 1842 549 1927 opinor,
564 1840 741 1906 remedium
755 1842 830 1907 huic
845 1845 902 1907 rei.
941 1843 1009 1908 Du.
1027 1844 1128 1923 Quid,
1145 1846 1260 1910 Geta?

286 1940 386 2014 Quod
402 1940 600 2004 remedium?
638 1938 704 2004 Gn.
722 1939 771 2004 Ut
785 1942 850 2006 abii
864 1942 923 2005 abs
938 1953 983 2019 te,
998 1942 1037 2006 fit
1050 1942 1133 2008 forte
1148 1944 1276 2008 obviam

286 2038 372 2103 Mihi
382 2036 546 2103 Phormio.
569 2037 632 2102 Cu.
641 2037 709 2112 Qui
719 2038 896 2105 Phormio?
920 2040 987 2105 Ga.
999 2040 1032 2104 ls
1042 2042 1098 2126 qui
1107 2043 1211 2107 istam.
1237 2037 1380 2106 Crassis.

277 2210 297 2257 1.
310 2210 429 2270 Exspecto,
446 2224 512 2269 paam
528 2222 578 2255 mos
592 2208 802 2267 recipiotlsacesss
833 2207 1002 2269 loquebantur.
1030 2206 1192 2257 D.-—Vess'sss
1217 2211 1299 2257 aba·
1319 2206 1381 2263 atos

245 2272 317 2336 Geta]
337 2272 376 2321 Ad
388 2287 494 2321 errorem
510 2270 681 2320 cumulandum
699 2286 803 2335 persona
834 2270 882 2337 ert]
898 2271 1054 2321 incolumitas
1066 2282 1108 2320 tus
1119 2288 1151 2321 ex
1159 2272 1284 2321 voluntate
1296 2281 1334 2319 est.
1350 2268 1372 2315 1².

243 2338 394 2402 Antiphonis
410 2336 590 2401 interponitur:
615 2344 642 2383 ut
660 2336 682 2384 ei
700 2336 804 2384 adaucto
867 2338 890 2385 6.
903 2336 1046 2399 Compluria]
1059 2338 1199 2385 Secundum
1211 2334 1380 2401 regulamlotu·

243 2412 311 2451 metu
321 2402 461 2451 amittendae
472 2400 561 2456 uxoris,
574 2404 650 2464 major
661 2400 698 2449 vis
710 2401 753 2449 flat
763 2416 802 2449 re·
836 2412 876 2451 tus
887 2411 931 2450 est.
950 2402 1014 2450 Nam
1024 2405 1065 2450 hoe
1076 2406 1194 2463 cooptare,
1207 2415 1233 2451 et
1244 2406 1292 2450 tac
1301 2399 1381 2460 esopi*

243 2466 459 2532 pentinaelaetitiae.
485 2466 662 2528 D.-Ecspscta
677 2484 744 2529 qaoss
755 2483 805 2513 osor
836 2471 881 2515 ria.
898 2459 1380 2534 Nmtnmnparta]Sievetemsquqd

243 2536 342 2594 recipiat
363 2548 411 2580 sese
435 2530 506 2593 Geta]
531 2530 574 2578 Uti
597 2546 664 2581 error
686 2529 805 2579 cumulari
837 2532 915 2580 nostri
927 2531 1008 2580 demta
1017 2532 1107 2594 syllaba
1119 2535 1235 2594 complura
1245 2531 1331 2579 dicunt
1350 2527 1380 2573 Sst

244 2597 328 2662 possit,
347 2595 466 2645 interesse
487 2596 591 2644 efficitur
614 2595 731 2657 Antipho.
766 2595 806 2643 Ita
838 2598 901 2645 Cato
917 2596 1048 2659 Originum
1064 2597 1184 2652 secundm
1207 2596 1276 2659 fosso
1293 2598 1330 2642 hac
1345 2594 1380 2638 htv

244 2660 806 2717 enimsurntnmestconsilium,utisecundum
839 2664 968 2722 compluria
1005 2660 1092 2709 Cicero
1111 2662 1137 2709 iu
1160 2662 1299 2725 Protagora.
1317 2658 1380 2716 cerff

244 2727 323 2791 legem
332 2726 447 2775 Phormio
456 2726 515 2775 velit
524 2724 590 2774 illam
599 2727 804 2784 ducereuxorem,
838 2728 916 2774 madi
925 2742 1010 2788 genero
1018 2729 1149 2788 compluria.
1173 2724 1380 2789 Credoqoissetr·

245 2808 316 2855 quam
334 2792 406 2839 habet
423 2788 546 2854 Antiphos
570 2790 605 2839 ita
622 2801 711 2849 tamen,
729 2791 750 2839 si
766 2806 806 2839 re·
838 2806 878 2840 res
889 2794 1013 2852 hospitare,
1025 2806 1073 2838 non
1084 2794 1187 2853 harpias
1197 2793 1314 2840 dicebaut
1330 2786 1380 2833 De-

246 2856 322 2921 cipiet
331 2858 419 2905 dotem.
445 2855 807 2919 Hoouutemargentumdotis
840 2854 1102 2931 Norshiccomplaria]
1114 2856 1209 2905 Charis.
1222 2857 1262 2906 tiu
1276 2856 1291 2902 i.
1305 2850 1380 2901 duona

245 2922 344 2970 nomine
356 2932 482 2985 acceptum
494 2920 546 2968 suit
559 2920 673 2970 Phormio
689 2921 809 2969 Phaedrite
839 2920 905 2969 locis
928 2920 1003 2969 Prisc.
1014 2920 1056 2969 lib.
1068 2920 1103 2969 iit.
1126 2922 1154 2969 1..

245 2986 311 3045 dare,
323 2996 351 3035 ut
361 2986 415 3049 ipse
426 3001 471 3050 pro
486 2984 564 3033 amics
580 2986 708 3035 meretrice
723 2985 807 3034 lenoni
872 2987 894 3033 9.
908 2983 1061 3048 Commoditas]
1080 2985 1213 3033 Commoda
1224 2980 1343 3033 mstimstit
1352 2984 1379 3023 α*

248 3052 302 3107 dett
320 3052 373 3114 ipse
385 3067 443 3099 vero
456 3050 570 3099 Phormio
582 3050 705 3101 offerendo
717 3066 744 3099 sc
753 3051 806 3115 pla·
839 3050 963 3113 temporis.
978 3050 1132 3113 Gmmadssa]
1143 3050 1251 3099 Tantum
1260 3046 1326 3111 quod.
1342 3043 1379 3089 na

246 3116 324 3165 cando
341 3118 476 3177 (differendo
498 3123 521 3163 et
542 3120 673 3177 apparando
691 3116 732 3177 Z.)
749 3131 806 3179 pro·
839 3114 918 3171 cilius,
938 3119 999 3178 qaod
1013 3118 1068 3162 mihi
1088 3118 1222 3163 mmodass
1239 3122 1280 3170 est,
1295 3118 1332 3159 ast
1345 3107 1380 3153 ιθ

247 3181 320 3231 ducat
342 3180 447 3245 nuptias,
469 3179 489 3229 ai
509 3178 590 3242 (donec
611 3180 652 3242 Z.)
672 3192 807 3243 argentum,
840 3182 1135 3241 mstimestadepasserass.
1161 3180 1266 3228 D.-Sic
1278 3181 1379 3225 ricem·

247 3245 311 3309 quod
325 3244 443 3293 Phaedriae
458 3246 489 3293 ab
506 3244 590 3293 amicis
606 3244 752 3308 promissum
764 3254 808 3303 est,
841 3244 900 3307 siri]
914 3244 954 3292 Sic
966 3244 1070 3307 aliquem
1082 3243 1261 3294 circumveniri.
1283 3240 1311 3289 E.
1365 3297 1370 3306 Ι

247 3326 303 3363 cum
322 3320 449 3373 acceptum
467 3308 548 3365 suerit,
567 3310 666 3359 senibus
684 3310 807 3359 reddatur.
876 3312 913 3357 10.
925 3311 987 3357 Noas
995 3312 1070 3358 hercle
1080 3309 1134 3372 ago]
1146 3306 1304 3357 Commendat
1317 3314 1379 3375 comt·

248 3374 359 3439 Antipho
381 3386 489 3436 presens
510 3384 591 3423 autem
612 3375 686 3431 audit,
704 3386 730 3424 et
752 3390 809 3423 vere
840 3373 1021 3422 liumexoura:
1032 3374 1151 3435 siquidem
1159 3373 1268 3432 dicit,se,
1279 3369 1311 3419 uti
1322 3376 1379 3415 etffl

248 3440 333 3497 credit,
357 3438 529 3489 Phormionem
550 3454 652 3491 uxorem
674 3454 727 3488 esse
749 3438 808 3487 duc·
841 3438 889 3504 ipsi
900 3437 992 3487 domiui
1005 3438 1122 3496 iecerunt,
1133 3439 1165 3486 de
1177 3439 1223 3487 hac
1233 3453 1260 3487 re
1271 3433 1379 3505 plurium

248 3516 337 3553 turum.
362 3504 479 3553 E.-Hac
490 3512 546 3568 post
559 3508 657 3565 recipiat
667 3504 693 3553 in
709 3503 809 3569 optimis
841 3503 966 3567 cogitasse.
986 3503 1168 3552 E.-Meiiores
1188 3502 1247 3552 libri
1267 3501 1379 3572 memet

249 3568 318 3619 libris
329 3578 395 3617 recte
407 3570 482 3617 abest.
505 3568 533 3617 B.
842 3582 926 3617 omnes
938 3568 1021 3626 nostri,
1038 3579 1127 3632 preter
1143 3584 1219 3617 unum
1234 3570 1378 3617 menam

281 3636 303 3681 4.
316 3634 430 3698 volgaris
440 3633 513 3683 lectio
524 3632 618 3683 duobus
629 3632 809 3689 laboratvitiiss
842 3632 1275 3697 recteqas‘dessinterseruutposts'd
1295 3628 1320 3677 lt
1364 3682 1368 3693 Ι

248 3698 356 3763 primum
377 3698 441 3763 quod
463 3700 618 3747 Chremetem
641 3698 735 3747 salvere
761 3712 810 3747 non
877 3699 914 3746 ll.
928 3700 1004 3747 Recte
1023 3697 1164 3755 Bembinus,
1183 3700 1247 3750 Quid
1264 3694 1334 3743 Geta!
1346 3696 1378 3757 tn·

246 3765 398 3827 jubetGetat
417 3762 505 3813 deinde
517 3762 581 3827 quod
592 3762 640 3811 duo
653 3763 726 3811 medii
736 3762 811 3827 pedes
842 3763 897 3811 buit
908 3762 1040 3821 Chremeti,
1052 3774 1084 3819 et,
1100 3766 1165 3815 Quod
1175 3764 1299 3813 residium.
1311 3757 1375 3803 ⁰⁶³¹·

249 3829 340 3893 singuli
352 3843 383 3877 ex
394 3828 496 3891 integris
507 3836 619 3879 coustant
636 3828 745 3891 partibus
756 3843 810 3876 ora-
842 3828 926 3892 phoni.
956 3829 1020 3876 Nam
1036 3827 1104 3891 prior
1126 3828 1257 3891 respondet
1276 3823 1376 3872 Chremi

250 3895 337 3950 tionis;
361 3894 386 3943 id
407 3893 471 3956 quod
493 3892 519 3941 in
542 3893 644 3941 senariis
666 3906 691 3941 et
707 3892 813 3942 heroicis
843 3895 912 3955 cnjus
924 3895 1001 3954 maior
1010 3907 1051 3940 res
1061 3891 1149 3955 agitor,
1161 3902 1187 3941 et
1196 3890 1377 3956 propiarwrne

250 3959 360 4009 uersibus
371 3958 484 4007 vitiosum
492 3974 544 4007 esse
556 3968 622 4006 reete
634 3958 810 4022 praeoipitGei-
844 3957 981 4007 sollicitudo
993 3968 1037 4006 est.
1064 3958 1091 4005 Β.
1349 4007 1353 4016 ,

251 4023 299 4075 lius
311 4023 378 4075 xviii.
390 4023 435 4072 sub
448 4024 535 4078 fluetus
548 4038 604 4071 nam
615 4022 714 4087 syllaba
722 4022 814 4071 ultimae
881 4023 917 4070 13.
929 4025 956 4071 Is
972 4026 1012 4086 psi
1029 4020 1110 4084 utam]
1127 4020 1297 4079 'Amisiam
1310 4020 1374 4079 ΜΨ

252 4104 302 4136 non
318 4099 439 4137 acuuntur
454 4088 519 4151 apud
532 4088 639 4137 Latinos
670 4087 749 4151 igitur
760 4087 814 4136 dele
846 4087 916 4137 deest
928 4090 1026 4136 obtrusit
1036 4090 1107 4145 sodis,
1119 4097 1162 4135 aut
1172 4084 1278 4147 defendit,
1289 4088 1325 4129 1111
1333 4067 1375 4136 (1¹¹³

251 4155 322 4211 hosce,
333 4153 395 4202 adeo
412 4164 440 4201 ut
455 4156 524 4201 adibo
538 4153 646 4201 absolute
663 4163 775 4217 ponatur,
788 4162 816 4200 ut
847 4152 903 4201 tale.
927 4152 1068 4213 1).-12qat
1080 4150 1161 4215 istass]
1173 4152 1229 4206 Quo
1243 4146 1373 4198 faciliusne·

252 4216 317 4266 alibi.
341 4217 423 4281 Atque
442 4218 524 4281 recipe
544 4216 673 4267 lectionem
693 4216 814 4275 Bembini,
847 4218 915 4265 nosci
926 4228 1015 4281 posset,
1027 4216 1086 4280 quis
1097 4216 1219 4274 Phormio,
1230 4212 1373 4279 nterim·

254 4284 440 4339 omassum
452 4285 553 4332 Chreme.
575 4282 603 4331 B.
845 4282 929 4331 silium
940 4280 1030 4345 (posset
1116 4282 1222 4330 Phanio
1231 4273 1374 4334 etnim

285 4349 307 4397 5.
323 4348 395 4410 Vohsp
410 4346 457 4410 est]
476 4350 527 4395 Hac
541 4349 607 4409 volup
624 4360 713 4395 nomen
729 4354 815 4404 estut
845 4349 1018 4409 &scriptionem
1056 4346 1076 4407 .)
1093 4345 1168 4405 dedit,
1184 4348 1208 4394 is
1222 4348 1260 4409 psi
1274 4345 1330 4390 ists!
1343 4331 1373 4378 *Ψ

250 4416 292 4464 hoa
300 4411 384 4476 saeui:
400 4411 436 4462 sic
452 4412 519 4462 enim
530 4421 625 4463 veteres
635 4426 680 4479 per
690 4410 814 4473 &sororiis
845 4410 962 4473 defendit,
974 4410 1227 4476 autcopnstsmdicit.
1246 4408 1274 4459 li.
