2834 4759
378 204 618 267 renuerit
649 204 778 267 Vl'l'd.
1091 230 1155 270 m

40 334 79 395 sed
90 335 212 395 mrim'
237 334 329 395 lambi
348 335 428 397 enirn
447 334 578 395 materiae
597 336 719 395 comicas
733 332 800 413 'apli
820 348 898 395 tunt
939 336 977 397 ln
996 338 1152 399 comoediis

40 416 132 493 quidem
155 436 292 495 nusquam
317 430 420 477 auctor
444 417 583 495 loquitur,
606 416 659 476 sed
681 416 858 476 introductas
882 436 1155 497 personatuum

39 514 124 555 norem
136 498 179 557 bic
192 498 228 557 ad
246 497 383 577 prologos
401 498 558 557 transferre
575 498 696 566 nititurr
718 497 826 573 quibus
841 498 1007 558 'scribendis
1027 500 1153 560 stmulo·

39 598 86 635 rum
103 578 200 637 invidia
219 598 334 638 oausam
355 578 445 638 dedit.
488 578 735 657 Respondendurn
755 578 834 637 eninr
854 592 927 646 erat,
941 598 979 639 ne
992 580 1069 639 forte
1077 600 1152 660 pro·

38 660 120 717 rarius
137 658 255 736 gloriam
274 672 444 729 mereretur,
462 660 668 736 infamiamque
689 658 841 717 modestia.
883 658 999 719 Horum
1013 680 1084 719 vero
1097 662 1152 722 sti·

36 739 101 797 nubs
111 760 142 798 ar
154 740 271 799 rombus
284 740 410 817 agitatus
424 741 517 799 fertur
532 740 662 799 Athenas
682 739 810 817 petiisse,
826 753 859 798 ut
872 740 1048 799 Groecorunr
1065 744 1155 820 peni·'

36 834 71 875 tur
82 821 181 896 ingenia
194 840 348 898 moresque
361 834 565 899 pernosceret:
587 831 618 879 et
634 840 701 879 curn
713 820 815 878 multis
829 821 860 879 in
873 821 1006 880 Latinam
1019 821 1150 901 linguam

35 899 159 970 tanslatio,
172 915 237 979 poet
249 902 370 978 aliquod
385 914 500 980 tempus
515 900 575 961 voti
589 920 707 979 cornpos
718 900 842 959 Romam
856 914 999 960 remearet
1009 922 1076 961 curn
1086 924 1149 963 sar·

35 980 162 1041 dedicet
186 982 348 1051 comoediis,
371 1002 445 1060 quas
472 982 512 1040 ibi
542 982 707 1061 scripserat,
732 982 761 1039 in
784 983 882 1041 narirn
907 982 1060 1061 impositio,
1085 986 1149 1063 ipse

35 1063 136 1120 terrestri
156 1064 256 1121 itinere
281 1063 385 1122 Patras
410 1062 591 1143 perrexisse:
617 1062 692 1121 unde
718 1062 802 1122 brevi
828 1064 953 1122 transitu
980 1065 1009 1123 in
1033 1062 1150 1125 ltaliam

34 1144 159 1219 navigaret.
200 1144 261 1203 Ubi
283 1157 462 1222 exapertatae
481 1144 564 1203 naris
584 1142 684 1203 audito
704 1142 867 1221 naufragio,
880 1144 1039 1222 quorcirca
1052 1145 1149 1206 sinum

35 1218 152 1298 Illyricum
164 1224 329 1303 periclitata
342 1238 415 1295 erat,
428 1236 518 1284 tautae
534 1222 658 1303 jactura
671 1224 774 1284 dolore
794 1238 945 1303 permotus
963 1224 1150 1304 Stimpbalirn

36 1300 197 1364 inlrcadiam
211 1305 393 1365 decessisse:
413 1306 513 1383 ibique
532 1305 687 1365 defunctus
704 1324 739 1364 ac
756 1304 890 1384 sepultos
908 1304 1027 1383 publiea
1046 1306 1153 1369 tatur

37 1380 129 1443 Periisse
144 1406 207 1445 enm
227 1388 258 1445 in
280 1386 417 1455 Arcadia,
437 1387 501 1465 ipso
519 1386 622 1445 eodem
643 1397 719 1445 teste
739 1384 869 1446 Errrebio
888 1399 989 1446 notum
1009 1399 1065 1445 est.
1097 1386 1150 1447 ‘Et

40 1461 133 1540 'uptunis
149 1467 266 1545 quidem
289 1480 414 1545 quatuor
431 1466 590 1536 comoediis,
611 1466 724 1526 scilicet
741 1466 862 1535 Andria,
877 1464 1030 1537 Eunucho,
1045 1466 1149 1529 flaua

42 1547 252 1618 tontinoromeno,
268 1547 422 1626 Adelphis,
439 1547 634 1606 Menandrum
652 1548 830 1607 comicorum
849 1547 1010 1627 principem
1023 1547 1148 1609 Greco-

43 1641 88 1681 ron
102 1627 212 1687 inritatus
235 1629 388 1699 creditur;
415 1628 495 1706 quod
519 1642 549 1687 et
574 1628 699 1687 rubricae
725 1628 989 1688 vetustissimorum
1013 1629 1149 1691 codicum

43 1703 132 1766 biorn
170 1710 253 1776 Quin
275 1724 389 1788 partem
410 1710 572 1788 scripturae,
587 1709 656 1787 quia
676 1707 743 1787 plus
762 1709 950 1777 confusionis,
964 1730 1053 1787 quaro
1073 1710 1148 1771 locis

40 1782 179 1848 bunnia
192 1804 248 1861 est,
265 1791 362 1849 sciens
376 1791 470 1849 omisi.
512 1788 642 1849 lnnuunt
659 1800 689 1847 et
708 1788 823 1867 prologi
842 1790 961 1867 quidam
979 1791 1009 1849 iu
1026 1790 1149 1870 reliquis

37 1862 117 1927 duabu
129 1871 342 1949 Apollodorum
357 1868 550 1931 Corinthium.
584 1868 759 1929 Vendidisse
777 1890 845 1929 eom
859 1870 1034 1930 Eunuchum
1054 1891 1152 1942 suanm

37 1944 89 2005 bna
103 1966 148 2020 ert,
163 1953 269 2030 viginti
292 1951 418 2009 millibus
438 1970 605 2010 nummum:
627 1950 707 2029 quod
727 1951 853 2028 pretium
874 1966 940 2010 ante
961 1972 1029 2011 eum
1050 1952 1147 2013 nulius

37 2044 157 2105 eruperat.
198 2032 248 2091 Ad
277 2052 431 2100 summum,
455 2052 509 2090 suo
533 2052 639 2110 genere
666 2030 805 2109 poetandi
832 2045 931 2090 tantus
953 2032 998 2091 vir
1024 2032 1089 2103 suit,
1114 2046 1148 2094 ut

38 2104 197 2188 Hieronymus
225 2115 304 2172 inter
330 2126 455 2190 quatuor
481 2126 643 2190 poetarum,
668 2111 744 2171 duos
771 2111 882 2171 scilicet
906 2112 1090 2185 Graecorum,
1117 2128 1149 2175 et

35 2188 121 2249 utidem
139 2194 309 2253 latinorum
331 2194 421 2252 duces
440 2206 575 2270 quartum
600 2192 679 2251 hunc
699 2192 847 2251 nominare
866 2212 927 2253 non
945 2193 1069 2263 dubitet,
1091 2195 1149 2253 boo

34 2270 114 2338 ordine,
137 2272 310 2345 Homerum,
336 2272 501 2351 Virgilium,
528 2272 733 2338 Menandrum,
759 2272 948 2332 Terentium:
975 2293 1063 2351 quarn
1090 2274 1148 2333 sibi

34 2350 198 2413 excellentiam
219 2376 280 2415 non
301 2354 361 2413 stili
382 2354 516 2413 attribuit
536 2353 669 2421 altitudo,
689 2373 749 2431 qua
768 2374 786 2411 a
805 2353 905 2412 multis
925 2374 984 2413 non
1005 2354 1094 2414 dubie
1114 2368 1147 2415 et

34 2424 159 2494 limando
177 2436 258 2515 apud
279 2456 351 2494 suos
372 2435 506 2503 vincitur,
526 2448 556 2493 et
577 2434 734 2493 Terentius
755 2434 835 2512 apud
854 2448 977 2505 nostros,
993 2448 1024 2493 et
1036 2454 1104 2512 quar.
1117 2436 1148 2495 in

34 2514 148 2572 comediis
165 2536 223 2575 non
241 2516 334 2575 modo
353 2536 411 2574 non
431 2516 601 2584 necessaria,
617 2514 669 2573 sed
683 2514 855 2593 plerumque
869 2516 957 2574 etiarn
970 2516 1077 2573 vitiosa
1089 2528 1146 2576 est.

33 2588 89 2653 Quid
105 2614 168 2673 ergo
186 2598 384 2656 humanorum
404 2616 518 2655 morum
538 2608 643 2655 exacta
663 2596 766 2653 notitia
778 2608 809 2654 et
827 2595 902 2654 ordo
921 2597 1094 2655 narrationis
1107 2598 1146 2655 alr

32 2668 77 2743 ipso
98 2673 230 2737 Cicerone
257 2677 405 2747 laudatur,
432 2690 463 2736 et
487 2676 546 2735 stili
569 2676 738 2755 jucunditas
764 2695 799 2735 ac
825 2677 942 2755 gratial
976 2674 1034 2735 Sed
1059 2697 1148 2755 super

33 2753 108 2818 mlii,
120 2770 150 2814 ut
161 2758 339 2834 quibusdam
353 2757 457 2836 placet,
472 2758 534 2815 sola
547 2758 711 2836 proprietas
725 2757 789 2816 brec
803 2756 889 2825 sacit;
912 2769 946 2815 ut
959 2758 1036 2815 eninr
1050 2758 1147 2836 primo

33 2826 131 2893 AEoeidis
155 2852 322 2897 commento
344 2840 385 2897 ait
412 2838 540 2905 Servius,
568 2837 718 2898 sciendum
745 2851 800 2905 est,
827 2836 998 2897 Terentium
1025 2850 1148 2917 propter

32 2910 97 2971 solam
109 2921 311 2996 proprietatem
326 2920 462 2978 omnibus
474 2918 591 2977 comicis
602 2938 667 2977 esee
680 2916 852 2995 prelatum:
869 2920 977 2996 quibus
986 2930 1040 2988 eet,
1052 2938 1144 2998 quan·

33 3004 75 3050 lm
85 3011 184 3073 spectat
196 3002 235 3059 ad
248 3014 367 3068 caetera,
383 3000 512 3058 inferior.
547 2998 638 3065 Quod
652 2998 787 3057 ultimum
800 3000 945 3068 omnibus,
960 3018 1033 3077 quos
1048 2999 1146 3079 legere

34 3076 97 3145 Nili,
122 3082 398 3140 commentatoribus
425 3080 565 3149 excussis,
594 3080 689 3138 Servii
710 3078 792 3139 salva
818 3100 890 3159 pace
918 3098 976 3139 non
1003 3078 1145 3158 approbo.

34 3146 86 3212 ileo
96 3160 136 3216 rel
149 3161 185 3219 ad
197 3162 333 3221 notitiam
347 3161 518 3232 habendam,
533 3160 580 3221 rel
594 3160 632 3221 ad
645 3180 774 3219 errorem
787 3160 1002 3231 declinandum,
1016 3162 1147 3221 breviter

34 3229 186 3301 dtierentio
199 3242 280 3303 diota
294 3254 390 3301 sunto.

240 3630 567 3707 DANIELIS
620 3626 900 3702 HEINSII

39 3786 71 3837 tu
83 3792 217 3850 uoanrrr
236 3800 284 3849 ns
302 3798 441 3849 canuno
458 3796 502 3846 nr
517 3794 697 3846 rennnrro
713 3791 889 3843 runrcruu
906 3791 1147 3845 nrsssa‘rnrro.

206 3970 247 4023 At
257 3969 344 4023 nostri
354 3966 449 4039 proari
460 3964 599 4020 Plautinos
610 3971 637 4017 et
648 3977 778 4017 numeros
787 3967 816 4014 et

208 4038 363 4095 laudavere
374 4038 458 4102 salem
478 4036 592 4090 nimium
605 4033 737 4116 patienter
748 4038 903 4100 utrumque,

209 4109 351 4165 Nedinum
363 4108 455 4173 stulte,
467 4106 572 4161 mirati:
592 4122 615 4159 sr
627 4100 710 4159 modo
723 4118 774 4171 ego
786 4108 874 4155 atros

209 4178 315 4235 Scimus
326 4178 489 4234 inurbanum
499 4174 591 4247 lepido
603 4188 733 4245 seponere
745 4170 828 4236 dicto,

209 4250 426 4323 legitimumque
438 4264 535 4303 sonum
547 4245 638 4316 digitis
650 4242 779 4297 callemus
790 4248 818 4294 et
830 4254 901 4292 anre.

43 4344 132 4425 Dm*
144 4371 270 4448 ‘quidm
287 4372 442 4451 iudicium·
457 4382 487 4429 et
500 4366 582 4447 quod
598 4386 656 4427 non
675 4382 762 4422 neruo
780 4361 836 4419 bac
853 4370 941 4451 aetate
958 4356 997 4451 qle
1015 4354 1152 4430 leporum

44 4444 141 4507 “mim
157 4468 281 4535 parente,
305 4472 421 4513 summo
441 4450 542 4513 critico
562 4468 597 4508 ac
618 4443 749 4529 monimo
767 4450 857 4519 poeta
875 4438 1021 4499 exordisse
1040 4430 1155 4501 nubere

568 4550 585 4588 e
