2834 4759
443 616 880 705 PRAEFATIO.

551 914 777 927 *-

99 1136 174 1221 Cum
193 1180 298 1244 nuper
318 1182 339 1223 a
360 1158 511 1223 Librario
529 1159 671 1243 quodam
690 1159 874 1225 Oxoniensi
893 1161 935 1227 de
954 1184 1039 1226 nova
1054 1164 1155 1226 abeo
1174 1183 1245 1225 sus-

97 1273 182 1347 cepta
195 1262 438 1329 Comoediarum
453 1262 602 1328 Terentii
616 1264 760 1329 editione
774 1265 894 1329 certior
914 1264 1021 1331 faetus
1036 1288 1154 1343 essem,
1169 1287 1245 1331 nec·

96 1386 153 1428 non
178 1376 289 1430 oratus
318 1388 427 1431 essem
455 1376 503 1443 ut,
535 1366 563 1429 si
588 1364 668 1449 quid
697 1364 853 1431 haberem
878 1368 968 1452 quod
996 1368 1030 1431 in
1056 1389 1140 1452 opus
1165 1390 1186 1431 a
1208 1388 1245 1431 se

98 1476 273 1553 susceptum
301 1466 453 1532 novitatis
475 1465 598 1552 aliquid
620 1466 741 1533 inferre
766 1480 892 1553 posset,
916 1469 950 1533 id
974 1492 1084 1535 secum
1104 1490 1247 1535 commu·

97 1570 235 1647 mearam,
251 1568 344 1634 nolui
362 1591 425 1654 ego
445 1567 529 1635 illius
550 1580 701 1653 rogatum
720 1570 847 1635 irritum
865 1570 948 1635 fieri.
988 1570 1155 1657 Cogitanti
1167 1568 1246 1635 mihi

96 1668 130 1734 de
156 1669 216 1737 bac
239 1694 289 1751 re,
318 1672 427 1737 statim
455 1674 489 1737 in
517 1683 659 1739 mentem
684 1673 773 1738 venit
800 1673 842 1738 de
872 1672 1011 1740 Scholiis
1038 1672 1246 1759 quibusdam,

96 1794 159 1855 quae
184 1796 248 1839 una
277 1796 353 1839 cum
380 1775 515 1859 picturis
542 1775 706 1840 veteribus
735 1772 824 1860 Ang.
849 1775 960 1841 Maius
983 1774 1028 1842 V.
1054 1773 1099 1841 D.
1123 1797 1246 1861 paucos

96 1885 161 1939 ante
182 1874 243 1941 hos
267 1898 371 1941 annos
394 1899 437 1941 ex
462 1875 639 1942 Codicibus
663 1875 891 1943 Ambrosianis
914 1879 949 1943 in
970 1877 1076 1944 lucem
1099 1876 1244 1964 protulit.

96 1974 161 2041 Nec
182 1989 344 2062 praeterea
362 1976 511 2043 meolam
530 1977 603 2056 fuit,
620 1990 741 2064 praeter
756 1980 863 2045 omnia
877 1982 997 2066 quibua
1017 1981 1080 2045 iste
1094 1979 1247 2045 Comicus

96 2080 262 2147 instructus
284 2104 302 2148 e
323 2080 425 2168 praelo
446 2094 498 2151 est
519 2084 652 2168 prodire
675 2082 803 2162 solitus,
827 2084 952 2150 scholia
971 2086 1116 2171 antiqua,
1135 2106 1248 2150 recen·

96 2182 267 2269 tiommque
285 2196 393 2263 notas,
409 2185 716 2263 animadversionem
732 2187 1039 2272 castigationesque,
1056 2184 1180 2252 scholia
1193 2185 1248 2251 illa

97 2297 161 2350 ante
176 2286 263 2352 dicta
277 2287 363 2352 inter
377 2286 523 2351 subsidia
537 2288 679 2352 auctoris
694 2289 799 2353 nostri
813 2310 834 2353 a
848 2287 938 2353 nullo
952 2290 1077 2354 editore
1095 2288 1139 2355 ad
1159 2288 1248 2353 hunc

97 2408 189 2473 usque
203 2390 291 2455 diem
305 2412 380 2455 esse
394 2388 551 2454 adhibita.
592 2388 720 2467 Codex,
736 2391 824 2455 unde
839 2390 950 2455 Maius
965 2391 1028 2455 ista
1043 2388 1175 2455 Scholia
1191 2413 1249 2456 ex·

98 2492 217 2575 serpsit,
232 2492 311 2557 noni
327 2490 436 2557 saeculi
451 2514 524 2557 esse
539 2490 730 2570 videbatur;
746 2492 900 2577 quocirca
914 2491 1066 2557 dubitare
1080 2490 1248 2570 nonlicet,

98 2592 165 2674 quin
189 2594 433 2679 antiquissimus
460 2594 502 2658 sit
529 2594 670 2658 omnium
691 2593 749 2678 qui
770 2593 871 2659 verba
896 2593 1081 2681 Calliopias
1101 2594 1249 2659 recensui

99 2694 260 2780 unicuique
281 2694 401 2761 fabular
422 2694 589 2781 adscripta
609 2694 764 2761 habeant.
810 2696 896 2763 Hoec
918 2719 993 2762 cum
1015 2697 1062 2761 ita
1083 2696 1160 2775 sint,
1182 2718 1248 2761 non

13 2848 14 2853 ,
99 2792 227 2861 diffiteor
242 2820 294 2862 me
310 2794 469 2881 Calliopio
487 2798 551 2882 ipsi
571 2795 703 2862 Scholia
723 2798 787 2863 ista
806 2797 996 2864 attribuere.
1034 2796 1190 2863 Attamen
1205 2798 1248 2863 de

100 2895 155 2961 vita
168 2900 250 2985 ejus,
267 2899 329 2964 nisi
346 2897 436 2982 quod
456 2899 584 2963 circiter
602 2921 724 2963 nonum
745 2898 899 2964 saeculum
912 2898 1034 2979 floruit,
1050 2910 1084 2965 et
1100 2899 1249 2965 Terentii

100 2994 274 3066 Comoedias
298 3000 474 3078 recensuit,
498 2998 578 3065 nihil
605 2999 694 3065 aliud
717 3002 799 3067 certi
822 3000 993 3068 habemus.
1042 3002 1117 3067 Nec
1141 3014 1250 3067 tamen

99 3120 155 3164 non
174 3104 323 3169 omnibus
341 3124 430 3167 curae
445 3102 630 3168 necessario
646 3102 707 3167 fuit
723 3104 819 3183 scire,
834 3105 908 3189 quis
928 3105 990 3170 iate
1005 3104 1249 3169 commentator

99 3213 186 3281 esset,
200 3206 295 3291 eujus
310 3203 411 3268 verba
423 3203 609 3290 Calliopiua
620 3206 769 3270 recensui
779 3205 822 3271 ad
837 3204 937 3271 finem
949 3207 1090 3271 omnium
1100 3206 1249 3271 Terentii

101 3302 330 3372 comoediarum
346 3306 578 3391 agnoscebant.
618 3305 761 3371 Primam
775 3318 809 3372 et
823 3330 895 3373 eam
911 3306 1013 3373 solam
1026 3310 1099 3393 ejus
1113 3309 1249 3373 mentio·

100 3426 163 3470 nem
188 3406 264 3473 lecit
293 3406 520 3493 Eugraphius,
545 3408 638 3493 cujus
663 3409 764 3474 verba
791 3420 867 3475 sunt
892 3411 935 3476 ad
958 3433 1069 3477 vocem
1092 3411 1249 3475 Pandite

100 3504 209 3585 (Andr.
223 3534 254 3575 v.
266 3511 299 3575 6.
314 3511 379 3593 17.)
393 3516 414 3545 “
425 3510 537 3576 Verba
553 3520 630 3575 sunt
642 3509 792 3597 Calliopii
805 3513 877 3597 ejus
892 3513 1086 3591 recitatoris,
1095 3514 1163 3598 qui,
1174 3535 1248 3578 cum

102 3608 231 3677 fabulam
253 3611 469 3691 temrinisset,
492 3611 641 3678 elevebat
664 3612 803 3679 aulaeum
825 3638 943 3695 scema,
965 3626 1000 3681 et
1020 3614 1248 3701 alloquebatur

102 3713 257 3796 populum,
275 3714 338 3779 Voa
352 3714 468 3793 valen,
486 3713 549 3778 Vos
557 3716 722 3801 plaudite,
734 3716 956 3799 sivesaoete.”
979 3718 1157 3803 Scripsisse
1172 3740 1248 3782 eum

103 3816 242 3896 quadam
258 3818 301 3882 ad
320 3816 558 3882 emendandmn
576 3816 726 3883 Terentii
744 3830 881 3896 textum,
904 3819 983 3884 satis
1005 3831 1080 3884 ante
1101 3841 1248 3904 comper·

104 3926 162 3981 tum
183 3918 260 3999 fuit3
285 3919 344 3984 sed
367 3918 476 4004 qualia
497 3942 537 3984 ea
559 3932 680 3999 essent,
711 3930 820 3985 utrum
843 3921 952 3986 adhuc
975 3922 1009 3984 in
1033 3920 1247 3987 Bibliothecis

103 4014 241 4101 laterent,
264 4022 423 4087 hactenus
449 4022 671 4107 ignorabatur.
722 4020 854 4087 Scholia
876 4024 1008 4108 quidem
1030 4021 1249 4089 Ambrosiana

106 4120 332 4191 similimdarem
348 4124 510 4209 quandam
525 4123 649 4191 hahent
661 4146 734 4189 cum
749 4124 820 4189 istis
834 4124 1013 4210 anonymis,
1025 4147 1100 4210 quae
1110 4125 1249 4211 primum

105 4222 196 4291 edidit
213 4226 252 4292 P.
268 4226 303 4293 d.
320 4226 494 4305 Brunsius,
510 4226 630 4311 (Hslae,
650 4226 757 4311 1811,)
772 4249 791 4292 e
806 4227 919 4293 codice
933 4225 1082 4292 Halensi.
1121 4226 1248 4295 Utcun-

108 4342 160 4405 que
180 4351 231 4395 res
254 4352 288 4394 se
310 4328 443 4408 haheat,
459 4351 498 4395 ea
514 4328 581 4413 jam
603 4329 727 4396 hancce
750 4340 895 4397 nostram
914 4328 1116 4415 ampliabunt
1133 4330 1248 4397 editio·
