2834 4759
43 192 148 237 scena
163 170 224 256 vn]
483 166 757 235 PHORMIO.
1129 168 1196 233 637

44 320 73 369 10
84 302 303 391 Gn.Vapula.
327 301 397 369 Au.
408 302 448 368 ld
458 302 588 387 quidem
600 303 660 368 tibi
669 304 739 389 jam
748 302 818 381 liet,
829 303 891 369 nisi
901 302 1038 381 reeiatie,
1047 302 1196 368 verbero.

84 405 153 469 Gn.
167 402 419 469 Familiariorem
431 412 561 486 oportet
576 422 649 467 eene
665 400 764 479 hunc,
778 402 836 486 qui
847 402 1013 481 minitatur
1026 399 1154 465 malum.

85 504 153 568 Sed
175 504 244 567 isne
267 511 318 567 eat
341 522 436 585 quem
451 520 574 583 quaero,
591 503 719 565 annoni
742 500 868 585 ipeu’st.
907 499 972 565 Pa.
990 498 1199 584 Congredere

150 612 306 666 actutum.
343 598 413 664 Art.
430 598 522 672 Quid
536 602 609 663 esti

49 754 54 765 .
86 700 154 765 Gn.
172 700 205 765 0
220 698 371 775 omnium,
388 708 544 782 quantum
566 707 618 761 eat
638 698 696 781 qui
711 698 830 775 vivant,
844 696 943 763 homo
963 697 1128 763 hominum
1149 719 1202 761 or-

149 797 346 862 natissume!

51 946 54 954 «
84 898 174 963 Nam
188 897 256 961 aine
273 892 491 960 controversia
505 892 548 957 ab
564 892 626 957 Dis
644 893 732 958 solua
746 892 894 981 diligere,
910 893 1071 978 Antipho.

46 1010 74 1057 15
87 996 156 1061 An·
171 996 223 1060 lta
237 992 348 1059 velim:
366 994 436 1069 sed,
452 994 506 1077 qui
523 994 607 1057 istuc
621 992 751 1057 credam
765 992 811 1057 ita
826 1014 911 1070 ease,
923 991 1002 1056 mihi
1017 991 1080 1057 dici
1095 989 1201 1057 velim.

90 1096 158 1159 Ga.
177 1094 278 1159 Satin’
292 1103 353 1169 est,
370 1092 397 1155 si
412 1102 444 1156 te
459 1090 637 1156 delibutum
652 1090 773 1174 gaudio
787 1090 913 1155 reddo?
949 1088 1019 1156 An.
1036 1090 1168 1156 Enicas.

86 1192 153 1258 Ριι.
172 1192 275 1354 anpI
285 1203 321 1256 tu
343 1189 418 1255 hinc
439 1188 686 1275 pollicitationes
708 1188 818 1254 aufer:
845 1200 879 1253 et
899 1189 990 1275 quod
1014 1188 1093 1267 fers,
1107 1188 1201 1254 cedo.

153 1290 222 1355 Ge.
276 1293 314 1354 o!
687 1298 690 1303 “
787 1300 793 1306 ”

86 1387 143 1453 Τιι
158 1408 290 1473 quoque
305 1388 433 1465 aderas,
450 1386 626 1453 Phormio?
664 1385 728 1452 Ph.
744 1383 908 1452 Aderam:
932 1387 992 1453 sed
1013 1397 1050 1453 tn
1069 1388 1201 1451 cerami

150 1486 220 1551 Gn.
237 1484 374 1570 Accipe,
390 1485 484 1551 hem!

86 1583 134 1649 Ut
149 1584 247 1649 modo
262 1594 433 1668 argentum
447 1585 507 1648 tibi
520 1583 668 1649 dedimus
683 1583 773 1669 apud
787 1582 904 1661 forum,
919 1592 1010 1648 recta
1024 1584 1156 1649 domum

45 1693 75 1741 ιο
87 1681 208 1747 Sumus
222 1680 379 1767 profecti:
402 1682 526 1747 interea
540 1682 636 1747 mittit
651 1681 752 1747 heroe
766 1704 818 1747 me
831 1682 875 1747 ad
889 1703 1025 1747 uxorem
1038 1692 1138 1747 tuam,

47 1848 108 1896 Nam
121 1846 293 1897 edicebmlute
310 1844 425 1911 ponitur;
443 1840 470 1896 ut
484 1848 609 1897 flecht.
643 1848 705 1896 niooe
727 1847 859 1911 postulent,
883 1858 911 1897 ut
930 1864 1026 1913 quoque
1049 1847 1204 1897 Phormionie

47 1915 85 1960 48.
120 1914 152 1961 lit
170 1930 285 1975 nunquam
302 1914 374 1969 hodie,
391 1924 481 1977 preter
497 1914 609 1971 comit-oe,
643 1912 721 1961 oratio
732 1911 898 1961 internecatur.
927 1914 1039 1977 Denique
1053 1914 1142 1961 durum
1159 1925 1204 1973 eat,

46 1978 85 2041 qui
96 1978 187 2042 passim
198 1988 307 2035 utuntur,
316 1977 389 2026 etiarn
401 1976 518 2041 Virgilius
529 1978 609 2037 hahet,
642 1979 713 2026 Gerae
724 1978 800 2025 talem
811 1977 947 2027 orationem
960 1979 1074 2027 tribuere.
1098 1979 1126 2027 Z.

47 2044 167 2106 Nunquam
181 2058 257 2091 omnes
273 2044 338 2090 hodie
350 2046 469 2091 moriemur
480 2046 556 2091 inuiti.
580 2044 609 2092 B.
677 2044 713 2089 13.
729 2043 775 2090 Pro
784 2043 877 2106 vulgari
886 2046 1063 2092 honoratiorem
1072 2042 1205 2091 meliorest

79 2105 434 2170 lo.1entrqneemjanflee]
450 2108 548 2171 ldquod
561 2108 606 2156 ribi
642 2106 756 2155 Bembini
772 2112 927 2156 ornatiorem.
958 2108 1080 2157 Ceterum
1099 2123 1113 2155 a
1129 2108 1204 2156 Bem-

47 2170 93 2219 dici
104 2172 207 2231 audivit,
220 2171 353 2220 minitatur.
373 2172 449 2220 litent
459 2171 608 2221 convenient
641 2172 698 2221 hino
715 2171 859 2229 recedimus.
870 2184 894 2221 et
911 2172 1081 2237 amplectimur
1094 2172 1205 2220 omnium

48 2252 111 2285 error
130 2236 265 2287 festinanti.
289 2237 511 2301 l).-Vupnlnhere]
535 2238 608 2292 Quod
640 2236 742 2284 aliorum
755 2236 823 2284 codd.
836 2240 1037 2294 inminentem,-
1054 2247 1082 2286 ut
1099 2236 1202 2285 Ennii.

48 2301 90 2349 eihi
111 2302 159 2350 dici
177 2311 308 2359 meruerat,
330 2302 464 2350 minitatur.
494 2302 606 2351 lit—Va·
640 2304 697 2350 21.
716 2300 786 2349 Adel.
798 2300 824 2349 ii.
838 2304 859 2349 Β
875 2303 910 2350 10.
931 2302 959 2350 Β.
1132 2331 1134 2334 -

45 2364 110 2429 patre]
131 2367 170 2416 lta
187 2366 302 2416 melioret
319 2366 382 2413 libri.
405 2366 461 2415 Vid.
475 2367 562 2415 Festus
582 2367 608 2417 in
675 2369 712 2415 14.
734 2369 787 2415 Sine
809 2366 974 2430 controversia]
1003 2367 1062 2416 Sine
1083 2364 1204 2430 ambigui·

53 2432 136 2493 Vapulo
151 2434 258 2493 Papirio.
284 2430 395 2480 L.-Pro
411 2433 536 2493 Vapulahie
554 2432 607 2480 vul·
642 2441 697 2480 tate.
723 2430 842 2479 D.—Sr'ne
853 2430 1016 2494 controversia]
1034 2432 1092 2481 Sine
1108 2431 1204 2482 dubita·

49 2496 96 2557 gari
114 2512 145 2544 ex
163 2496 249 2545 Bemh
267 2506 292 2544 et
304 2494 422 2544 Vaticano
434 2511 519 2545 versut
537 2512 610 2546 causa
642 2497 718 2554 tione,
729 2496 782 2545 eine
794 2496 939 2559 quaetione:
952 2497 1043 2561 quippe
1053 2500 1206 2545 morrono

49 2558 98 2623 lege
116 2563 214 2623 Vepulce
243 2560 329 2609 Fertur
343 2561 399 2609 olim
418 2561 482 2609 idem
499 2562 608 2624 legebat:
642 2572 679 2610 est
690 2560 850 2610 contradictio
867 2577 899 2609 ex
913 2561 1073 2611 affirmatione
1089 2573 1114 2609 et
1130 2576 1204 2625 nepu-

52 2626 143 2685 Vepula,
156 2626 244 2689 inquit,
257 2634 304 2673 tum
321 2628 368 2673 diei
383 2628 481 2684 solitam,
493 2643 543 2675 eum
559 2630 606 2675 oei·
640 2626 706 2674 tione
718 2626 826 2688 ejusdem
844 2626 894 2682 rei;
912 2626 977 2675 unde
994 2626 1102 2679 nascitur
1119 2637 1204 2675 otetur.

50 2690 389 2753 lenlniaantiberrigniflcare.
407 2708 431 2739 ee
446 2708 482 2738 eor
493 2694 608 2755 negligere
640 2691 744 2739 E.—Ae
761 2693 807 2739 Dir
821 2694 881 2739 solue
897 2691 1008 2756 diligere]
1032 2690 1111 2740 Plaut.
1129 2691 1205 2740 Milic.

48 2762 70 2800 et
80 2772 120 2803 ron
131 2772 222 2805 errrore.
241 2757 338 2803 Plautus
349 2759 372 2803 in
382 2757 552 2804 Foereretrr‘ce:
565 2758 607 2804 Li·
640 2759 700 2805 eolus
712 2772 776 2819 quern
786 2759 819 2804 Di
829 2759 937 2820 diligent.
961 2757 990 2806 L.

51 2820 110 2867 herto
127 2824 208 2869 reive.-
229 2822 318 2881 Vipera
339 2818 442 2881 Papiria.
476 2824 554 2869 AEliar
569 2824 610 2869 lec
676 2822 713 2869 lli.
727 2824 753 2869 Si
764 2832 786 2870 re
803 2824 929 2870 &illectum
942 2824 1029 2885 gaudio
1043 2819 1146 2885 reddet]
1166 2821 1205 2869 ad

50 2884 99 2941 heo,
108 2888 191 2947 vopulo
200 2889 297 2946 peritum
305 2888 449 2946 ureniheim
457 2888 521 2941 dole,·
537 2888 610 2933 Varro
641 2886 750 2935 animum
759 2887 890 2944 transtulit,
898 2888 962 2949 quod
971 2898 1006 2935 eet
1014 2887 1129 2951 corporin
1140 2886 1205 2935 Nam

47 2954 224 3063 &leitil
237 2952 610 3079 ltilzldtllnlt
640 2952 1206 3080 hillidii:irminhilt

51 3088 111 3127 reret
126 3082 254 3141 copulabis,
265 3080 355 3127 nebulo
366 3080 453 3142 aliqui
470 3081 500 3128 ad
513 3096 610 3128 vernum
642 3084 729 3130 liniens
760 3081 868 3128 Crucian
890 3081 920 3129 Β.

50 3142 610 3271 irenemreticerem
642 3144 1012 3273 detinentem

52 3272 111 3332 quod
122 3273 194 3322 hodie
203 3273 266 3321 male
278 3272 303 3321 in
313 3274 366 3321 edd.
375 3274 458 3321 multis
469 3274 564 3337 legitur.
580 3275 608 3323 B.
676 3276 713 3323 18.
727 3278 774 3323 Hic
790 3286 846 3339 post
861 3294 947 3339 qnoque
958 3288 1024 3325 recte
1035 3277 1104 3324 abest
1113 3275 1140 3324 in
1157 3276 1205 3325 ra-

85 3338 118 3385 ll.
129 3336 325 3401 Familiariorem]
348 3339 376 3386 ld
395 3347 439 3396 eet,
451 3339 485 3387 ita
503 3355 608 3397 nervum,
642 3340 695 3388 erni
707 3340 784 3398 libris,
797 3350 821 3388 et
838 3349 863 3389 te
879 3344 988 3406 porreeti
997 3341 1072 3390 iidem
1084 3350 1150 3390 recte
1161 3342 1206 3390 hn-

53 3408 78 3447 ut
95 3416 158 3451 nunc
176 3418 238 3453 sum.
263 3402 405 3451 n-Recte
428 3418 442 3451 a
466 3404 561 3452 Faerno
584 3414 610 3452 et
642 3406 706 3454 bent
730 3405 758 3453 Β.

54 3463 184 3517 Bentleior
217 3468 314 3516 udi'atur
325 3468 386 3516 illud
397 3472 444 3530 qni,
456 3469 512 3531 quia
524 3469 550 3517 in
564 3484 607 3517 an·
676 3472 714 3519 19.
731 3473 763 3519 Ut
778 3473 842 3519 enode
853 3470 986 3535 argentam]
1007 3471 1070 3520 Vide
1086 3470 1205 3519 narratio-

54 3528 191 3592 tiquiorihur
212 3533 271 3581 ihrie
282 3534 352 3591 absit,
363 3543 388 3581 et
400 3547 508 3583 averna
515 3534 609 3583 ratione
641 3550 699 3583 uem
718 3546 823 3599 creptum
844 3539 910 3584 unde
928 3552 989 3601 opue
1006 3547 1049 3584 ert
1071 3538 1207 3585 D.-Modo

53 3594 176 3655 reJiciatur.
205 3600 279 3647 Certe
290 3602 470 3673 quispersona
488 3599 610 3662 loquentis
641 3600 775 3663 argentum]
798 3600 864 3650 lluic
882 3600 1015 3650 narrationi
1039 3600 1138 3649 initium
1161 3610 1206 3658 ert,

54 3658 167 3721 abhorret,
184 3663 306 3725 efficitque
314 3674 448 3711 orationem
461 3663 607 3727 languidam.
642 3665 707 3713 unde
731 3665 846 3729 oportuit,
869 3677 983 3714 sumtum.
1008 3666 1121 3713 E.-Pro
1142 3674 1207 3714 reeta

54 3720 113 3798 Npm
124 3729 239 3791 neyndore
250 3728 369 3776 concitate
386 3727 540 3791 loquentibus
556 3744 608 3777 ma·
641 3732 730 3778 domurn
749 3745 836 3779 remur
855 3730 993 3778 neceesario
1015 3730 1122 3794 postulat
1143 3738 1208 3778 reeta

54 3802 88 3849 gu
98 3794 251 3841 conveniunt.
276 3792 304 3840 Z.
642 3797 815 3851 odorrem,
834 3796 895 3843 he.
914 3798 947 3843 ad
964 3798 1052 3844 &men
1073 3798 1206 3853 Chremetis,

86 3856 120 3902 12
133 3860 177 3905 Oro
207 3860 274 3906 edere
284 3857 398 3921 wiotum]
413 3858 442 3905 ld
454 3867 498 3916 ert,
510 3858 559 3908 cito
570 3874 610 3907 me
642 3859 1060 3921 ubiuxorejueeratconvenienda:
1073 3859 1206 3907 utAndii.

54 3922 157 3969 conveni.
203 3922 372 3972 .-Bentleiue
385 3924 456 3971 verba
470 3926 611 3987 Congredere
644 3926 665 3972 2.
687 3926 726 3972 24.
755 3925 819 3972 Nem
840 3925 962 3989 Demipho
984 3924 1068 3972 aloro
1089 3935 1156 3972 recta
1176 3924 1208 3973 ad

55 3990 149 4034 mierum
158 3988 248 4051 aliquot
257 3988 325 4035 codd.
336 3988 475 4037 auctoribus
487 3988 533 4052 ipsi
541 3990 611 4037 Getae
644 3988 823 4037 Nausistratnm
845 3990 903 4043 ibat.
924 4005 946 4038 v.
966 3991 1039 4037 211.
1060 3998 1086 4037 et
1103 4005 1125 4037 v.
1145 3991 1167 4037 8.
1184 3988 1206 4038 7.

54 4046 175 4100 tribuenda
188 4064 263 4117 putat.
277 4053 373 4113 jubenti
390 4054 421 4101 oh
437 4054 611 4102 conscientiam
643 4054 707 4103 sicut
723 4056 828 4117 jumerat
844 4054 926 4112 irater,
943 4054 976 4102 iv.
989 4056 1011 4102 ὅ.
1024 4054 1047 4105 7.
1071 4054 1169 4103 Deinde
1185 4054 1208 4104 ni

55 4108 166 4164 hrinimi
185 4117 268 4165 nuncii
286 4119 379 4175 herum,
392 4130 508 4180 quantum
526 4118 610 4183 poerit,
643 4128 707 4167 recte
723 4122 811 4167 donem
827 4119 903 4177 ibent,
921 4135 992 4183 quem
1011 4134 1109 4168 aeneum
1126 4135 1209 4183 quaero

56 4181 171 4240 congredi,
183 4193 210 4230 ut
221 4198 277 4231 eum
287 4182 330 4230 illo
341 4182 471 4247 impertiat.
482 4195 612 4247 propterea
644 4196 747 4248 possunt
757 4185 847 4233 hahere
858 4185 938 4241 verba,
948 4188 1021 4233 mittit
1031 4202 1065 4233 ne
1076 4188 1109 4233 od
1116 4202 1208 4235 merear

57 4244 115 4300 quod
131 4244 226 4297 demum
245 4262 315 4295 versu
330 4248 359 4295 18
379 4248 550 4296 Phormionem
568 4249 610 4297 ad·
645 4258 715 4307 taem,
725 4264 779 4312 qun
790 4249 843 4313 ipea
855 4250 888 4297 ihi
900 4248 965 4298 domi
978 4252 1048 4299 erati
1074 4251 1102 4299 Β.

58 4317 107 4353 erae
123 4310 210 4360 sentiet
226 4314 296 4361 Geta.
323 4311 395 4361 liele.
424 4312 488 4361 Nom
505 4314 612 4377 primum
677 4315 807 4363 eonem
824 4318 892 4363 hem
910 4332 946 4362 ere
964 4319 997 4365 ed
1017 4333 1108 4365 ereren
1130 4314 1206 4379 narr]

59 4366 167 4423 Phormio
183 4392 231 4425 non
247 4377 278 4425 ed
295 4378 383 4426 Getam
400 4376 441 4426 illa
458 4378 532 4425 verba
544 4378 611 4437 dicit,
645 4378 786 4429 convertur
812 4379 844 4429 ad
869 4380 1038 4445 Antiphonem
1065 4381 1112 4431 hoc
1139 4380 1207 4429 dicit.

60 4434 101 4483 red
116 4438 147 4487 ad
161 4440 336 4507 Antiphonem.
360 4442 456 4494 Deinde
474 4442 541 4508 leger
558 4458 612 4494 ree-
646 4444 677 4492 D.
1000 4471 1003 4478 ·
