<?xml version="1.0" encoding="UTF-8"?>
<!DOCTYPE html PUBLIC "-//W3C//DTD XHTML 1.0 Transitional//EN"
    "http://www.w3.org/TR/xhtml1/DTD/xhtml1-transitional.dtd">
<html xmlns="http://www.w3.org/1999/xhtml" xml:lang="en" lang="en">
 <head>
  <title>
</title>
<meta http-equiv="Content-Type" content="text/html;charset=utf-8" />
  <meta name='ocr-system' content='tesseract 3.04.00' />
  <meta name='ocr-capabilities' content='ocr_page ocr_carea ocr_par ocr_line ocrx_word'/>
</head>
<body>
  <div class='ocr_page' id='page_1' title='image "./publiiterentiic01lindgoog/publiiterentiic01lindgoog_0030.png"; bbox 0 0 2834 4759; ppageno 0'>
   <div class='ocr_carea' id='block_1_1' title="bbox 449 216 1177 285">
    <p class='ocr_par' dir='ltr' id='par_1_1' title="bbox 449 216 1177 285">
     <span class='ocr_line' id='line_1_1' title="bbox 449 216 1177 285; baseline -0.001 -3"><span class='ocrx_word' id='word_1_1' title='bbox 449 216 757 285; x_wconf 81' lang='lat' dir='ltr'>PRAEFATIO.</span> <span class='ocrx_word' id='word_1_2' title='bbox 1156 240 1177 281; x_wconf 82' lang='lat' dir='ltr'><strong>r</strong></span> 
     </span>
    </p>
   </div>
   <div class='ocr_carea' id='block_1_2' title="bbox 42 368 1190 4543">
    <p class='ocr_par' dir='ltr' id='par_1_2' title="bbox 42 368 1190 4543">
     <span class='ocr_line' id='line_1_2' title="bbox 44 368 1178 455; baseline 0.001 -22"><span class='ocrx_word' id='word_1_3' title='bbox 44 378 118 433; x_wconf 85' lang='lat' dir='ltr'><strong>esset</strong></span> <span class='ocrx_word' id='word_1_4' title='bbox 137 369 302 433; x_wconf 78' lang='lat' dir='ltr'><strong>universas</strong></span> <span class='ocrx_word' id='word_1_5' title='bbox 324 370 578 455; x_wconf 50' lang='lat' dir='ltr'><strong>paginas,*saepe</strong></span> <span class='ocrx_word' id='word_1_6' title='bbox 600 392 674 435; x_wconf 89' lang='lat' dir='ltr'><strong>eum</strong></span> <span class='ocrx_word' id='word_1_7' title='bbox 688 392 807 455; x_wconf 86' lang='lat' dir='ltr'><strong>magno</strong></span> <span class='ocrx_word' id='word_1_8' title='bbox 821 370 931 447; x_wconf 67' lang='lat' dir='ltr'><strong>taedio,</strong></span> <span class='ocrx_word' id='word_1_9' title='bbox 946 368 1128 455; x_wconf 80' lang='lat' dir='ltr'>perlegere,</span> <span class='ocrx_word' id='word_1_10' title='bbox 1143 382 1178 434; x_wconf 88' lang='lat' dir='ltr'><strong>et</strong></span> 
     </span>
     <span class='ocr_line' id='line_1_3' title="bbox 45 470 1177 557; baseline 0.002 -22"><span class='ocrx_word' id='word_1_11' title='bbox 45 472 117 535; x_wconf 82' lang='lat' dir='ltr'><strong>inde</strong></span> <span class='ocrx_word' id='word_1_12' title='bbox 133 470 296 557; x_wconf 81' lang='lat' dir='ltr'>colligere,</span> <span class='ocrx_word' id='word_1_13' title='bbox 325 472 404 557; x_wconf 90' lang='lat' dir='ltr'><strong>quid</strong></span> <span class='ocrx_word' id='word_1_14' title='bbox 435 472 498 537; x_wconf 86' lang='lat' dir='ltr'><strong>sibi</strong></span> <span class='ocrx_word' id='word_1_15' title='bbox 526 482 639 537; x_wconf 89' lang='lat' dir='ltr'><strong>auctor</strong></span> <span class='ocrx_word' id='word_1_16' title='bbox 667 472 773 537; x_wconf 86' lang='lat' dir='ltr'><strong>vellet.</strong></span> <span class='ocrx_word' id='word_1_17' title='bbox 830 473 918 537; x_wconf 88' lang='lat' dir='ltr'><strong>Satis</strong></span> <span class='ocrx_word' id='word_1_18' title='bbox 946 474 989 537; x_wconf 91' lang='lat' dir='ltr'><strong>de</strong></span> <span class='ocrx_word' id='word_1_19' title='bbox 1015 471 1177 537; x_wconf 89' lang='lat' dir='ltr'><strong>Bentleio.</strong></span> 
     </span>
     <span class='ocr_line' id='line_1_4' title="bbox 45 572 1179 661; baseline 0.002 -24"><span class='ocrx_word' id='word_1_20' title='bbox 45 572 214 637; x_wconf 82' lang='lat' dir='ltr'><strong>Dicendum</strong></span> <span class='ocrx_word' id='word_1_21' title='bbox 228 585 292 651; x_wconf 84' lang='lat' dir='ltr'><strong>est,</strong></span> <span class='ocrx_word' id='word_1_22' title='bbox 308 574 387 659; x_wconf 91' lang='lat' dir='ltr'><strong>quid</strong></span> <span class='ocrx_word' id='word_1_23' title='bbox 400 574 554 639; x_wconf 88' lang='lat' dir='ltr'><strong>acciderit</strong></span> <span class='ocrx_word' id='word_1_24' title='bbox 568 574 715 653; x_wconf 79' lang='lat' dir='ltr'><strong>Donato,</strong></span> <span class='ocrx_word' id='word_1_25' title='bbox 727 576 783 660; x_wconf 90' lang='lat' dir='ltr'><strong>qui</strong></span> <span class='ocrx_word' id='word_1_26' title='bbox 798 598 886 652; x_wconf 87' lang='lat' dir='ltr'><strong>sane,</strong></span> <span class='ocrx_word' id='word_1_27' title='bbox 899 576 942 639; x_wconf 90' lang='lat' dir='ltr'><strong>oh</strong></span> <span class='ocrx_word' id='word_1_28' title='bbox 954 576 1179 661; x_wconf 72' lang='lat' dir='ltr'><strong>antiquitatem</strong></span> 
     </span>
     <span class='ocr_line' id='line_1_5' title="bbox 43 675 1179 761; baseline 0.004 -23"><span class='ocrx_word' id='word_1_29' title='bbox 43 685 71 738; x_wconf 90' lang='lat' dir='ltr'><strong>et</strong></span> <span class='ocrx_word' id='word_1_30' title='bbox 88 675 274 753; x_wconf 87' lang='lat' dir='ltr'><strong>doctrinam,</strong></span> <span class='ocrx_word' id='word_1_31' title='bbox 298 678 436 761; x_wconf 90' lang='lat' dir='ltr'><strong>primum</strong></span> <span class='ocrx_word' id='word_1_32' title='bbox 460 688 548 741; x_wconf 86' lang='lat' dir='ltr'><strong>tenet</strong></span> <span class='ocrx_word' id='word_1_33' title='bbox 570 678 654 742; x_wconf 90' lang='lat' dir='ltr'><strong>inter</strong></span> <span class='ocrx_word' id='word_1_34' title='bbox 679 676 869 743; x_wconf 71' lang='lat' dir='ltr'><strong>scholiastae</strong></span> <span class='ocrx_word' id='word_1_35' title='bbox 894 676 1010 743; x_wconf 86' lang='lat' dir='ltr'><strong>locum.</strong></span> <span class='ocrx_word' id='word_1_36' title='bbox 1053 676 1179 743; x_wconf 88' lang='lat' dir='ltr'><strong>Verum</strong></span> 
     </span>
     <span class='ocr_line' id='line_1_6' title="bbox 42 778 1178 865; baseline 0.002 -22"><span class='ocrx_word' id='word_1_37' title='bbox 42 800 108 843; x_wconf 83' lang='lat' dir='ltr'><strong>sane</strong></span> <span class='ocrx_word' id='word_1_38' title='bbox 128 778 304 843; x_wconf 88' lang='lat' dir='ltr'><strong>dolendum</strong></span> <span class='ocrx_word' id='word_1_39' title='bbox 325 790 387 857; x_wconf 86' lang='lat' dir='ltr'><strong>est,</strong></span> <span class='ocrx_word' id='word_1_40' title='bbox 409 780 480 865; x_wconf 87' lang='lat' dir='ltr'><strong>ejus</strong></span> <span class='ocrx_word' id='word_1_41' title='bbox 503 778 635 856; x_wconf 88' lang='lat' dir='ltr'><strong>scholia,</strong></span> <span class='ocrx_word' id='word_1_42' title='bbox 657 779 765 865; x_wconf 83' lang='lat' dir='ltr'><strong>qualia</strong></span> <span class='ocrx_word' id='word_1_43' title='bbox 787 780 920 865; x_wconf 88' lang='lat' dir='ltr'><strong>quidem</strong></span> <span class='ocrx_word' id='word_1_44' title='bbox 940 780 1038 845; x_wconf 85' lang='lat' dir='ltr'><strong>hodie</strong></span> <span class='ocrx_word' id='word_1_45' title='bbox 1053 791 1178 858; x_wconf 83' lang='lat' dir='ltr'><strong>extant,</strong></span> 
     </span>
     <span class='ocr_line' id='line_1_7' title="bbox 42 879 1178 967; baseline 0.004 -24"><span class='ocrx_word' id='word_1_46' title='bbox 42 879 169 965; x_wconf 82' lang='lat' dir='ltr'><strong>inprimis</strong></span> <span class='ocrx_word' id='word_1_47' title='bbox 191 880 317 966; x_wconf 84' lang='lat' dir='ltr'><strong>duplici</strong></span> <span class='ocrx_word' id='word_1_48' title='bbox 338 880 486 946; x_wconf 85' lang='lat' dir='ltr'><strong>laborare</strong></span> <span class='ocrx_word' id='word_1_49' title='bbox 507 883 594 956; x_wconf 85' lang='lat' dir='ltr'><strong>vitio,</strong></span> <span class='ocrx_word' id='word_1_50' title='bbox 615 881 872 967; x_wconf 79' lang='lat' dir='ltr'><strong>interpolationis</strong></span> <span class='ocrx_word' id='word_1_51' title='bbox 894 894 928 947; x_wconf 90' lang='lat' dir='ltr'><strong>et</strong></span> <span class='ocrx_word' id='word_1_52' title='bbox 949 884 1178 967; x_wconf 88' lang='lat' dir='ltr'><strong>corruptionis.</strong></span> 
     </span>
     <span class='ocr_line' id='line_1_8' title="bbox 42 980 1182 1069; baseline 0.004 -24"><span class='ocrx_word' id='word_1_53' title='bbox 42 980 92 1045; x_wconf 79' lang='lat' dir='ltr'><strong>Illa</strong></span> <span class='ocrx_word' id='word_1_54' title='bbox 103 984 184 1047; x_wconf 87' lang='lat' dir='ltr'><strong>enim</strong></span> <span class='ocrx_word' id='word_1_55' title='bbox 196 1006 274 1049; x_wconf 84' lang='lat' dir='ltr'><strong>esse</strong></span> <span class='ocrx_word' id='word_1_56' title='bbox 288 984 483 1069; x_wconf 80' lang='lat' dir='ltr'><strong>interpolata</strong></span> <span class='ocrx_word' id='word_1_57' title='bbox 497 985 679 1049; x_wconf 87' lang='lat' dir='ltr'><strong>accessione</strong></span> <span class='ocrx_word' id='word_1_58' title='bbox 694 981 921 1049; x_wconf 90' lang='lat' dir='ltr'><strong>nonnullorum</strong></span> <span class='ocrx_word' id='word_1_59' title='bbox 935 983 1071 1048; x_wconf 87' lang='lat' dir='ltr'><strong>aliorum</strong></span> <span class='ocrx_word' id='word_1_60' title='bbox 1085 984 1182 1049; x_wconf 85' lang='lat' dir='ltr'><strong>scho-</strong></span> 
     </span>
     <span class='ocr_line' id='line_1_9' title="bbox 42 1080 1181 1171; baseline 0.004 -24"><span class='ocrx_word' id='word_1_61' title='bbox 42 1080 151 1162; x_wconf 87' lang='lat' dir='ltr'><strong>liomm,</strong></span> <span class='ocrx_word' id='word_1_62' title='bbox 166 1087 258 1171; x_wconf 89' lang='lat' dir='ltr'><strong>quod</strong></span> <span class='ocrx_word' id='word_1_63' title='bbox 281 1085 383 1151; x_wconf 85' lang='lat' dir='ltr'><strong>fatum</strong></span> <span class='ocrx_word' id='word_1_64' title='bbox 398 1108 527 1171; x_wconf 89' lang='lat' dir='ltr'><strong>quoque</strong></span> <span class='ocrx_word' id='word_1_65' title='bbox 542 1090 575 1151; x_wconf 90' lang='lat' dir='ltr'><strong>in</strong></span> <span class='ocrx_word' id='word_1_66' title='bbox 587 1085 845 1171; x_wconf 77' lang='lat' dir='ltr'><strong>Aristophanem</strong></span> <span class='ocrx_word' id='word_1_67' title='bbox 858 1086 988 1151; x_wconf 88' lang='lat' dir='ltr'><strong>scholiis</strong></span> <span class='ocrx_word' id='word_1_68' title='bbox 1002 1087 1119 1162; x_wconf 84' lang='lat' dir='ltr'><strong>evenit,</strong></span> <span class='ocrx_word' id='word_1_69' title='bbox 1134 1087 1181 1151; x_wconf 91' lang='lat' dir='ltr'><strong>ita</strong></span> 
     </span>
     <span class='ocr_line' id='line_1_10' title="bbox 43 1184 1181 1273; baseline 0.004 -24"><span class='ocrx_word' id='word_1_70' title='bbox 43 1184 148 1251; x_wconf 78' lang='lat' dir='ltr'><strong>clanim</strong></span> <span class='ocrx_word' id='word_1_71' title='bbox 161 1200 223 1265; x_wconf 90' lang='lat' dir='ltr'><strong>est,</strong></span> <span class='ocrx_word' id='word_1_72' title='bbox 241 1200 280 1252; x_wconf 94' lang='lat' dir='ltr'><strong>ut</strong></span> <span class='ocrx_word' id='word_1_73' title='bbox 298 1210 362 1253; x_wconf 93' lang='lat' dir='ltr'><strong>non</strong></span> <span class='ocrx_word' id='word_1_74' title='bbox 383 1189 445 1252; x_wconf 89' lang='lat' dir='ltr'><strong>nisi</strong></span> <span class='ocrx_word' id='word_1_75' title='bbox 465 1188 527 1253; x_wconf 82' lang='lat' dir='ltr'><strong>levi</strong></span> <span class='ocrx_word' id='word_1_76' title='bbox 547 1188 746 1273; x_wconf 85' lang='lat' dir='ltr'><strong>inspectione</strong></span> <span class='ocrx_word' id='word_1_77' title='bbox 768 1189 811 1253; x_wconf 88' lang='lat' dir='ltr'><strong>sit</strong></span> <span class='ocrx_word' id='word_1_78' title='bbox 832 1210 937 1273; x_wconf 83' lang='lat' dir='ltr'><strong>opus·</strong></span> <span class='ocrx_word' id='word_1_79' title='bbox 972 1188 1047 1254; x_wconf 81' lang='lat' dir='ltr'><strong>lloe</strong></span> <span class='ocrx_word' id='word_1_80' title='bbox 1067 1189 1181 1253; x_wconf 77' lang='lat' dir='ltr'><strong>sitium</strong></span> 
     </span>
     <span class='ocr_line' id='line_1_11' title="bbox 44 1288 1181 1376; baseline 0.004 -25"><span class='ocrx_word' id='word_1_81' title='bbox 44 1300 228 1354; x_wconf 82' lang='lat' dir='ltr'><strong>autemeam</strong></span> <span class='ocrx_word' id='word_1_82' title='bbox 252 1288 323 1354; x_wconf 90' lang='lat' dir='ltr'><strong>tolli</strong></span> <span class='ocrx_word' id='word_1_83' title='bbox 346 1292 414 1356; x_wconf 89' lang='lat' dir='ltr'><strong>sine</strong></span> <span class='ocrx_word' id='word_1_84' title='bbox 437 1312 558 1355; x_wconf 84' lang='lat' dir='ltr'><strong>summa</strong></span> <span class='ocrx_word' id='word_1_85' title='bbox 579 1291 770 1367; x_wconf 74' lang='lat' dir='ltr'><strong>temeritate,</strong></span> <span class='ocrx_word' id='word_1_86' title='bbox 786 1301 844 1355; x_wconf 88' lang='lat' dir='ltr'><strong>aut</strong></span> <span class='ocrx_word' id='word_1_87' title='bbox 860 1290 948 1355; x_wconf 88' lang='lat' dir='ltr'><strong>inani</strong></span> <span class='ocrx_word' id='word_1_88' title='bbox 961 1291 1181 1376; x_wconf 87' lang='lat' dir='ltr'><strong>disputatione</strong></span> 
     </span>
     <span class='ocr_line' id='line_1_12' title="bbox 46 1390 1182 1475; baseline 0.004 -22"><span class='ocrx_word' id='word_1_89' title='bbox 46 1411 96 1453; x_wconf 88' lang='lat' dir='ltr'><strong>non</strong></span> <span class='ocrx_word' id='word_1_90' title='bbox 113 1414 209 1475; x_wconf 88' lang='lat' dir='ltr'><strong>posse</strong></span> <span class='ocrx_word' id='word_1_91' title='bbox 231 1393 415 1470; x_wconf 79' lang='lat' dir='ltr'><strong>videretur,</strong></span> <span class='ocrx_word' id='word_1_92' title='bbox 430 1416 451 1457; x_wconf 90' lang='lat' dir='ltr'><strong>a</strong></span> <span class='ocrx_word' id='word_1_93' title='bbox 464 1394 556 1457; x_wconf 91' lang='lat' dir='ltr'><strong>nobis</strong></span> <span class='ocrx_word' id='word_1_94' title='bbox 579 1394 734 1457; x_wconf 82' lang='lat' dir='ltr'><strong>intactum</strong></span> <span class='ocrx_word' id='word_1_95' title='bbox 753 1390 902 1457; x_wconf 89' lang='lat' dir='ltr'><strong>relictum</strong></span> <span class='ocrx_word' id='word_1_96' title='bbox 919 1408 982 1469; x_wconf 89' lang='lat' dir='ltr'><strong>est,</strong></span> <span class='ocrx_word' id='word_1_97' title='bbox 997 1414 1058 1458; x_wconf 92' lang='lat' dir='ltr'><strong>nec</strong></span> <span class='ocrx_word' id='word_1_98' title='bbox 1073 1391 1182 1457; x_wconf 88' lang='lat' dir='ltr'><strong>attuli·</strong></span> 
     </span>
     <span class='ocr_line' id='line_1_13' title="bbox 48 1494 1182 1581; baseline 0.004 -26"><span class='ocrx_word' id='word_1_99' title='bbox 48 1514 102 1557; x_wconf 88' lang='lat' dir='ltr'><strong>nus</strong></span> <span class='ocrx_word' id='word_1_100' title='bbox 119 1494 362 1560; x_wconf 78' lang='lat' dir='ltr'><strong>notatiunculas</strong></span> <span class='ocrx_word' id='word_1_101' title='bbox 386 1517 614 1581; x_wconf 85' lang='lat' dir='ltr'><strong>supervacuas,</strong></span> <span class='ocrx_word' id='word_1_102' title='bbox 637 1517 719 1580; x_wconf 89' lang='lat' dir='ltr'><strong>quas</strong></span> <span class='ocrx_word' id='word_1_103' title='bbox 744 1494 994 1560; x_wconf 82' lang='lat' dir='ltr'><strong>Westerhovius</strong></span> <span class='ocrx_word' id='word_1_104' title='bbox 1019 1496 1182 1560; x_wconf 88' lang='lat' dir='ltr'><strong>interdum</strong></span> 
     </span>
     <span class='ocr_line' id='line_1_14' title="bbox 50 1596 1184 1683; baseline 0.005 -26"><span class='ocrx_word' id='word_1_105' title='bbox 50 1596 183 1679; x_wconf 83' lang='lat' dir='ltr'><strong>adjunxit.</strong></span> <span class='ocrx_word' id='word_1_106' title='bbox 223 1596 355 1663; x_wconf 90' lang='lat' dir='ltr'><strong>Verum</strong></span> <span class='ocrx_word' id='word_1_107' title='bbox 375 1596 511 1661; x_wconf 89' lang='lat' dir='ltr'><strong>alterum</strong></span> <span class='ocrx_word' id='word_1_108' title='bbox 529 1598 651 1674; x_wconf 82' lang='lat' dir='ltr'><strong>vitium,</strong></span> <span class='ocrx_word' id='word_1_109' title='bbox 667 1608 824 1682; x_wconf 86' lang='lat' dir='ltr'><strong>quantum</strong></span> <span class='ocrx_word' id='word_1_110' title='bbox 841 1598 875 1661; x_wconf 92' lang='lat' dir='ltr'><strong>in</strong></span> <span class='ocrx_word' id='word_1_111' title='bbox 890 1598 984 1661; x_wconf 86' lang='lat' dir='ltr'><strong>nobis</strong></span> <span class='ocrx_word' id='word_1_112' title='bbox 997 1596 1069 1675; x_wconf 81' lang='lat' dir='ltr'><strong>fuit,</strong></span> <span class='ocrx_word' id='word_1_113' title='bbox 1084 1598 1184 1683; x_wconf 88' lang='lat' dir='ltr'><strong>inpri-</strong></span> 
     </span>
     <span class='ocr_line' id='line_1_15' title="bbox 50 1697 1182 1784; baseline 0.003 -21"><span class='ocrx_word' id='word_1_114' title='bbox 50 1697 96 1761; x_wconf 80' lang='lat' dir='ltr'><strong>mis</strong></span> <span class='ocrx_word' id='word_1_115' title='bbox 108 1709 176 1783; x_wconf 87' lang='lat' dir='ltr'><strong>post</strong></span> <span class='ocrx_word' id='word_1_116' title='bbox 193 1697 325 1764; x_wconf 89' lang='lat' dir='ltr'><strong>Actum</strong></span> <span class='ocrx_word' id='word_1_117' title='bbox 338 1700 475 1784; x_wconf 89' lang='lat' dir='ltr'><strong>primum</strong></span> <span class='ocrx_word' id='word_1_118' title='bbox 490 1698 624 1764; x_wconf 73' lang='lat' dir='ltr'><strong>Fabula</strong></span> <span class='ocrx_word' id='word_1_119' title='bbox 639 1701 762 1784; x_wconf 79' lang='lat' dir='ltr'><strong>primoe,</strong></span> <span class='ocrx_word' id='word_1_120' title='bbox 778 1700 942 1783; x_wconf 84' lang='lat' dir='ltr'><strong>(quoniam</strong></span> <span class='ocrx_word' id='word_1_121' title='bbox 955 1700 998 1764; x_wconf 94' lang='lat' dir='ltr'><strong>ab</strong></span> <span class='ocrx_word' id='word_1_122' title='bbox 1012 1700 1103 1765; x_wconf 89' lang='lat' dir='ltr'><strong>initio</strong></span> <span class='ocrx_word' id='word_1_123' title='bbox 1118 1699 1182 1766; x_wconf 88' lang='lat' dir='ltr'><strong>hoe</strong></span> 
     </span>
     <span class='ocr_line' id='line_1_16' title="bbox 48 1799 1182 1886; baseline 0.002 -22"><span class='ocrx_word' id='word_1_124' title='bbox 48 1800 191 1867; x_wconf 78' lang='lat' dir='ltr'><strong>consilum</strong></span> <span class='ocrx_word' id='word_1_125' title='bbox 220 1802 321 1867; x_wconf 90' lang='lat' dir='ltr'><strong>nobis</strong></span> <span class='ocrx_word' id='word_1_126' title='bbox 350 1802 492 1867; x_wconf 91' lang='lat' dir='ltr'><strong>nondum</strong></span> <span class='ocrx_word' id='word_1_127' title='bbox 519 1812 589 1867; x_wconf 89' lang='lat' dir='ltr'><strong>erat</strong></span> <span class='ocrx_word' id='word_1_128' title='bbox 616 1802 760 1886; x_wconf 86' lang='lat' dir='ltr'><strong>captum)</strong></span> <span class='ocrx_word' id='word_1_129' title='bbox 788 1799 900 1865; x_wconf 88' lang='lat' dir='ltr'><strong>tollere</strong></span> <span class='ocrx_word' id='word_1_130' title='bbox 927 1824 1037 1865; x_wconf 90' lang='lat' dir='ltr'><strong>sumus</strong></span> <span class='ocrx_word' id='word_1_131' title='bbox 1063 1802 1182 1867; x_wconf 88' lang='lat' dir='ltr'><strong>conati.</strong></span> 
     </span>
     <span class='ocr_line' id='line_1_17' title="bbox 45 1900 1183 1990; baseline 0.001 -22"><span class='ocrx_word' id='word_1_132' title='bbox 45 1900 130 1986; x_wconf 84' lang='lat' dir='ltr'><strong>Igitur</strong></span> <span class='ocrx_word' id='word_1_133' title='bbox 140 1906 286 1990; x_wconf 92' lang='lat' dir='ltr'><strong>primum</strong></span> <span class='ocrx_word' id='word_1_134' title='bbox 300 1903 472 1969; x_wconf 86' lang='lat' dir='ltr'><strong>interserui</strong></span> <span class='ocrx_word' id='word_1_135' title='bbox 486 1915 520 1969; x_wconf 88' lang='lat' dir='ltr'><strong>et</strong></span> <span class='ocrx_word' id='word_1_136' title='bbox 534 1906 626 1989; x_wconf 90' lang='lat' dir='ltr'><strong>signo</strong></span> <span class='ocrx_word' id='word_1_137' title='bbox 640 1904 652 1986; x_wconf 91' lang='lat'>(</span> <span class='ocrx_word' id='word_1_138' title='bbox 675 1906 687 1986; x_wconf 94' lang='lat'><em>)</em></span> <span class='ocrx_word' id='word_1_139' title='bbox 701 1926 722 1967; x_wconf 89' lang='lat' dir='ltr'><strong>a</strong></span> <span class='ocrx_word' id='word_1_140' title='bbox 735 1914 829 1969; x_wconf 84' lang='lat' dir='ltr'><strong>textu</strong></span> <span class='ocrx_word' id='word_1_141' title='bbox 843 1902 1034 1968; x_wconf 68' lang='lat' dir='ltr'><strong>Scholiasta</strong></span> <span class='ocrx_word' id='word_1_142' title='bbox 1049 1905 1183 1969; x_wconf 86' lang='lat' dir='ltr'><strong>distinxi</strong></span> 
     </span>
     <span class='ocr_line' id='line_1_18' title="bbox 46 2004 1182 2091; baseline 0.004 -24"><span class='ocrx_word' id='word_1_143' title='bbox 46 2008 231 2091; x_wconf 83' lang='lat' dir='ltr'><strong>conjecturas</strong></span> <span class='ocrx_word' id='word_1_144' title='bbox 255 2018 293 2072; x_wconf 89' lang='lat' dir='ltr'><strong>et</strong></span> <span class='ocrx_word' id='word_1_145' title='bbox 312 2007 478 2084; x_wconf 76' lang='lat' dir='ltr'><strong>lectioneS,</strong></span> <span class='ocrx_word' id='word_1_146' title='bbox 507 2028 587 2090; x_wconf 87' lang='lat' dir='ltr'><strong>quas</strong></span> <span class='ocrx_word' id='word_1_147' title='bbox 611 2005 863 2071; x_wconf 87' lang='lat' dir='ltr'><strong>Westerhovius</strong></span> <span class='ocrx_word' id='word_1_148' title='bbox 892 2005 944 2070; x_wconf 77' lang='lat' dir='ltr'><strong>rel</strong></span> <span class='ocrx_word' id='word_1_149' title='bbox 970 2007 1070 2071; x_wconf 91' lang='lat' dir='ltr'><strong>debet</strong></span> <span class='ocrx_word' id='word_1_150' title='bbox 1097 2004 1182 2071; x_wconf 81' lang='lat' dir='ltr'><strong>Abr.</strong></span> 
     </span>
     <span class='ocr_line' id='line_1_19' title="bbox 46 2105 1184 2195; baseline 0.004 -26"><span class='ocrx_word' id='word_1_151' title='bbox 46 2105 203 2195; x_wconf 80' lang='lat' dir='ltr'><strong>ll&#39;ielingio</strong></span> <span class='ocrx_word' id='word_1_152' title='bbox 218 2110 295 2174; x_wconf 79' lang='lat' dir='ltr'><strong>viro</strong></span> <span class='ocrx_word' id='word_1_153' title='bbox 309 2107 555 2186; x_wconf 86' lang='lat' dir='ltr'><strong>consultissimo,</strong></span> <span class='ocrx_word' id='word_1_154' title='bbox 570 2108 621 2173; x_wconf 86' lang='lat' dir='ltr'><strong>vel</strong></span> <span class='ocrx_word' id='word_1_155' title='bbox 642 2109 714 2193; x_wconf 89' lang='lat' dir='ltr'><strong>ipse</strong></span> <span class='ocrx_word' id='word_1_156' title='bbox 736 2106 866 2192; x_wconf 83' lang='lat' dir='ltr'><strong>collegit</strong></span> <span class='ocrx_word' id='word_1_157' title='bbox 882 2130 948 2173; x_wconf 91' lang='lat' dir='ltr'><strong>non</strong></span> <span class='ocrx_word' id='word_1_158' title='bbox 962 2108 1059 2173; x_wconf 92' lang='lat' dir='ltr'><strong>modo</strong></span> <span class='ocrx_word' id='word_1_159' title='bbox 1072 2130 1116 2173; x_wconf 86' lang='lat' dir='ltr'><strong>ex</strong></span> <span class='ocrx_word' id='word_1_160' title='bbox 1130 2130 1184 2173; x_wconf 89' lang='lat' dir='ltr'><strong>co·</strong></span> 
     </span>
     <span class='ocr_line' id='line_1_20' title="bbox 45 2206 1182 2296; baseline 0 -21"><span class='ocrx_word' id='word_1_161' title='bbox 45 2206 102 2275; x_wconf 82' lang='lat' dir='ltr'><strong>dice</strong></span> <span class='ocrx_word' id='word_1_162' title='bbox 112 2210 197 2276; x_wconf 87' lang='lat' dir='ltr'><strong>Sam.</strong></span> <span class='ocrx_word' id='word_1_163' title='bbox 210 2210 327 2277; x_wconf 87' lang='lat' dir='ltr'><strong>Hulsii</strong></span> <span class='ocrx_word' id='word_1_164' title='bbox 341 2210 490 2296; x_wconf 78' lang='lat' dir='ltr'><strong>Haganas</strong></span> <span class='ocrx_word' id='word_1_165' title='bbox 503 2210 639 2276; x_wconf 87' lang='lat' dir='ltr'><strong>civitatis</strong></span> <span class='ocrx_word' id='word_1_166' title='bbox 653 2210 714 2274; x_wconf 81' lang='lat' dir='ltr'><strong>viri</strong></span> <span class='ocrx_word' id='word_1_167' title='bbox 728 2208 917 2288; x_wconf 87' lang='lat' dir='ltr'><strong>consularis,</strong></span> <span class='ocrx_word' id='word_1_168' title='bbox 930 2210 1042 2275; x_wconf 89' lang='lat' dir='ltr'><strong>codice</strong></span> <span class='ocrx_word' id='word_1_169' title='bbox 1051 2210 1182 2275; x_wconf 91' lang='lat' dir='ltr'><strong>Theod.</strong></span> 
     </span>
     <span class='ocr_line' id='line_1_21' title="bbox 45 2308 1184 2396; baseline 0.001 -20"><span class='ocrx_word' id='word_1_170' title='bbox 45 2308 310 2379; x_wconf 82' lang='lat' dir='ltr'><strong>Boendermakeri</strong></span> <span class='ocrx_word' id='word_1_171' title='bbox 319 2312 472 2379; x_wconf 88' lang='lat' dir='ltr'><strong>Canonici</strong></span> <span class='ocrx_word' id='word_1_172' title='bbox 487 2313 521 2376; x_wconf 92' lang='lat' dir='ltr'><strong>S.</strong></span> <span class='ocrx_word' id='word_1_173' title='bbox 530 2312 664 2377; x_wconf 87' lang='lat' dir='ltr'><strong>Martini</strong></span> <span class='ocrx_word' id='word_1_174' title='bbox 675 2312 765 2396; x_wconf 91' lang='lat' dir='ltr'><strong>apud</strong></span> <span class='ocrx_word' id='word_1_175' title='bbox 774 2310 1018 2396; x_wconf 84' lang='lat' dir='ltr'><strong>Ultrajectinos,</strong></span> <span class='ocrx_word' id='word_1_176' title='bbox 1028 2324 1064 2377; x_wconf 91' lang='lat' dir='ltr'><strong>et</strong></span> <span class='ocrx_word' id='word_1_177' title='bbox 1071 2312 1184 2377; x_wconf 90' lang='lat' dir='ltr'><strong>codice</strong></span> 
     </span>
     <span class='ocr_line' id='line_1_22' title="bbox 45 2412 1186 2499; baseline 0.003 -23"><span class='ocrx_word' id='word_1_178' title='bbox 45 2412 118 2479; x_wconf 82' lang='lat' dir='ltr'><strong>odito</strong></span> <span class='ocrx_word' id='word_1_179' title='bbox 131 2414 319 2480; x_wconf 83' lang='lat' dir='ltr'><strong>cardinalis</strong></span> <span class='ocrx_word' id='word_1_180' title='bbox 336 2416 393 2479; x_wconf 93' lang='lat' dir='ltr'><strong>Du</strong></span> <span class='ocrx_word' id='word_1_181' title='bbox 408 2414 499 2492; x_wconf 76' lang='lat' dir='ltr'><strong>Boia,</strong></span> <span class='ocrx_word' id='word_1_182' title='bbox 514 2414 723 2499; x_wconf 85' lang='lat' dir='ltr'><strong>(posteriores</strong></span> <span class='ocrx_word' id='word_1_183' title='bbox 745 2435 805 2477; x_wconf 91' lang='lat' dir='ltr'><strong>nos</strong></span> <span class='ocrx_word' id='word_1_184' title='bbox 827 2414 1009 2499; x_wconf 90' lang='lat' dir='ltr'><strong>compendii</strong></span> <span class='ocrx_word' id='word_1_185' title='bbox 1025 2436 1123 2479; x_wconf 84' lang='lat' dir='ltr'><strong>eausa</strong></span> <span class='ocrx_word' id='word_1_186' title='bbox 1137 2416 1186 2479; x_wconf 91' lang='lat' dir='ltr'><strong>in-</strong></span> 
     </span>
     <span class='ocr_line' id='line_1_23' title="bbox 45 2516 1186 2603; baseline 0.004 -26"><span class='ocrx_word' id='word_1_187' title='bbox 45 2516 156 2581; x_wconf 85' lang='lat' dir='ltr'><strong>terdum</strong></span> <span class='ocrx_word' id='word_1_188' title='bbox 167 2518 456 2583; x_wconf 82' lang='lat' dir='ltr'><strong>diximusLihrum</strong></span> <span class='ocrx_word' id='word_1_189' title='bbox 468 2517 659 2603; x_wconf 56' lang='lat' dir='ltr'><strong>atramque)</strong></span> <span class='ocrx_word' id='word_1_190' title='bbox 668 2516 727 2581; x_wconf 86' lang='lat' dir='ltr'><strong>sed</strong></span> <span class='ocrx_word' id='word_1_191' title='bbox 739 2516 835 2581; x_wconf 92' lang='lat' dir='ltr'><strong>etiam</strong></span> <span class='ocrx_word' id='word_1_192' title='bbox 843 2538 886 2581; x_wconf 87' lang='lat' dir='ltr'><strong>ex</strong></span> <span class='ocrx_word' id='word_1_193' title='bbox 897 2516 1093 2581; x_wconf 89' lang='lat' dir='ltr'><strong>editionibus</strong></span> <span class='ocrx_word' id='word_1_194' title='bbox 1104 2518 1186 2581; x_wconf 90' lang='lat' dir='ltr'><strong>anti-</strong></span> 
     </span>
     <span class='ocr_line' id='line_1_24' title="bbox 45 2618 1186 2704; baseline 0.001 -21"><span class='ocrx_word' id='word_1_195' title='bbox 45 2618 351 2701; x_wconf 87' lang='lat' dir='ltr'><strong>quissimisVenetis.</strong></span> <span class='ocrx_word' id='word_1_196' title='bbox 371 2618 500 2684; x_wconf 91' lang='lat' dir='ltr'><strong>Deinde</strong></span> <span class='ocrx_word' id='word_1_197' title='bbox 511 2618 1186 2704; x_wconf 80' lang='lat' dir='ltr'><strong>egoipseloeiscorruptis,aWesterhorio</strong></span> 
     </span>
     <span class='ocr_line' id='line_1_25' title="bbox 45 2718 1186 2806; baseline 0.004 -26"><span class='ocrx_word' id='word_1_198' title='bbox 45 2718 195 2804; x_wconf 76' lang='lat' dir='ltr'><strong>neglectis,</strong></span> <span class='ocrx_word' id='word_1_199' title='bbox 211 2744 347 2787; x_wconf 88' lang='lat' dir='ltr'><strong>manum</strong></span> <span class='ocrx_word' id='word_1_200' title='bbox 365 2722 502 2798; x_wconf 86' lang='lat' dir='ltr'><strong>admovi,</strong></span> <span class='ocrx_word' id='word_1_201' title='bbox 517 2743 620 2805; x_wconf 90' lang='lat' dir='ltr'><strong>eaque</strong></span> <span class='ocrx_word' id='word_1_202' title='bbox 635 2719 686 2785; x_wconf 88' lang='lat' dir='ltr'><strong>vel</strong></span> <span class='ocrx_word' id='word_1_203' title='bbox 700 2721 863 2806; x_wconf 80' lang='lat' dir='ltr'><strong>corrigere</strong></span> <span class='ocrx_word' id='word_1_204' title='bbox 876 2720 927 2785; x_wconf 79' lang='lat' dir='ltr'><strong>vel</strong></span> <span class='ocrx_word' id='word_1_205' title='bbox 948 2720 1099 2806; x_wconf 90' lang='lat' dir='ltr'><strong>supplere</strong></span> <span class='ocrx_word' id='word_1_206' title='bbox 1114 2744 1186 2786; x_wconf 88' lang='lat' dir='ltr'><strong>sum</strong></span> 
     </span>
     <span class='ocr_line' id='line_1_26' title="bbox 46 2821 1187 2908; baseline 0.005 -25"><span class='ocrx_word' id='word_1_207' title='bbox 46 2835 184 2903; x_wconf 81' lang='lat' dir='ltr'><strong>conatus3</strong></span> <span class='ocrx_word' id='word_1_208' title='bbox 215 2836 319 2908; x_wconf 85' lang='lat' dir='ltr'><strong>atque</strong></span> <span class='ocrx_word' id='word_1_209' title='bbox 341 2844 382 2888; x_wconf 91' lang='lat' dir='ltr'><strong>ne</strong></span> <span class='ocrx_word' id='word_1_210' title='bbox 404 2846 476 2888; x_wconf 90' lang='lat' dir='ltr'><strong>mea</strong></span> <span class='ocrx_word' id='word_1_211' title='bbox 497 2824 683 2908; x_wconf 86' lang='lat' dir='ltr'><strong>conjectura</strong></span> <span class='ocrx_word' id='word_1_212' title='bbox 704 2821 774 2887; x_wconf 88' lang='lat' dir='ltr'><strong>aliis</strong></span> <span class='ocrx_word' id='word_1_213' title='bbox 795 2822 879 2887; x_wconf 85' lang='lat' dir='ltr'><strong>forte</strong></span> <span class='ocrx_word' id='word_1_214' title='bbox 901 2823 1008 2886; x_wconf 84' lang='lat' dir='ltr'><strong>invitis</strong></span> <span class='ocrx_word' id='word_1_215' title='bbox 1030 2824 1187 2889; x_wconf 89' lang='lat' dir='ltr'><strong>obtrude-</strong></span> 
     </span>
     <span class='ocr_line' id='line_1_27' title="bbox 47 2924 1185 3011; baseline 0.004 -25"><span class='ocrx_word' id='word_1_216' title='bbox 47 2936 132 3002; x_wconf 82' lang='lat' dir='ltr'><strong>retur,</strong></span> <span class='ocrx_word' id='word_1_217' title='bbox 146 2950 219 2991; x_wconf 88' lang='lat' dir='ltr'><strong>eam</strong></span> <span class='ocrx_word' id='word_1_218' title='bbox 235 2925 351 2991; x_wconf 86' lang='lat' dir='ltr'><strong>addita</strong></span> <span class='ocrx_word' id='word_1_219' title='bbox 372 2924 479 2991; x_wconf 88' lang='lat' dir='ltr'><strong>littera</strong></span> <span class='ocrx_word' id='word_1_220' title='bbox 499 2925 529 2989; x_wconf 90' lang='lat' dir='ltr'><strong>Z</strong></span> <span class='ocrx_word' id='word_1_221' title='bbox 550 2925 669 2990; x_wconf 86' lang='lat' dir='ltr'><strong>notavi.</strong></span> <span class='ocrx_word' id='word_1_222' title='bbox 707 2924 790 2989; x_wconf 90' lang='lat' dir='ltr'><strong>Post</strong></span> <span class='ocrx_word' id='word_1_223' title='bbox 809 2924 977 2989; x_wconf 87' lang='lat' dir='ltr'><strong>Donatum</strong></span> <span class='ocrx_word' id='word_1_224' title='bbox 992 2936 1026 2989; x_wconf 91' lang='lat' dir='ltr'><strong>et</strong></span> <span class='ocrx_word' id='word_1_225' title='bbox 1039 2937 1185 3011; x_wconf 91' lang='lat' dir='ltr'><strong>tempore</strong></span> 
     </span>
     <span class='ocr_line' id='line_1_28' title="bbox 48 3026 1186 3115; baseline 0.006 -28"><span class='ocrx_word' id='word_1_226' title='bbox 48 3036 75 3087; x_wconf 88' lang='lat' dir='ltr'><strong>et</strong></span> <span class='ocrx_word' id='word_1_227' title='bbox 86 3026 238 3113; x_wconf 81' lang='lat' dir='ltr'><strong>dignitate</strong></span> <span class='ocrx_word' id='word_1_228' title='bbox 253 3029 400 3113; x_wconf 88' lang='lat' dir='ltr'><strong>sequitur</strong></span> <span class='ocrx_word' id='word_1_229' title='bbox 410 3028 638 3115; x_wconf 77' lang='lat' dir='ltr'><strong>Eugrnphs&#39;as,</strong></span> <span class='ocrx_word' id='word_1_230' title='bbox 648 3028 716 3111; x_wconf 88' lang='lat' dir='ltr'><strong>qui,</strong></span> <span class='ocrx_word' id='word_1_231' title='bbox 728 3038 884 3111; x_wconf 88' lang='lat' dir='ltr'><strong>quantum</strong></span> <span class='ocrx_word' id='word_1_232' title='bbox 895 3051 936 3092; x_wconf 85' lang='lat' dir='ltr'><strong>ex</strong></span> <span class='ocrx_word' id='word_1_233' title='bbox 946 3026 1114 3105; x_wconf 90' lang='lat' dir='ltr'><strong>Gerberti,</strong></span> <span class='ocrx_word' id='word_1_234' title='bbox 1127 3050 1186 3094; x_wconf 86' lang='lat' dir='ltr'><strong>seu</strong></span> 
     </span>
     <span class='ocr_line' id='line_1_29' title="bbox 49 3124 1187 3214; baseline 0.007 -27"><span class='ocrx_word' id='word_1_235' title='bbox 49 3124 218 3209; x_wconf 75' lang='lat' dir='ltr'><strong>sylvestris,</strong></span> <span class='ocrx_word' id='word_1_236' title='bbox 234 3130 280 3195; x_wconf 86' lang='lat' dir='ltr'><strong>ad</strong></span> <span class='ocrx_word' id='word_1_237' title='bbox 296 3129 473 3194; x_wconf 86' lang='lat' dir='ltr'><strong>Airardum</strong></span> <span class='ocrx_word' id='word_1_238' title='bbox 487 3128 623 3214; x_wconf 83' lang='lat' dir='ltr'><strong>epistola</strong></span> <span class='ocrx_word' id='word_1_239' title='bbox 637 3126 808 3213; x_wconf 88' lang='lat' dir='ltr'><strong>colligitur,</strong></span> <span class='ocrx_word' id='word_1_240' title='bbox 824 3129 885 3193; x_wconf 87' lang='lat' dir='ltr'><strong>sub</strong></span> <span class='ocrx_word' id='word_1_241' title='bbox 898 3128 997 3194; x_wconf 91' lang='lat' dir='ltr'><strong>finem</strong></span> <span class='ocrx_word' id='word_1_242' title='bbox 1015 3130 1114 3195; x_wconf 87' lang='lat' dir='ltr'><strong>seculi</strong></span> <span class='ocrx_word' id='word_1_243' title='bbox 1129 3131 1187 3196; x_wconf 90' lang='lat' dir='ltr'><strong>de·</strong></span> 
     </span>
     <span class='ocr_line' id='line_1_30' title="bbox 49 3229 1187 3317; baseline 0.004 -23"><span class='ocrx_word' id='word_1_244' title='bbox 49 3230 118 3307; x_wconf 82' lang='lat' dir='ltr'><strong>cimi,</strong></span> <span class='ocrx_word' id='word_1_245' title='bbox 139 3232 277 3299; x_wconf 88' lang='lat' dir='ltr'><strong>Othone</strong></span> <span class='ocrx_word' id='word_1_246' title='bbox 298 3232 361 3296; x_wconf 91' lang='lat' dir='ltr'><strong>Ill.</strong></span> <span class='ocrx_word' id='word_1_247' title='bbox 384 3232 573 3317; x_wconf 86' lang='lat' dir='ltr'><strong>imperante,</strong></span> <span class='ocrx_word' id='word_1_248' title='bbox 596 3231 686 3308; x_wconf 86' lang='lat' dir='ltr'><strong>vixit,</strong></span> <span class='ocrx_word' id='word_1_249' title='bbox 709 3229 808 3296; x_wconf 91' lang='lat' dir='ltr'><strong>homo</strong></span> <span class='ocrx_word' id='word_1_250' title='bbox 830 3254 892 3316; x_wconf 91' lang='lat' dir='ltr'><strong>pro</strong></span> <span class='ocrx_word' id='word_1_251' title='bbox 913 3233 1037 3297; x_wconf 90' lang='lat' dir='ltr'><strong>ratione</strong></span> <span class='ocrx_word' id='word_1_252' title='bbox 1057 3231 1187 3298; x_wconf 92' lang='lat' dir='ltr'><strong>illorum</strong></span> 
     </span>
     <span class='ocr_line' id='line_1_31' title="bbox 50 3332 1186 3419; baseline 0.004 -24"><span class='ocrx_word' id='word_1_253' title='bbox 50 3340 215 3419; x_wconf 85' lang='lat' dir='ltr'><strong>temporum</strong></span> <span class='ocrx_word' id='word_1_254' title='bbox 236 3334 329 3399; x_wconf 88' lang='lat' dir='ltr'><strong>haud</strong></span> <span class='ocrx_word' id='word_1_255' title='bbox 350 3334 509 3399; x_wconf 90' lang='lat' dir='ltr'><strong>indoctus.</strong></span> <span class='ocrx_word' id='word_1_256' title='bbox 555 3332 666 3418; x_wconf 86' lang='lat' dir='ltr'><strong>Hujus</strong></span> <span class='ocrx_word' id='word_1_257' title='bbox 688 3334 907 3398; x_wconf 90' lang='lat' dir='ltr'><strong>commentarii</strong></span> <span class='ocrx_word' id='word_1_258' title='bbox 930 3335 963 3399; x_wconf 93' lang='lat' dir='ltr'><strong>in</strong></span> <span class='ocrx_word' id='word_1_259' title='bbox 982 3335 1186 3413; x_wconf 89' lang='lat' dir='ltr'><strong>Terentium,</strong></span> 
     </span>
     <span class='ocr_line' id='line_1_32' title="bbox 51 3435 1188 3522; baseline 0.006 -27"><span class='ocrx_word' id='word_1_260' title='bbox 51 3435 96 3515; x_wconf 91' lang='lat' dir='ltr'><strong>qui</strong></span> <span class='ocrx_word' id='word_1_261' title='bbox 114 3437 198 3520; x_wconf 86' lang='lat' dir='ltr'><strong>apud</strong></span> <span class='ocrx_word' id='word_1_262' title='bbox 222 3436 504 3521; x_wconf 88' lang='lat' dir='ltr'><strong>Lindenbrogium</strong></span> <span class='ocrx_word' id='word_1_263' title='bbox 526 3435 700 3500; x_wconf 89' lang='lat' dir='ltr'><strong>admodum</strong></span> <span class='ocrx_word' id='word_1_264' title='bbox 721 3438 867 3519; x_wconf 88' lang='lat' dir='ltr'><strong>corrupti</strong></span> <span class='ocrx_word' id='word_1_265' title='bbox 887 3447 922 3501; x_wconf 91' lang='lat' dir='ltr'><strong>et</strong></span> <span class='ocrx_word' id='word_1_266' title='bbox 941 3436 1046 3501; x_wconf 89' lang='lat' dir='ltr'><strong>mutili</strong></span> <span class='ocrx_word' id='word_1_267' title='bbox 1071 3438 1188 3522; x_wconf 87' lang='lat' dir='ltr'><strong>depre-</strong></span> 
     </span>
     <span class='ocr_line' id='line_1_33' title="bbox 50 3532 1186 3623; baseline 0.004 -25"><span class='ocrx_word' id='word_1_268' title='bbox 50 3532 233 3617; x_wconf 89' lang='lat' dir='ltr'><strong>henduntur,</strong></span> <span class='ocrx_word' id='word_1_269' title='bbox 262 3538 316 3603; x_wconf 89' lang='lat' dir='ltr'><strong>hic</strong></span> <span class='ocrx_word' id='word_1_270' title='bbox 343 3540 461 3623; x_wconf 90' lang='lat' dir='ltr'><strong>partim</strong></span> <span class='ocrx_word' id='word_1_271' title='bbox 485 3560 526 3602; x_wconf 85' lang='lat' dir='ltr'><strong>ex</strong></span> <span class='ocrx_word' id='word_1_272' title='bbox 551 3538 692 3602; x_wconf 87' lang='lat' dir='ltr'><strong>editione</strong></span> <span class='ocrx_word' id='word_1_273' title='bbox 718 3536 952 3615; x_wconf 84' lang='lat' dir='ltr'><strong>Westerhovii,</strong></span> <span class='ocrx_word' id='word_1_274' title='bbox 974 3540 1030 3623; x_wconf 90' lang='lat' dir='ltr'><strong>qui</strong></span> <span class='ocrx_word' id='word_1_275' title='bbox 1056 3540 1186 3605; x_wconf 91' lang='lat' dir='ltr'><strong>duobus</strong></span> 
     </span>
     <span class='ocr_line' id='line_1_34' title="bbox 52 3638 1189 3725; baseline 0.004 -25"><span class='ocrx_word' id='word_1_276' title='bbox 52 3640 212 3719; x_wconf 87' lang='lat' dir='ltr'><strong>codicibus,</strong></span> <span class='ocrx_word' id='word_1_277' title='bbox 230 3642 291 3705; x_wconf 90' lang='lat' dir='ltr'><strong>sed</strong></span> <span class='ocrx_word' id='word_1_278' title='bbox 305 3640 356 3704; x_wconf 90' lang='lat' dir='ltr'><strong>his</strong></span> <span class='ocrx_word' id='word_1_279' title='bbox 371 3640 450 3725; x_wconf 92' lang='lat' dir='ltr'><strong>ipsis</strong></span> <span class='ocrx_word' id='word_1_280' title='bbox 465 3640 625 3725; x_wconf 87' lang='lat' dir='ltr'><strong>corruptis</strong></span> <span class='ocrx_word' id='word_1_281' title='bbox 644 3649 678 3703; x_wconf 89' lang='lat' dir='ltr'><strong>et</strong></span> <span class='ocrx_word' id='word_1_282' title='bbox 696 3638 862 3715; x_wconf 87' lang='lat' dir='ltr'><strong>mutilatis,</strong></span> <span class='ocrx_word' id='word_1_283' title='bbox 879 3638 1091 3705; x_wconf 70' lang='lat' dir='ltr'><strong>Bibliothecae</strong></span> <span class='ocrx_word' id='word_1_284' title='bbox 1113 3640 1189 3705; x_wconf 90' lang='lat' dir='ltr'><strong>Lei-</strong></span> 
     </span>
     <span class='ocr_line' id='line_1_35' title="bbox 53 3738 1187 3826; baseline 0.007 -25"><span class='ocrx_word' id='word_1_285' title='bbox 53 3738 146 3806; x_wconf 89' lang='lat' dir='ltr'><strong>densis</strong></span> <span class='ocrx_word' id='word_1_286' title='bbox 168 3756 221 3809; x_wconf 87' lang='lat' dir='ltr'><strong>est</strong></span> <span class='ocrx_word' id='word_1_287' title='bbox 245 3766 337 3821; x_wconf 89' lang='lat' dir='ltr'><strong>usus,</strong></span> <span class='ocrx_word' id='word_1_288' title='bbox 360 3756 393 3808; x_wconf 89' lang='lat' dir='ltr'><strong>et</strong></span> <span class='ocrx_word' id='word_1_289' title='bbox 416 3752 541 3807; x_wconf 83' lang='lat' dir='ltr'><strong>veteres</strong></span> <span class='ocrx_word' id='word_1_290' title='bbox 568 3742 726 3807; x_wconf 89' lang='lat' dir='ltr'><strong>editiones</strong></span> <span class='ocrx_word' id='word_1_291' title='bbox 754 3739 900 3817; x_wconf 91' lang='lat' dir='ltr'><strong>contulit,</strong></span> <span class='ocrx_word' id='word_1_292' title='bbox 924 3742 1040 3826; x_wconf 86' lang='lat' dir='ltr'><strong>partim</strong></span> <span class='ocrx_word' id='word_1_293' title='bbox 1068 3746 1187 3809; x_wconf 86' lang='lat' dir='ltr'><strong>nostris</strong></span> 
     </span>
     <span class='ocr_line' id='line_1_36' title="bbox 55 3840 1189 3931; baseline 0.004 -26"><span class='ocrx_word' id='word_1_294' title='bbox 55 3845 231 3928; x_wconf 85' lang='lat' dir='ltr'><strong>conjecturis</strong></span> <span class='ocrx_word' id='word_1_295' title='bbox 261 3844 539 3931; x_wconf 86' lang='lat' dir='ltr'><strong>qualibuscunque</strong></span> <span class='ocrx_word' id='word_1_296' title='bbox 566 3844 651 3908; x_wconf 89' lang='lat' dir='ltr'><strong>aucti</strong></span> <span class='ocrx_word' id='word_1_297' title='bbox 676 3842 850 3928; x_wconf 89' lang='lat' dir='ltr'><strong>prodeunt.</strong></span> <span class='ocrx_word' id='word_1_298' title='bbox 897 3840 979 3907; x_wconf 88' lang='lat' dir='ltr'><strong>Cum</strong></span> <span class='ocrx_word' id='word_1_299' title='bbox 1006 3842 1130 3909; x_wconf 87' lang='lat' dir='ltr'><strong>Donati</strong></span> <span class='ocrx_word' id='word_1_300' title='bbox 1155 3846 1189 3910; x_wconf 92' lang='lat' dir='ltr'><strong>in</strong></span> 
     </span>
     <span class='ocr_line' id='line_1_37' title="bbox 57 3940 1190 4029; baseline 0.004 -22"><span class='ocrx_word' id='word_1_301' title='bbox 57 3940 429 4013; x_wconf 87' lang='lat' dir='ltr'><strong>Heautontimorumenon</strong></span> <span class='ocrx_word' id='word_1_302' title='bbox 452 3945 574 4011; x_wconf 87' lang='lat' dir='ltr'><strong>scholia</strong></span> <span class='ocrx_word' id='word_1_303' title='bbox 594 3946 765 4009; x_wconf 88' lang='lat' dir='ltr'><strong>videantur</strong></span> <span class='ocrx_word' id='word_1_304' title='bbox 784 3945 931 4029; x_wconf 86' lang='lat' dir='ltr'><strong>periisse,</strong></span> <span class='ocrx_word' id='word_1_305' title='bbox 946 3946 979 4008; x_wconf 94' lang='lat' dir='ltr'><strong>in</strong></span> <span class='ocrx_word' id='word_1_306' title='bbox 1000 3943 1106 4010; x_wconf 89' lang='lat' dir='ltr'><strong>locum</strong></span> <span class='ocrx_word' id='word_1_307' title='bbox 1120 3946 1190 4012; x_wconf 91' lang='lat' dir='ltr'><strong>illo-</strong></span> 
     </span>
     <span class='ocr_line' id='line_1_38' title="bbox 57 4045 1190 4137; baseline 0.006 -29"><span class='ocrx_word' id='word_1_308' title='bbox 57 4065 113 4110; x_wconf 87' lang='lat' dir='ltr'><strong>rum</strong></span> <span class='ocrx_word' id='word_1_309' title='bbox 136 4050 308 4137; x_wconf 61' lang='lat' dir='ltr'><strong>Casperuli</strong></span> <span class='ocrx_word' id='word_1_310' title='bbox 332 4049 523 4127; x_wconf 83' lang='lat' dir='ltr'><strong>Brixiensis,</strong></span> <span class='ocrx_word' id='word_1_311' title='bbox 544 4049 600 4133; x_wconf 90' lang='lat' dir='ltr'><strong>qui</strong></span> <span class='ocrx_word' id='word_1_312' title='bbox 622 4046 731 4112; x_wconf 87' lang='lat' dir='ltr'><strong>seculo</strong></span> <span class='ocrx_word' id='word_1_313' title='bbox 752 4046 866 4131; x_wconf 88' lang='lat' dir='ltr'><strong>quinto</strong></span> <span class='ocrx_word' id='word_1_314' title='bbox 882 4045 1006 4111; x_wconf 89' lang='lat' dir='ltr'><strong>decimo</strong></span> <span class='ocrx_word' id='word_1_315' title='bbox 1021 4046 1190 4115; x_wconf 90' lang='lat' dir='ltr'><strong>Laurentii</strong></span> 
     </span>
     <span class='ocr_line' id='line_1_39' title="bbox 57 4142 1189 4228; baseline 0.003 -13"><span class='ocrx_word' id='word_1_316' title='bbox 57 4142 146 4215; x_wconf 71' lang='lat' dir='ltr'><strong>l&#39;allai</strong></span> <span class='ocrx_word' id='word_1_317' title='bbox 166 4166 262 4218; x_wconf 77' lang='lat' dir='ltr'><strong>aetate</strong></span> <span class='ocrx_word' id='word_1_318' title='bbox 280 4152 400 4217; x_wconf 83' lang='lat' dir='ltr'><strong>vixisse</strong></span> <span class='ocrx_word' id='word_1_319' title='bbox 414 4152 552 4228; x_wconf 85' lang='lat' dir='ltr'><strong>videtur,</strong></span> <span class='ocrx_word' id='word_1_320' title='bbox 569 4150 793 4215; x_wconf 88' lang='lat' dir='ltr'><strong>substituimus</strong></span> <span class='ocrx_word' id='word_1_321' title='bbox 811 4148 945 4225; x_wconf 88' lang='lat' dir='ltr'><strong>scholia,</strong></span> <span class='ocrx_word' id='word_1_322' title='bbox 960 4160 1078 4215; x_wconf 90' lang='lat' dir='ltr'><strong>utnon</strong></span> <span class='ocrx_word' id='word_1_323' title='bbox 1091 4154 1189 4218; x_wconf 93' lang='lat' dir='ltr'><strong>modo</strong></span> 
     </span>
     <span class='ocr_line' id='line_1_40' title="bbox 59 4249 1190 4340; baseline 0.006 -28"><span class='ocrx_word' id='word_1_324' title='bbox 59 4249 161 4335; x_wconf 88' lang='lat' dir='ltr'><strong>ubique</strong></span> <span class='ocrx_word' id='word_1_325' title='bbox 175 4266 263 4320; x_wconf 85' lang='lat' dir='ltr'><strong>esset</strong></span> <span class='ocrx_word' id='word_1_326' title='bbox 276 4254 367 4319; x_wconf 91' lang='lat' dir='ltr'><strong>haud</strong></span> <span class='ocrx_word' id='word_1_327' title='bbox 379 4256 507 4340; x_wconf 85' lang='lat' dir='ltr'><strong>ingrata</strong></span> <span class='ocrx_word' id='word_1_328' title='bbox 520 4250 717 4317; x_wconf 81' lang='lat' dir='ltr'><strong>Fabulamm</strong></span> <span class='ocrx_word' id='word_1_329' title='bbox 732 4250 911 4335; x_wconf 84' lang='lat' dir='ltr'><strong>aequalitas,</strong></span> <span class='ocrx_word' id='word_1_330' title='bbox 927 4253 1094 4318; x_wconf 87' lang='lat' dir='ltr'><strong>sedetiam</strong></span> <span class='ocrx_word' id='word_1_331' title='bbox 1110 4278 1190 4339; x_wconf 90' lang='lat' dir='ltr'><strong>quo-</strong></span> 
     </span>
     <span class='ocr_line' id='line_1_41' title="bbox 60 4350 1190 4441; baseline 0.004 -24"><span class='ocrx_word' id='word_1_332' title='bbox 60 4350 130 4417; x_wconf 83' lang='lat' dir='ltr'><strong>niam</strong></span> <span class='ocrx_word' id='word_1_333' title='bbox 147 4354 199 4421; x_wconf 87' lang='lat' dir='ltr'><strong>illa</strong></span> <span class='ocrx_word' id='word_1_334' title='bbox 215 4356 303 4423; x_wconf 90' lang='lat' dir='ltr'><strong>lectu</strong></span> <span class='ocrx_word' id='word_1_335' title='bbox 316 4355 406 4421; x_wconf 90' lang='lat' dir='ltr'><strong>haud</strong></span> <span class='ocrx_word' id='word_1_336' title='bbox 420 4354 553 4441; x_wconf 88' lang='lat' dir='ltr'><strong>indigna</strong></span> <span class='ocrx_word' id='word_1_337' title='bbox 567 4353 839 4429; x_wconf 83' lang='lat' dir='ltr'><strong>existimabamus,</strong></span> <span class='ocrx_word' id='word_1_338' title='bbox 855 4375 930 4436; x_wconf 82' lang='lat' dir='ltr'><strong>quae</strong></span> <span class='ocrx_word' id='word_1_339' title='bbox 945 4375 1033 4439; x_wconf 75' lang='lat' dir='ltr'><strong>saepe</strong></span> <span class='ocrx_word' id='word_1_340' title='bbox 1046 4358 1089 4421; x_wconf 92' lang='lat' dir='ltr'><strong>ad</strong></span> <span class='ocrx_word' id='word_1_341' title='bbox 1105 4358 1190 4422; x_wconf 88' lang='lat' dir='ltr'><strong>simi-</strong></span> 
     </span>
     <span class='ocr_line' id='line_1_42' title="bbox 61 4446 1189 4543; baseline 0.006 -26"><span class='ocrx_word' id='word_1_342' title='bbox 61 4446 209 4524; x_wconf 78' lang='lat' dir='ltr'><strong>litudmem</strong></span> <span class='ocrx_word' id='word_1_343' title='bbox 237 4458 496 4525; x_wconf 87' lang='lat' dir='ltr'><strong>Donatianorum</strong></span> <span class='ocrx_word' id='word_1_344' title='bbox 524 4478 621 4543; x_wconf 90' lang='lat' dir='ltr'><strong>quam</strong></span> <span class='ocrx_word' id='word_1_345' title='bbox 654 4455 802 4540; x_wconf 86' lang='lat' dir='ltr'><strong>proxime</strong></span> <span class='ocrx_word' id='word_1_346' title='bbox 834 4452 1005 4519; x_wconf 90' lang='lat' dir='ltr'><strong>accedunt.</strong></span> <span class='ocrx_word' id='word_1_347' title='bbox 1059 4456 1097 4521; x_wconf 93' lang='lat' dir='ltr'><strong>ln</strong></span> <span class='ocrx_word' id='word_1_348' title='bbox 1125 4457 1189 4524; x_wconf 91' lang='lat' dir='ltr'><strong>hoc</strong></span> 
     </span>
    </p>
   </div>
   <div class='ocr_carea' id='block_1_3' title="bbox 0 0 1441 4759">
    <p class='ocr_par' dir='ltr' id='par_1_3' title="bbox 0 0 1441 4759">
     <span class='ocr_line' id='line_1_43' title="bbox 0 0 1441 4759; baseline 0 0"><span class='ocrx_word' id='word_1_349' title='bbox 0 0 1441 4759; x_wconf 95' lang='lat' dir='ltr'><strong> </strong></span> 
     </span>
    </p>
   </div>
  </div>
 </body>
</html>
