2834 4759
283 109 443 189 Tantum
468 104 504 175 ut
518 130 624 194 neque
638 108 718 194 quid
731 130 783 173 me
796 107 922 186 meiana
936 130 1043 193 neque
1057 108 1138 193 quid
1151 129 1259 191 agam,
1272 116 1378 171 eertum

350 210 411 273 siet
423 212 436 274 i

285 305 436 371 Membra
451 318 539 372 metu
554 304 673 371 debilia
688 316 782 370 sunt:
806 305 930 371 animus
945 307 1059 371 timore
1074 305 1244 392 obstipuit.

283 402 422 470 Pectore
437 406 614 471 consistere
629 403 708 468 nihil
724 402 849 468 consilii
863 405 953 489 quit:
976 404 1060 469 vah!

257 514 273 560 ⁵
286 502 461 577 Quomodo
475 525 526 567 me
542 524 583 567 ex
598 501 660 566 hac
675 501 847 586 expediam
862 504 960 567 turba

283 599 414 665 Tantai
434 624 520 665 nunc
535 600 676 685 suspicio
691 598 733 663 de
746 623 798 665 me
813 601 944 680 incidit3
968 624 1073 687 neque
1087 624 1127 666 ea
1138 602 1308 666 immerito.

283 701 432 763 Sostrata
446 700 561 777 credit,
578 698 655 762 mihi
668 720 719 761 me
734 697 900 783 psaltriam
913 700 998 765 banc
1014 702 1130 766 emisse
1142 725 1151 765 r
1173 701 1211 765 id
1225 722 1306 765 anus

283 797 370 861 Mihi
384 798 537 862 indicium
551 797 638 861 fecit.

282 897 369 961 Nam
398 907 435 960 ut
460 896 536 960 hinc
556 895 641 960 forte
663 918 703 959 ea
724 896 767 960 ad
789 897 997 962 obstetricem
1016 909 1088 963 erat
1110 898 1221 975 missa,
1249 894 1305 960 ubi
1324 915 1382 959 eam

348 996 424 1073 vidi,
440 993 514 1059 ilico

242 1108 272 1154 ιο
283 1091 435 1173 Acced03
459 1094 576 1178 rogito,
594 1090 765 1178 Pamphila
779 1094 857 1178 quid
872 1105 969 1177 agat:
987 1095 1055 1179 jam
1070 1104 1184 1178 partus
1198 1092 1329 1157 adsieti

283 1192 378 1257 Eone
393 1192 602 1257 obstetricem
616 1195 784 1257 arcessat?
807 1191 861 1257 illa
875 1191 1044 1271 exclamat,
1061 1192 1140 1268 Abi,
1155 1192 1212 1256 abi
1223 1192 1303 1276 jam,
1318 1188 1382 1255 AEe

348 1290 463 1356 chine:

283 1388 369 1453 Satis
385 1390 441 1454 diu
456 1390 576 1455 dedisti
592 1390 709 1455 verba:
734 1401 785 1454 sat
799 1391 907 1456 adhue
923 1403 980 1455 tua
993 1412 1052 1455 nos
1067 1389 1267 1454 frustrata’st
1280 1386 1365 1451 fides

283 1486 381 1563 Hem,
397 1487 475 1571 quid
491 1489 574 1553 istuc
590 1489 738 1566 obsecro,
752 1490 894 1574 inquam,
909 1490 970 1554 ’sti
1010 1488 1141 1566 Valeas,
1164 1488 1291 1553 habeas
1311 1484 1381 1550 illm

347 1608 421 1670 quae
435 1584 553 1671 placet.

240 1784 335 1817 versum
353 1768 486 1827 constituit,
503 1770 540 1820 uti
557 1780 594 1820 est
610 1772 675 1848 apud
693 1772 801 1821 Lindon·
834 1771 1060 1835 miindr'oismstoit.
1089 1772 1153 1821 Sunt
1163 1771 1250 1835 itaque
1259 1776 1381 1839 tetrameter

240 1834 306 1897 brog.
325 1835 373 1882 Sed
384 1850 520 1900 perperam.
547 1836 611 1885 Nam
627 1852 652 1885 rn
670 1836 802 1886 veterrimo
833 1837 997 1895 catalecticus,
1006 1848 1031 1885 et
1041 1838 1192 1901 plenuscum
1203 1834 1320 1885 clausulis
1328 1846 1378 1882 nius

240 1910 323 1948 nostro
334 1902 466 1949 Discrucior
473 1904 544 1949 onisii
552 1917 735 1966 perseversum
742 1918 801 1950 con·
833 1912 862 1950 ut
877 1902 986 1950 solemne
997 1912 1035 1951 est
1050 1902 1076 1949 in
1093 1917 1182 1965 magns
1196 1900 1277 1949 animi
1289 1913 1380 1947 commo·

240 1962 329 2012 stituit.
365 1965 429 2013 Turn
449 1966 529 2015 Varro
548 1967 613 2031 apud
631 1966 750 2015 Rufinum
770 1968 801 2016 de
833 1967 907 2015 tione.
932 1966 960 2014 B.

241 2028 330 2078 Metris
341 2028 455 2089 Cornicis,
472 2046 495 2095 p.
507 2032 578 2083 2707.
595 2031 686 2079 diserte
702 2046 800 2080 versum
865 2033 887 2080 d.
898 2030 1083 2095 Nssessuptcio]
1093 2030 1380 2080 Modoostenditrrrosust

240 2094 527 2159 implaneeonstituturn
544 2112 597 2145 esse
609 2106 734 2145 memorat.
754 2096 799 2144 Al·
833 2096 1003 2161 trepidationis
1013 2096 1132 2145 AEsclrini.
1156 2096 1188 2144 D.

239 2170 319 2207 terum
335 2175 393 2208 vero
403 2176 501 2209 versum
513 2161 547 2209 ita
563 2160 663 2224 retingo,
673 2163 762 2209 Ho'er‘ue
773 2178 801 2209 es
866 2161 888 2213 7.
901 2164 932 2210 Id
942 2178 1001 2209 osas
1009 2164 1064 2210 niti
1072 2159 1264 2223 indieissrseoit]
1278 2158 1321 2207 lile
1331 2166 1380 2203 mm

239 2226 358 2285 improvisi
374 2228 430 2273 moli
446 2229 477 2273 mi
493 2226 569 2288 sojnt
595 2226 706 2275 Creticus
716 2241 801 2274 versus
833 2225 873 2275 eni
896 2227 1006 2276 Sostrata
1024 2226 1126 2284 dixerat,
1148 2228 1232 2284 enm,
1254 2224 1379 2273 obstetritfl

239 2289 615 2402 est,et:cret{3eispedibnscum
631 2306 681 2339 uno
695 2290 802 2340 molosso
831 2308 930 2404 αἵκῧ
955 2292 1008 2405 Db
1022 2354 1146 2418 mnsam
1203 2358 1239 2403 ad
1254 2352 1379 2402 mm

240 2368 299 2402 cons
325 2370 361 2403 ns.
408 2390 414 2403 .
882 2392 889 2404 .
926 2374 964 2404 oss
1160 2371 1189 2404 oo

272 2420 294 2467 2.
312 2422 344 2468 Ut
360 2436 431 2483 neque
447 2422 504 2483 quid
519 2437 553 2469 ore
564 2418 667 2483 sociam]
685 2420 745 2469 Plus
756 2430 801 2477 est.
833 2430 885 2470 erat
899 2418 982 2483 deso]
1000 2422 1110 2485 Apparet
1128 2420 1194 2468 inter
1213 2429 1303 2468 cetera
1318 2425 1378 2464 anum

239 2487 297 2546 quid
307 2502 340 2532 me
351 2482 448 2547 facisse,
466 2483 723 2548 quamqut'dfscinm:
738 2485 800 2535 illud
832 2485 931 2542 dixisse,
951 2486 982 2533 sd
1001 2484 1155 2533 obstetricem
1175 2500 1203 2532 se
1225 2484 1334 2533 missam:
1354 2490 1379 2524 tt

240 2548 306 2596 enim
326 2550 356 2597 de
373 2550 453 2607 rebus,
469 2550 516 2597 hoc
527 2550 558 2597 de
575 2550 628 2615 ipso
645 2550 744 2599 homine
760 2550 799 2599 in·
832 2551 898 2599 ultro
908 2550 961 2599 baec
971 2550 1108 2613 suspicatus
1117 2560 1155 2597 est
1166 2548 1318 2598 AEschinnsl
1328 2546 1380 2593 ff*

240 2612 364 2677 telligitur.
394 2616 473 2677 Neque
489 2618 546 2677 quid
560 2632 634 2678 agam
650 2624 737 2664 certum
752 2614 800 2678 est]
833 2625 915 2664 antem
938 2614 1057 2673 addendo,
1075 2614 1183 2663 ostendit
1201 2630 1231 2663 se
1251 2621 1308 2662 onte
1326 2610 1378 2657 lom

241 2680 332 2727 Certum
348 2687 389 2735 est,
401 2694 446 2743 pro
461 2688 547 2727 eertum
564 2684 613 2727 stt:
630 2678 677 2729 nisi
690 2680 752 2729 forte
767 2688 801 2738 ut,
835 2681 951 2729 Sostrate
968 2692 1047 2729 stare:
1066 2690 1095 2728 ut
1111 2679 1177 2735 alibi,
1196 2696 1227 2727 es
1236 2680 1318 2727 -Asaro
1329 2688 1377 2721 Μ·

238 2760 306 2805 qaam
326 2743 453 2807 significet.
474 2744 617 2793 D.—llunc
629 2744 729 2793 tertium
744 2760 799 2793 ver·
832 2748 941 2821 migrarit
951 2748 995 2793 tue
1003 2747 1100 2793 vicisim
1138 2746 1184 2792 vti
1193 2761 1247 2793 east
1255 2738 1313 2803 eidi]
1328 2740 1379 2785 80⁰1

238 2824 293 2857 sum
305 2809 342 2856 fac
351 2808 498 2857 trochaicum
508 2819 674 2858 tetrametrum
683 2809 727 2867 sic,
738 2812 801 2857 Too-
832 2826 874 2873 qur
894 2809 985 2858 addant
1003 2825 1032 2858 su
1064 2825 1154 2857 rracue
1167 2812 1244 2857 tono.-
1260 2816 1286 2856 et
1300 2806 1377 2867 legunt

239 2881 305 2929 tasi,-
322 2873 802 2937 utaequsquiddimesoolom,steqsid
832 2878 891 2923 tone
907 2878 948 2922 sbi
963 2876 1012 2923 nidi
1048 2874 1151 2923 Videtur
1173 2870 1312 2922 Donstnsl
1340 2867 1346 2877 '

238 2954 320 2986 aas.
342 2937 408 2986 Nam
424 2938 619 2987 etseosecundo
632 2939 730 2998 loco,et
745 2942 802 3001 qsid
833 2942 938 2988 euvidi
972 2940 1054 3002 Atque
1065 2938 1099 2987 its
1110 2949 1149 2987 est
1158 2938 1186 2986 in
1198 2939 1249 2987 Ma
1263 2936 1310 2998 a).
1351 2964 1357 2977 ·

238 3005 266 3050 de
281 3018 315 3051 me
331 3002 452 3067 reperitur
467 3002 494 3051 in
510 3004 635 3053 nonnullis
651 3004 720 3053 codd,
742 3020 798 3053 nos·
866 3006 904 3053 10.
925 3007 1049 3066 Pasiphilo
1070 3006 1127 3079 psid
1147 3011 1222 3066 agot.-
1238 3003 1291 3066 jon
1308 3002 1377 3061 ww

239 3065 291 3113 tris.
315 3066 345 3115 B.
831 3068 919 3132 addet]
936 3069 1063 3117 Amatoris
1076 3067 1245 3131 interrogatio,
1258 3080 1304 3129 qus
1317 3074 1376 3109 Μ·

272 3132 293 3179 8.
312 3134 417 3179 Membro
436 3141 497 3180 oreta
515 3135 601 3182 debitio
620 3142 689 3183 sunt:
709 3138 799 3182 asinos
831 3147 893 3183 strat
905 3134 1113 3183 AEschinuscurae
1124 3131 1170 3181 sibi
1182 3148 1238 3181 esse
1249 3137 1376 3180 monite&

239 3198 317 3244 tinore
333 3196 455 3260 obstipuit]
472 3200 538 3245 Metu
554 3199 645 3261 patris:
663 3203 743 3247 timore
760 3198 798 3247 di·
832 3197 1256 3247 D.—Lectiocodd.dnorumetedd.
1262 3193 1375 3243 settle*

238 3260 318 3309 vorrii.
356 3260 474 3309 l).—Fac
495 3277 579 3311 versus
601 3264 795 3312 choriambicos:
828 3273 949 3325 seportss
958 3266 1035 3313 orteia
1044 3263 1126 3312 versui
1137 3272 1176 3311 est
1184 3252 1374 3323 commodiori

238 3326 343 3373 Minora
361 3334 422 3374 metu
441 3328 527 3374 attilio
545 3332 614 3377 stat.-
640 3332 730 3391 minsas
746 3344 797 3390 pra
864 3330 900 3377 11.
918 3331 965 3377 [tta
980 3327 1106 3391 misna]
1134 3327 1327 3389 unumpate.
1340 3314 1374 3366 “l

238 3393 318 3439 timore
331 3387 336 3455 Ι
350 3387 492 3452 ‘Obstipuitr
507 3400 598 3453 pectore
620 3398 742 3442 considere
763 3396 799 3441 sil
829 3396 948 3442 esctomt.
982 3393 1016 3442 Et
1035 3391 1165 3442 benevim
1185 3386 1324 3441 addiditsd
1337 3396 1373 3431 Εἰ·

237 3458 318 3503 consili
335 3458 391 3519 quit.
426 3456 493 3519 Lego
514 3473 563 3518 pm
584 3460 671 3515 timore,
691 3468 720 3506 ut
739 3457 798 3506 alibi
830 3458 1000 3506 clamationem
1018 3456 1100 3507 luisse.
1134 3458 1202 3521 Ergo
1217 3474 1234 3506 s
1248 3453 1312 3504 vocis
1325 3459 1373 3525 ⁸9⁰⁰

233 3536 285 3583 prae
296 3523 379 3579 studio,
389 3524 578 3585 pra-troesndia,
588 3540 638 3585 pra
647 3526 742 3587 gaudio,
754 3531 797 3571 eto.
830 3526 949 3580 exclamat,
968 3538 1017 3571 non
1039 3539 1054 3571 a
1073 3522 1161 3582 verbis.
1201 3526 1259 3579 Ast,
1278 3522 1373 3589 abitt*

239 3586 267 3634 Β.
831 3590 959 3637 morsm
982 3590 1042 3636 ora
1058 3591 1099 3636 aa
1118 3590 1190 3636 ersa
1207 3588 1293 3637 orori
1309 3572 1371 3635 κω]

268 3652 291 3699 4.
305 3653 401 3699 Consilii
415 3650 478 3715 quit]
491 3651 522 3699 V.
532 3652 560 3701 C.
572 3654 663 3701 mositii
676 3656 733 3717 quid
745 3662 797 3714 pot·
831 3652 916 3715 Usque
926 3653 984 3701 dum
994 3652 1192 3716 intelligeremus
1216 3652 1250 3700 D.

236 3724 277 3765 aa
302 3717 331 3764 Ι..
865 3700 1370 3779 nannonmfmomew]

268 3784 290 3828 5.
304 3782 363 3830 Cod
376 3790 424 3830 vet.
436 3781 502 3830 hunc
514 3792 539 3831 et
550 3798 615 3847 seqq.
627 3798 713 3831 versus
724 3781 796 3831 aliter
829 3782 914 3846 Usque
925 3782 984 3831 dum
992 3782 1149 3847 deciperettn·
1157 3776 1315 3846 (detegerem
1330 3768 1369 3831 Z}

235 3846 339 3903 ordinat,
357 3862 429 3911 quom
449 3846 565 3897 Faernus.
603 3849 652 3895 Vnt
668 3862 701 3897 ex
713 3847 797 3912 priore
831 3846 862 3895 D.
1141 3890 1148 3902 ,

234 3926 308 3959 versu
323 3912 371 3960 huc
389 3925 487 3969 revoco,
499 3922 525 3959 et
538 3915 613 3961 nescio
627 3912 675 3961 huo
690 3928 795 3970 murno,
862 3914 900 3960 ts
918 3914 996 3961 Heu!
1012 3914 1070 3976 quid
1086 3916 1152 3969 istae,
1171 3915 1268 3966 obsecro,
1283 3910 1366 3967 ist*

234 3978 291 4023 etim
305 3986 405 4040 propter
418 3992 523 4035 versum,
536 3986 587 4025 tum
598 3987 624 4025 et
639 3977 794 4035 sententiam,
827 3976 896 4054 ortt]
916 3980 984 4036 Han,
1000 3976 1138 4041 inten'ectio
1154 3986 1192 4025 est
1205 3977 1283 4025 'norst
1297 3969 1366 4041 Μ

239 4042 296 4095 Vnt,
309 4045 352 4102 qut
366 4044 430 4089 modo
444 4058 479 4090 nte
494 4058 521 4090 es
533 4044 576 4091 Mc
589 4045 707 4104 expediam
719 4045 794 4101 ttrto,
827 4042 869 4091 ino
887 4053 966 4091 instas
980 4042 1110 4091 audientis
1147 4043 1245 4091 l'oteos':
1260 4028 1364 4087 msi-

235 4107 325 4151 srescio:
348 4110 413 4153 trinta
430 4124 490 4154 asne
504 4104 508 4170 Ι
523 4110 626 4169 Suspicio
642 4110 671 4156 de
686 4124 721 4155 sse
736 4110 794 4155 inet-
827 4058 887 4171 lsts5
902 4107 980 4162 Quasi
992 4107 1091 4156 recedat
1101 4117 1126 4155 et
1142 4107 1214 4171 longe
1229 4102 1299 4155 absit:
1314 4102 1364 4171 utin

235 4171 287 4222 dits
302 4165 307 4232 l
321 4170 401 4231 thue
413 4186 441 4219 eo
458 4174 586 4220 immerito.-
606 4175 711 4221 Sostrata
722 4175 797 4225 eredit
828 4172 931 4230 Andria,
960 4175 1052 4222 mteost
1069 4176 1110 4237 qui
1128 4176 1191 4221 ister
1208 4188 1248 4221 sos
1265 4163 1362 4215 W

236 4234 292 4281 otti
303 4250 337 4281 sne
350 4236 471 4295 psaltriam
482 4240 540 4285 brine
551 4240 648 4285 essisset
665 4240 691 4286 s'd
704 4234 710 4300 Ι
722 4232 797 4286 'Anus
828 4240 913 4286 solent.
937 4236 970 4285 D.
