2834 4759
262 184 305 245 lvi
672 184 735 245 DE
758 182 1005 245 THEATRO.

264 314 448 384 maticorum,
461 324 493 373 ct
513 314 653 374 musicam
672 314 824 384 rationem,
838 325 872 373 ut
891 330 1075 391 quecunque
1089 332 1150 372 vox
1169 313 1199 371 in
1217 330 1297 373 scens
1312 324 1381 385 ests,

264 394 369 454 clarior
384 411 414 454 et
428 396 546 454 suavior
559 394 597 453 ad
611 406 810 473 spectatorum
829 395 996 473 perveniret
1015 411 1109 464 sures,
1129 414 1164 453 ac
1184 413 1221 452 ne
1237 414 1292 452 vox
1308 393 1380 471 impe·

266 474 351 547 diret,
374 476 415 535 ita
439 475 592 555 compositi
616 488 698 534 erant
719 474 836 553 gradm,
855 487 889 533 ut
912 473 989 534 linea
1008 494 1098 552 quum
1118 474 1156 532 ad
1177 474 1263 533 inrum
1282 473 1379 552 gradun

264 569 295 615 et
315 556 353 615 ad
376 576 521 615 summum
543 566 662 615 extenta
680 568 767 623 esset,
782 556 879 614 omnia
899 557 1050 614 cacumina
1069 555 1212 633 graduum
1231 555 1380 632 angulosque

264 648 405 715 tangeret.
448 636 546 713 Atque
569 648 602 695 ut
622 657 681 695 vox
695 650 827 695 actorum
844 638 963 695 suavior
983 650 1014 695 et
1035 636 1186 694 delicatior
1197 636 1380 714 spectatoribus

264 717 422 786 videretur,
436 717 546 794 antiqui
560 716 735 776 Graecorum
749 716 885 787 artifices,
902 717 979 775 iuter
997 717 1083 775 sedes
1103 717 1210 775 theatri
1229 716 1309 775 callus
1327 735 1382 775 cou-

265 799 423 857 stituerunt
436 800 547 856 ratione
564 798 684 867 musica,
699 799 850 873 inquibus
869 816 939 855 uoto
958 817 1047 866 auca,
1062 818 1116 876 pro
1135 797 1245 856 ratione
1262 797 1383 874 magnitu-

264 878 341 937 dinis
364 879 467 937 theatri
491 879 569 937 facta
591 878 817 948 collocabantur,
838 898 906 955 quae
929 878 972 938 ita
994 878 1135 937 fabricata
1153 890 1244 948 crant,
1262 890 1294 935 ut
1312 896 1384 954 quun

264 972 453 1037 tangerentur
467 979 486 1018 a
498 979 580 1029 voce,
602 960 728 1018 sonitum
748 959 878 1018 iacerent
901 960 976 1018 iuter
996 980 1038 1017 se.
1081 958 1184 1035 quue
1205 958 1321 1017 artificio
1338 956 1385 1015 col·

264 1040 360 1099 locata
383 1040 508 1108 fueruat,
532 1053 566 1099 ut
585 1038 696 1098 nullum
717 1041 857 1117 parietem
878 1053 1044 1118 tangerent,
1058 1040 1193 1117 circaque
1205 1039 1336 1099 baberent
1351 1038 1385 1095 lo·

266 1138 332 1179 cum
355 1139 490 1189 vacuum,
506 1134 536 1179 et
557 1140 670 1178 summo
695 1121 790 1198 capite
811 1121 946 1197 spatium,
966 1122 1205 1198 ponebanturqrre
1222 1133 1252 1179 et
1269 1110 1394 1197 suspen&

266 1202 458 1260 cernebantur
478 1221 529 1259 ore
551 1201 665 1269 declivi,
682 1214 715 1259 ut
738 1202 768 1259 in
789 1200 824 1259 iis
846 1221 906 1259 vox
927 1214 1059 1260 actorum
1079 1202 1219 1278 ingresse,
1233 1199 1388 1259 harmoniam

265 1281 403 1352 efficeret,
425 1294 455 1341 et
474 1281 597 1359 gratiam
618 1281 762 1358 quandam
783 1281 901 1340 afferret
921 1281 1145 1360 spectatoribus,
1158 1295 1249 1359 utque
1262 1279 1389 1339 intellectu

265 1361 377 1421 facilior
394 1374 482 1421 esset.
524 1362 596 1421 Tele
614 1362 754 1440 quiddam
771 1362 858 1421 audio
870 1362 966 1421 adhuc
978 1361 1065 1421 hodie
1078 1376 1179 1421 extare
1193 1363 1223 1421 in
1235 1360 1389 1440 quibusdan

266 1442 383 1521 templis
402 1442 538 1520 antiquis,
557 1464 624 1520 quae
646 1463 724 1501 nuuc
744 1462 862 1520 quoque
878 1457 1036 1520 supersunt
1057 1443 1179 1521 integra,
1202 1442 1279 1521 apud
1298 1453 1390 1500 nosue

267 1524 448 1601 tempestatis
472 1522 605 1583 Graecos.
658 1523 693 1581 In
716 1544 842 1601 quorum
862 1523 972 1582 fornice
993 1524 1129 1582 inferiore
1154 1536 1242 1602 atque
1261 1521 1390 1601 superiore

267 1606 346 1662 varia
360 1618 426 1663 sunt
440 1605 581 1663 foramina
594 1603 660 1662 hinc
674 1604 741 1662 inde
755 1622 920 1681 conspersa,
938 1624 973 1663 sc
991 1605 1048 1663 sibi
1061 1603 1152 1662 veluti
1165 1624 1204 1663 ex
1218 1605 1350 1663 dirimam
1361 1602 1390 1659 sb

265 1704 323 1743 uuo
337 1684 375 1743 ad
388 1684 466 1743 aliud
480 1684 555 1743 latus
569 1684 834 1762 correspondentia,
849 1686 878 1743 in
892 1685 999 1762 quibus
1012 1705 1082 1744 vasa
1096 1704 1179 1744 aenea
1192 1685 1317 1763 impacta
1326 1693 1390 1749 suut,

266 1784 390 1843 quorum
412 1785 446 1824 os
469 1764 559 1843 (qnod
580 1765 733 1843 angustius
754 1778 808 1833 est,
829 1785 918 1842 quam
939 1766 1002 1843 ipse
1023 1764 1139 1841 venter)
1152 1778 1266 1825 tantum
1280 1764 1391 1823 exterius

264 1856 355 1923 patet,
370 1866 428 1905 non
443 1848 530 1905 etiam
551 1846 704 1923 prominet.
748 1845 783 1904 In
798 1865 833 1904 ea
846 1866 924 1914 vasa,
939 1867 998 1905 vox
1018 1846 1047 1905 in
1067 1845 1177 1925 templo
1189 1846 1347 1906 &nentium
1356 1844 1397 1901 itr-¹

265 1924 355 1995 cluss,
370 1926 567 1985 incredibilem
581 1925 671 1985 efficit
685 1926 873 1995 harmoniam,
888 1948 1034 2005 sonosque
1047 1927 1290 1997 distinctissimos,
1307 1940 1334 1984 et
1350 1923 1392 1983 ad·

264 2008 385 2065 modum
407 2020 514 2085 gratos,
536 2021 623 2084 atque
650 2007 752 2066 auditu
772 2006 881 2066 faciles.
924 2007 983 2066 Sed
1004 2008 1034 2065 in
1051 2008 1172 2067 theatris
1184 2028 1257 2067 vasa
1275 2007 1393 2084 resupina

266 2088 527 2166 suspendebantur.
569 2086 642 2146 Tale
656 2088 727 2164 quid
739 2098 836 2147 autem
852 2089 956 2147 Romae
969 2089 1079 2147 facturn
1093 2089 1183 2148 fuisse
1197 2088 1259 2148 suis
1273 2085 1394 2165 tempori·

265 2168 321 2227 hus
334 2181 423 2246 negat
437 2167 599 2237 Vitruvius,
614 2167 665 2227 sed
680 2170 709 2227 in
724 2168 818 2227 ltaliae
831 2170 999 2247 regionibus
1012 2182 1044 2227 et
1056 2171 1086 2227 in
1096 2168 1232 2247 pluribus
1239 2170 1395 2229 Graeccrum

266 2249 442 2308 civitatibus.
486 2247 572 2308 Unde
584 2248 692 2308 Lucius
705 2248 867 2308 Mummius
880 2250 978 2308 diruto
987 2248 1205 2309 Corinthiorum
1220 2251 1331 2309 theatro
1343 2247 1394 2326 ejus

265 2350 349 2389 aenea
361 2350 431 2389 vasa
442 2330 563 2388 Romam
578 2330 754 2409 deportavit.
794 2329 886 2389 Multi
899 2331 986 2389 etiam
999 2331 1159 2399 architecti,
1174 2333 1227 2408 qui
1247 2332 1277 2390 iu
1297 2328 1396 2409 oppidis

265 2430 324 2469 nou
337 2412 450 2489 magnis
464 2410 576 2469 theatra
591 2422 827 2479 construxerunt,
841 2425 961 2489 propter
975 2412 1042 2470 aeris
1056 2412 1193 2489 inopiam,
1204 2410 1345 2485 fictilibus
1355 2408 1397 2466 do·

266 2490 313 2549 liis
337 2492 378 2551 ita
401 2492 570 2551 sonantibus
596 2491 705 2561 electis,
731 2492 785 2549 hac
811 2492 1030 2550 ratiocinatione
1055 2493 1236 2570 compositis,
1264 2492 1309 2552 usi
1331 2501 1397 2549 sunt.

267 2570 454 2651 Quapropter
469 2572 581 2630 Plinius
594 2573 643 2643 sit,
658 2573 687 2629 iu
701 2571 825 2631 theatris
837 2592 939 2631 vocem
953 2574 1062 2651 optime
1076 2594 1192 2632 currere
1206 2575 1239 2632 in
1251 2573 1334 2633 doliis
1346 2573 1397 2628 ina·

266 2653 362 2711 nibus.
404 2652 439 2711 In
459 2652 561 2730 ligneis
581 2666 678 2711 autem
702 2652 823 2711 theatris
846 2654 901 2727 (ait
913 2652 1082 2727 Vitruvius)
1096 2672 1163 2731 quoe
1176 2655 1284 2714 Romae
1302 2651 1398 2733 passim

266 2732 383 2803 fiebant,
398 2754 456 2792 uon
477 2746 539 2792 erat
559 2734 636 2792 vasis
657 2734 746 2792 aeneis
767 2754 850 2811 opus,
865 2754 932 2792 eum
954 2734 1146 2793 tabulationes
1165 2735 1309 2795 haberent
1330 2752 1398 2792 crimd

265 2813 373 2892 plures,
385 2835 459 2891 quas
473 2834 575 2873 sonare
589 2834 707 2872 necesse
721 2829 794 2873 erat.
828 2814 935 2872 Aditus
947 2816 1085 2891 permulti
1098 2829 1129 2873 et
1142 2815 1266 2893 spatiosi
1279 2809 1398 2893 dispositi

266 2907 349 2953 erant
360 2895 436 2953 eirca
450 2895 604 2964 theatrum,
614 2916 668 2953 uec
683 2894 831 2972 conjuncti
843 2895 1009 2973 superiores
1022 2896 1219 2966 inferioribus,
1231 2897 1284 2957 sed
1299 2918 1336 2955 ex
1346 2913 1398 2953 om·

265 2976 351 3034 nibus
365 2974 437 3034 locis
451 2976 584 3053 perpetui
608 2988 638 3033 et
657 2975 769 3043 directi,
784 2975 847 3034 sine
866 2976 1042 3035 inversuris:
1063 2976 1106 3035 uti
1121 2996 1213 3055 quum
1226 2977 1351 3057 populus
1362 2974 1398 3031 di·

265 3056 435 3115 mittebatur
446 3076 464 3114 e
477 3055 659 3133 spectaculis,
673 3075 731 3115 non
744 3057 995 3133 comprimeretur,
1010 3057 1063 3115 sed
1082 3058 1205 3117 haberet
1225 3080 1267 3118 ex
1279 3058 1398 3118 omuibus

265 3134 337 3196 locis
349 3136 448 3194 exitura
463 3149 612 3214 separatos
628 3137 690 3195 sine
711 3136 909 3215 impeditione.
951 3137 1109 3215 Reliquum
1130 3139 1240 3197 theatri
1258 3139 1398 3199 artificium

265 3236 284 3275 a
303 3216 397 3295 gradu
420 3217 548 3275 omnium
566 3216 718 3295 superiore
736 3217 766 3276 in
786 3216 968 3277 altitudinem
985 3220 1075 3277 trium
1089 3220 1342 3297 contignatiunum
1357 3237 1398 3276 ex«

264 3310 432 3377 porrectum
446 3310 517 3366 erat,
532 3298 619 3357 etiam
634 3298 663 3356 in
678 3297 871 3376 hemicylum:
892 3312 981 3377 atque
993 3300 1035 3358 ita
1047 3299 1278 3371 exaedificatum,
1291 3314 1326 3360 ut
1343 3318 1398 3377 por*

265 3380 340 3437 ticus
355 3378 501 3438 efficeret:
522 3378 716 3456 undecunque
732 3390 875 3456 patentes,
890 3392 920 3438 et
940 3379 1083 3438 columnis
1103 3381 1172 3440 hinc
1187 3395 1219 3441 et
1238 3382 1309 3441 inde
1327 3397 1398 3440 orusd

265 3459 354 3519 tiores
375 3460 475 3528 factas,
491 3458 521 3517 in
541 3478 613 3537 quas
632 3458 760 3537 populus
775 3460 1010 3539 susciperetui
1025 3461 1141 3538 quaudo
1158 3475 1282 3540 propter
1296 3464 1398 3527 imbres

265 3552 318 3599 aut
330 3539 399 3599 coeli
419 3552 621 3617 tempestatem
642 3541 738 3599 minus
758 3540 949 3609 commodam,
964 3540 1024 3599 ludi
1040 3541 1308 3620 interpellarentur.
1339 3543 1398 3601 Esu

265 3620 371 3680 theatri
385 3634 496 3699 partem
507 3621 723 3699 praecinctionem
735 3620 852 3679 videtur
862 3621 1009 3700 appellare
1023 3621 1194 3681 Vitruvius:
1216 3623 1341 3692 Plinius,
1359 3641 1398 3700 ps*

264 3701 359 3760 sistent
379 3702 592 3779 circumjectum.
634 3700 693 3760 Sed
713 3702 864 3761 inferiores
886 3716 918 3761 et
939 3703 989 3761 imi
1011 3703 1117 3763 theatri
1137 3705 1269 3781 porticus
1284 3704 1398 3783 duplicet

264 3796 356 3852 ειιιιι,
370 3783 524 3859 mediaque
545 3784 639 3861 spatia
653 3784 707 3841 sub
728 3782 798 3841 divo
817 3783 893 3841 inter
912 3784 1052 3861 porticus,
1068 3785 1211 3844 viridibus
1231 3786 1398 3845 adornaban-

264 3876 321 3935 tur,
334 3863 413 3942 quod
428 3862 537 3941 (inquit
547 3862 714 3939 Vitruvius)
730 3862 888 3942 hppoeihrae
901 3864 1103 3923 ambulationes
1115 3866 1260 3925 baberent
1279 3883 1398 3945 magnas

263 3944 475 4003 salubritatem.
518 3943 719 4023 Replebantur
732 3964 860 4022 quoque,
874 3958 992 4003 auctore
1007 3944 1111 4016 Plinio,
1122 3945 1195 4005 flore
1207 3948 1292 4007 muci
1304 3947 1398 4026 sylves

264 4025 326 4093 tris,
345 4040 465 4104 propter
479 4024 631 4084 oculorum
643 4024 878 4094 oblectationem,
893 4039 926 4084 ut
939 4040 1021 4104 pata
1034 4027 1128 4105 magis
1141 4047 1230 4105 quarn
1244 4028 1285 4088 sd
1295 4031 1398 4090 odoreu

264 4105 487 4165 conciliandum.
528 4105 713 4171 Quinetiam
724 4126 763 4164 ne
778 4105 848 4164 solis
861 4106 949 4165 ardor
963 4121 1015 4165 aut
1027 4108 1114 4166 edam
1129 4124 1309 4187 conspectus
1321 4128 1398 4190 popu·

264 4184 327 4243 lum
346 4188 383 4245 ah
403 4186 501 4246 officio
522 4185 707 4245 deturbaret:
729 4198 821 4263 utque
838 4185 1004 4246 salubribus
1017 4200 1196 4267 spectatores
1208 4192 1398 4270 conspiceres

265 4264 345 4343 (uam
356 4268 485 4344 porticus
495 4280 615 4346 propter
623 4268 733 4327 imbres
741 4280 854 4326 tantum
865 4266 1020 4327 aedificata
1028 4268 1161 4345 suerum)
1168 4273 1341 4350 excogitata
1349 4290 1398 4330 suu

263 4346 327 4405 mla
342 4358 404 4405 toto
418 4346 535 4417 theatro,
548 4362 636 4428 atque
649 4348 725 4407 adeo
743 4349 801 4425 ipsi
818 4348 925 4407 tlmatri
939 4368 1037 4409 cavete
1051 4364 1233 4429 superteusa,
1249 4373 1320 4432 quse
1334 4372 1398 4432 spec

264 4430 408 4489 tatoribus
420 4430 554 4489 umbram
568 4432 713 4491 facerent:
734 4428 816 4507 quod
828 4429 940 4509 prim
953 4431 1084 4491 omnium
1096 4432 1209 4492 invenit
1223 4433 1267 4501 Q.
1281 4433 1398 4495 Catulus
