<?xml version="1.0" encoding="UTF-8"?>
<!DOCTYPE html PUBLIC "-//W3C//DTD XHTML 1.0 Transitional//EN"
    "http://www.w3.org/TR/xhtml1/DTD/xhtml1-transitional.dtd">
<html xmlns="http://www.w3.org/1999/xhtml" xml:lang="en" lang="en">
 <head>
  <title>
</title>
<meta http-equiv="Content-Type" content="text/html;charset=utf-8" />
  <meta name='ocr-system' content='tesseract 3.04.00' />
  <meta name='ocr-capabilities' content='ocr_page ocr_carea ocr_par ocr_line ocrx_word'/>
</head>
<body>
  <div class='ocr_page' id='page_1' title='image "./publiiterentiic01lindgoog/publiiterentiic01lindgoog_0217.png"; bbox 0 0 2834 4759; ppageno 0'>
   <div class='ocr_carea' id='block_1_1' title="bbox 29 141 1197 225">
    <p class='ocr_par' dir='ltr' id='par_1_1' title="bbox 29 141 1197 225">
     <span class='ocr_line' id='line_1_1' title="bbox 29 141 1197 225; baseline 0.011 -23"><span class='ocrx_word' id='word_1_1' title='bbox 29 160 138 204; x_wconf 75' lang='lat' dir='ltr'>scena</span> <span class='ocrx_word' id='word_1_2' title='bbox 155 141 224 225; x_wconf 90' lang='grc' dir='ltr'>ιιι.]</span> <span class='ocrx_word' id='word_1_3' title='bbox 456 142 771 211; x_wconf 88' lang='lat' dir='ltr'><strong>EUNUCHUS.</strong></span> <span class='ocrx_word' id='word_1_4' title='bbox 1136 152 1197 215; x_wconf 86' lang='grc'>169</span> 
     </span>
    </p>
   </div>
   <div class='ocr_carea' id='block_1_2' title="bbox 69 273 1196 455">
    <p class='ocr_par' dir='ltr' id='par_1_2' title="bbox 69 273 1196 455">
     <span class='ocr_line' id='line_1_2' title="bbox 69 273 1196 365; baseline 0.008 -26"><span class='ocrx_word' id='word_1_5' title='bbox 69 273 164 340; x_wconf 87' lang='lat' dir='ltr'>Tum</span> <span class='ocrx_word' id='word_1_6' title='bbox 174 278 278 361; x_wconf 77' lang='lat' dir='ltr'>magis</span> <span class='ocrx_word' id='word_1_7' title='bbox 289 278 324 341; x_wconf 93' lang='lat' dir='ltr'>id</span> <span class='ocrx_word' id='word_1_8' title='bbox 335 278 436 343; x_wconf 88' lang='lat' dir='ltr'>dicas.</span> <span class='ocrx_word' id='word_1_9' title='bbox 467 278 532 343; x_wconf 82' lang='lat' dir='ltr'>Cu.</span> <span class='ocrx_word' id='word_1_10' title='bbox 544 279 732 357; x_wconf 83' lang='lat' dir='ltr'><strong>Quodnam,</strong></span> <span class='ocrx_word' id='word_1_11' title='bbox 745 302 858 365; x_wconf 80' lang='lat' dir='ltr'>quoeso</span> <span class='ocrx_word' id='word_1_12' title='bbox 869 280 1002 347; x_wconf 67' lang='lat' dir='ltr'>hercle?</span> <span class='ocrx_word' id='word_1_13' title='bbox 1026 282 1113 347; x_wconf 75' lang='lat' dir='ltr'>Pan.</span> <span class='ocrx_word' id='word_1_14' title='bbox 1126 282 1196 348; x_wconf 88' lang='lat' dir='ltr'>Eu·</span> 
     </span>
     <span class='ocr_line' id='line_1_3' title="bbox 137 374 729 455; baseline 0.005 -17"><span class='ocrx_word' id='word_1_15' title='bbox 137 374 295 439; x_wconf 84' lang='lat' dir='ltr'>nochum.</span> <span class='ocrx_word' id='word_1_16' title='bbox 333 375 397 439; x_wconf 88' lang='lat' dir='ltr'>Cu.</span> <span class='ocrx_word' id='word_1_17' title='bbox 415 374 564 453; x_wconf 90' lang='lat' dir='ltr'>Illumne,</span> <span class='ocrx_word' id='word_1_18' title='bbox 580 378 729 455; x_wconf 89' lang='lat' dir='ltr'>obsecro,</span> 
     </span>
    </p>
   </div>
   <div class='ocr_carea' id='block_1_3' title="bbox 24 474 1195 1336">
    <p class='ocr_par' dir='ltr' id='par_1_3' title="bbox 24 474 1195 1336">
     <span class='ocr_line' id='line_1_4' title="bbox 24 474 1195 562; baseline 0.006 -23"><span class='ocrx_word' id='word_1_19' title='bbox 24 488 57 533; x_wconf 78' lang='lat'>6⁵</span> <span class='ocrx_word' id='word_1_20' title='bbox 70 474 291 541; x_wconf 82' lang='lat' dir='ltr'>inhonestum</span> <span class='ocrx_word' id='word_1_21' title='bbox 307 475 481 554; x_wconf 87' lang='lat' dir='ltr'>hominem,</span> <span class='ocrx_word' id='word_1_22' title='bbox 497 499 594 562; x_wconf 90' lang='lat' dir='ltr'>quem</span> <span class='ocrx_word' id='word_1_23' title='bbox 615 486 778 542; x_wconf 82' lang='lat' dir='ltr'>mercatus</span> <span class='ocrx_word' id='word_1_24' title='bbox 800 487 851 541; x_wconf 87' lang='lat' dir='ltr'>est</span> <span class='ocrx_word' id='word_1_25' title='bbox 874 476 964 555; x_wconf 87' lang='lat' dir='ltr'>herc,</span> <span class='ocrx_word' id='word_1_26' title='bbox 988 500 1109 558; x_wconf 86' lang='lat' dir='ltr'>senem,</span> <span class='ocrx_word' id='word_1_27' title='bbox 1125 502 1195 546; x_wconf 90' lang='lat' dir='ltr'>mu-</span> 
     </span>
     <span class='ocr_line' id='line_1_5' title="bbox 137 575 275 640; baseline 0.007 -2"><span class='ocrx_word' id='word_1_28' title='bbox 137 575 275 640; x_wconf 77' lang='lat' dir='ltr'>lieremi</span> 
     </span>
     <span class='ocr_line' id='line_1_6' title="bbox 69 671 1192 757; baseline 0.004 -20"><span class='ocrx_word' id='word_1_29' title='bbox 69 674 162 737; x_wconf 78' lang='lat' dir='ltr'>Pan.</span> <span class='ocrx_word' id='word_1_30' title='bbox 172 672 289 737; x_wconf 87' lang='lat' dir='ltr'>Istunc</span> <span class='ocrx_word' id='word_1_31' title='bbox 302 674 422 757; x_wconf 88' lang='lat' dir='ltr'>ipsum.</span> <span class='ocrx_word' id='word_1_32' title='bbox 446 671 510 736; x_wconf 87' lang='lat' dir='ltr'>Cu.</span> <span class='ocrx_word' id='word_1_33' title='bbox 522 672 633 737; x_wconf 88' lang='lat' dir='ltr'><strong>Homo</strong></span> <span class='ocrx_word' id='word_1_34' title='bbox 643 672 808 756; x_wconf 86' lang='lat' dir='ltr'><strong>quatietur</strong></span> <span class='ocrx_word' id='word_1_35' title='bbox 818 683 907 737; x_wconf 92' lang='lat' dir='ltr'>certe</span> <span class='ocrx_word' id='word_1_36' title='bbox 916 696 988 738; x_wconf 92' lang='lat' dir='ltr'>cum</span> <span class='ocrx_word' id='word_1_37' title='bbox 999 675 1086 739; x_wconf 93' lang='lat' dir='ltr'>dono</span> <span class='ocrx_word' id='word_1_38' title='bbox 1095 676 1192 743; x_wconf 82' lang='lat' dir='ltr'>soree.</span> 
     </span>
     <span class='ocr_line' id='line_1_7' title="bbox 70 769 1192 839; baseline 0.004 -4"><span class='ocrx_word' id='word_1_39' title='bbox 70 772 142 836; x_wconf 89' lang='lat' dir='ltr'>Sed</span> <span class='ocrx_word' id='word_1_40' title='bbox 152 773 250 835; x_wconf 85' lang='lat' dir='ltr'>istam</span> <span class='ocrx_word' id='word_1_41' title='bbox 259 769 423 834; x_wconf 82' lang='lat' dir='ltr'><strong>Thaidem</strong></span> <span class='ocrx_word' id='word_1_42' title='bbox 434 792 499 834; x_wconf 93' lang='lat' dir='ltr'>non</span> <span class='ocrx_word' id='word_1_43' title='bbox 509 771 586 835; x_wconf 89' lang='lat' dir='ltr'>scivi</span> <span class='ocrx_word' id='word_1_44' title='bbox 594 771 689 834; x_wconf 92' lang='lat' dir='ltr'>nobis</span> <span class='ocrx_word' id='word_1_45' title='bbox 697 771 843 834; x_wconf 82' lang='lat' dir='ltr'>vicinam.</span> <span class='ocrx_word' id='word_1_46' title='bbox 872 770 960 835; x_wconf 71' lang='lat' dir='ltr'>Pin.</span> <span class='ocrx_word' id='word_1_47' title='bbox 972 772 1075 837; x_wconf 89' lang='lat' dir='ltr'>Haud</span> <span class='ocrx_word' id='word_1_48' title='bbox 1084 775 1192 839; x_wconf 84' lang='lat' dir='ltr'>diu&#39;st.</span> 
     </span>
     <span class='ocr_line' id='line_1_8' title="bbox 71 866 1192 951; baseline 0.005 -19"><span class='ocrx_word' id='word_1_49' title='bbox 71 870 138 933; x_wconf 80' lang='lat' dir='ltr'>Cu.</span> <span class='ocrx_word' id='word_1_50' title='bbox 147 868 251 945; x_wconf 87' lang='lat' dir='ltr'>Perii,</span> <span class='ocrx_word' id='word_1_51' title='bbox 258 890 467 951; x_wconf 81' lang='lat' dir='ltr'>nunquamne</span> <span class='ocrx_word' id='word_1_52' title='bbox 477 869 572 933; x_wconf 76' lang='lat' dir='ltr'>etiam</span> <span class='ocrx_word' id='word_1_53' title='bbox 581 889 633 932; x_wconf 91' lang='lat' dir='ltr'>me</span> <span class='ocrx_word' id='word_1_54' title='bbox 641 866 872 932; x_wconf 77' lang='lat' dir='ltr'>illamvidissel</span> <span class='ocrx_word' id='word_1_55' title='bbox 889 868 1030 934; x_wconf 87' lang='lat' dir='ltr'>ehodum</span> <span class='ocrx_word' id='word_1_56' title='bbox 1041 872 1192 951; x_wconf 91' lang='lat' dir='ltr'>dicmihi,</span> 
     </span>
     <span class='ocr_line' id='line_1_9' title="bbox 71 964 1193 1043; baseline 0.004 -12"><span class='ocrx_word' id='word_1_57' title='bbox 71 967 192 1043; x_wconf 85' lang='lat' dir='ltr'><strong>Estne,</strong></span> <span class='ocrx_word' id='word_1_58' title='bbox 209 966 380 1042; x_wconf 81' lang='lat' dir='ltr'>otientur,</span> <span class='ocrx_word' id='word_1_59' title='bbox 395 964 521 1031; x_wconf 73' lang='lat' dir='ltr'>forma?</span> <span class='ocrx_word' id='word_1_60' title='bbox 544 966 631 1029; x_wconf 76' lang='lat' dir='ltr'>Pan.</span> <span class='ocrx_word' id='word_1_61' title='bbox 645 965 742 1029; x_wconf 84' lang='lat' dir='ltr'>Sene.</span> <span class='ocrx_word' id='word_1_62' title='bbox 767 965 831 1029; x_wconf 84' lang='lat' dir='ltr'>Cu.</span> <span class='ocrx_word' id='word_1_63' title='bbox 841 964 889 1031; x_wconf 84' lang='lat' dir='ltr'>At</span> <span class='ocrx_word' id='word_1_64' title='bbox 901 966 981 1031; x_wconf 86' lang='lat' dir='ltr'>nihil</span> <span class='ocrx_word' id='word_1_65' title='bbox 992 968 1033 1031; x_wconf 89' lang='lat' dir='ltr'>ad</span> <span class='ocrx_word' id='word_1_66' title='bbox 1049 980 1193 1035; x_wconf 85' lang='lat' dir='ltr'>nostram</span> 
     </span>
     <span class='ocr_line' id='line_1_10' title="bbox 136 1061 533 1132; baseline -0.003 -5"><span class='ocrx_word' id='word_1_67' title='bbox 136 1066 236 1132; x_wconf 84' lang='lat' dir='ltr'>hanc.</span> <span class='ocrx_word' id='word_1_68' title='bbox 274 1063 360 1127; x_wconf 73' lang='lat' dir='ltr'>Pan.</span> <span class='ocrx_word' id='word_1_69' title='bbox 377 1061 455 1126; x_wconf 84' lang='lat' dir='ltr'>Alia</span> <span class='ocrx_word' id='word_1_70' title='bbox 470 1084 533 1127; x_wconf 89' lang='lat' dir='ltr'>res.</span> 
     </span>
     <span class='ocr_line' id='line_1_11' title="bbox 29 1159 1192 1245; baseline 0.003 -20"><span class='ocrx_word' id='word_1_71' title='bbox 29 1163 137 1226; x_wconf 77' lang='lat' dir='ltr'>nen.</span> <span class='ocrx_word' id='word_1_72' title='bbox 154 1163 309 1226; x_wconf 81' lang='lat' dir='ltr'>Obsecro</span> <span class='ocrx_word' id='word_1_73' title='bbox 334 1159 457 1236; x_wconf 91' lang='lat' dir='ltr'>hercle,</span> <span class='ocrx_word' id='word_1_74' title='bbox 473 1160 645 1237; x_wconf 83' lang='lat' dir='ltr'>Parmeno,</span> <span class='ocrx_word' id='word_1_75' title='bbox 669 1160 779 1225; x_wconf 81' lang='lat' dir='ltr'>secut</span> <span class='ocrx_word' id='word_1_76' title='bbox 804 1163 920 1245; x_wconf 82' lang='lat' dir='ltr'>potiar.</span> <span class='ocrx_word' id='word_1_77' title='bbox 959 1162 1045 1227; x_wconf 76' lang='lat' dir='ltr'>Pan.</span> <span class='ocrx_word' id='word_1_78' title='bbox 1063 1164 1192 1231; x_wconf 81' lang='lat' dir='ltr'>Faciam</span> 
     </span>
     <span class='ocr_line' id='line_1_12' title="bbox 136 1257 321 1336; baseline -0.016 -11"><span class='ocrx_word' id='word_1_79' title='bbox 136 1257 268 1336; x_wconf 88' lang='lat' dir='ltr'>sedulo,</span> <span class='ocrx_word' id='word_1_80' title='bbox 283 1280 321 1323; x_wconf 87' lang='lat' dir='ltr'>ac</span> 
     </span>
    </p>
   </div>
   <div class='ocr_carea' id='block_1_4' title="bbox 26 1423 1205 4503">
    <p class='ocr_par' dir='ltr' id='par_1_4' title="bbox 27 1423 1194 2715">
     <span class='ocr_line' id='line_1_13' title="bbox 59 1423 1193 1490; baseline 0.003 -14"><span class='ocrx_word' id='word_1_81' title='bbox 59 1430 97 1477; x_wconf 77' lang='lat'>64.</span> <span class='ocrx_word' id='word_1_82' title='bbox 117 1430 177 1476; x_wconf 71' lang='lat' dir='ltr'>ibn</span> <span class='ocrx_word' id='word_1_83' title='bbox 194 1429 273 1489; x_wconf 71' lang='lat' dir='ltr'>nugis</span> <span class='ocrx_word' id='word_1_84' title='bbox 287 1428 315 1473; x_wconf 81' lang='lat' dir='ltr'>id</span> <span class='ocrx_word' id='word_1_85' title='bbox 326 1423 404 1488; x_wconf 83' lang='lat' dir='ltr'>dicos]</span> <span class='ocrx_word' id='word_1_86' title='bbox 423 1425 504 1473; x_wconf 81' lang='lat' dir='ltr'>Duras</span> <span class='ocrx_word' id='word_1_87' title='bbox 630 1424 706 1481; x_wconf 87' lang='lat' dir='ltr'>sione,</span> <span class='ocrx_word' id='word_1_88' title='bbox 719 1424 763 1474; x_wconf 90' lang='lat' dir='ltr'>sed</span> <span class='ocrx_word' id='word_1_89' title='bbox 774 1424 927 1473; x_wconf 85' lang='lat' dir='ltr'>detrusione:</span> <span class='ocrx_word' id='word_1_90' title='bbox 947 1424 985 1474; x_wconf 84' lang='lat' dir='ltr'>vel</span> <span class='ocrx_word' id='word_1_91' title='bbox 997 1426 1032 1476; x_wconf 86' lang='lat' dir='ltr'>sic</span> <span class='ocrx_word' id='word_1_92' title='bbox 1043 1427 1114 1486; x_wconf 83' lang='lat' dir='ltr'>dixit,</span> <span class='ocrx_word' id='word_1_93' title='bbox 1124 1426 1193 1490; x_wconf 81' lang='lat' dir='ltr'>sorar</span> 
     </span>
     <span class='ocr_line' id='line_1_14' title="bbox 27 1490 1192 1553; baseline 0.007 -18"><span class='ocrx_word' id='word_1_94' title='bbox 27 1492 177 1541; x_wconf 57' lang='lat' dir='ltr'>tauhun</span> <span class='ocrx_word' id='word_1_95' title='bbox 207 1494 419 1553; x_wconf 56' lang='lat' dir='ltr'>Quamquam</span> <span class='ocrx_word' id='word_1_96' title='bbox 428 1492 519 1538; x_wconf 70' lang='lat' dir='ltr'>berch?</span> <span class='ocrx_word' id='word_1_97' title='bbox 546 1490 596 1537; x_wconf 86' lang='lat' dir='ltr'>Cu·</span> <span class='ocrx_word' id='word_1_98' title='bbox 630 1493 754 1553; x_wconf 76' lang='lat' dir='ltr'>quatietur,</span> <span class='ocrx_word' id='word_1_99' title='bbox 774 1499 801 1538; x_wconf 90' lang='lat' dir='ltr'>ut</span> <span class='ocrx_word' id='word_1_100' title='bbox 822 1490 885 1538; x_wconf 83' lang='lat' dir='ltr'>desit</span> <span class='ocrx_word' id='word_1_101' title='bbox 902 1508 1006 1547; x_wconf 62' lang='lat' dir='ltr'>uerum</span> <span class='ocrx_word' id='word_1_102' title='bbox 1023 1502 1051 1540; x_wconf 93' lang='lat' dir='ltr'>ut</span> <span class='ocrx_word' id='word_1_103' title='bbox 1070 1493 1110 1550; x_wconf 85' lang='lat' dir='ltr'>sit,</span> <span class='ocrx_word' id='word_1_104' title='bbox 1129 1494 1192 1543; x_wconf 80' lang='lat' dir='ltr'>loraa</span> 
     </span>
     <span class='ocr_line' id='line_1_15' title="bbox 29 1555 1193 1616; baseline 0.002 -11"><span class='ocrx_word' id='word_1_105' title='bbox 29 1557 161 1605; x_wconf 70' lang='lat' dir='ltr'>riodtatcm</span> <span class='ocrx_word' id='word_1_106' title='bbox 172 1556 273 1605; x_wconf 80' lang='lat' dir='ltr'>addidit</span> <span class='ocrx_word' id='word_1_107' title='bbox 288 1555 350 1616; x_wconf 79' lang='lat' dir='ltr'>(Ma</span> <span class='ocrx_word' id='word_1_108' title='bbox 365 1555 458 1602; x_wconf 82' lang='lat' dir='ltr'>Eoend</span> <span class='ocrx_word' id='word_1_109' title='bbox 476 1556 597 1615; x_wconf 77' lang='lat' dir='ltr'>adjectum</span> <span class='ocrx_word' id='word_1_110' title='bbox 630 1569 728 1602; x_wconf 82' lang='lat' dir='ltr'>versum</span> <span class='ocrx_word' id='word_1_111' title='bbox 750 1555 934 1611; x_wconf 68' lang='lat' dir='ltr'>verberabitur</span> <span class='ocrx_word' id='word_1_112' title='bbox 959 1566 987 1603; x_wconf 90' lang='lat' dir='ltr'>ut</span> <span class='ocrx_word' id='word_1_113' title='bbox 1006 1558 1147 1607; x_wconf 77' lang='lat' dir='ltr'>verberetur</span> <span class='ocrx_word' id='word_1_114' title='bbox 1168 1568 1193 1607; x_wconf 88' lang='lat' dir='ltr'>at</span> 
     </span>
     <span class='ocr_line' id='line_1_16' title="bbox 29 1618 1191 1684; baseline 0.001 -14"><span class='ocrx_word' id='word_1_115' title='bbox 29 1623 148 1671; x_wconf 74' lang='lat' dir='ltr'>babetita.</span> <span class='ocrx_word' id='word_1_116' title='bbox 167 1622 262 1669; x_wconf 83' lang='lat' dir='ltr'>Postea</span> <span class='ocrx_word' id='word_1_117' title='bbox 273 1620 413 1668; x_wconf 80' lang='lat' dir='ltr'>eatlscuna.</span> <span class='ocrx_word' id='word_1_118' title='bbox 432 1619 596 1667; x_wconf 80' lang='lat' dir='ltr'>Etsenerul-</span> <span class='ocrx_word' id='word_1_119' title='bbox 630 1618 728 1681; x_wconf 75' lang='lat' dir='ltr'>lugetur</span> <span class='ocrx_word' id='word_1_120' title='bbox 747 1618 817 1667; x_wconf 77' lang='lat' dir='ltr'>lorus.</span> <span class='ocrx_word' id='word_1_121' title='bbox 847 1620 911 1668; x_wconf 81' lang='lat' dir='ltr'>Nam</span> <span class='ocrx_word' id='word_1_122' title='bbox 929 1630 954 1669; x_wconf 90' lang='lat' dir='ltr'>et</span> <span class='ocrx_word' id='word_1_123' title='bbox 970 1621 1119 1684; x_wconf 75' lang='lat' dir='ltr'>pervulgatae</span> <span class='ocrx_word' id='word_1_124' title='bbox 1132 1638 1191 1671; x_wconf 86' lang='lat' dir='ltr'>con·</span> 
     </span>
     <span class='ocr_line' id='line_1_17' title="bbox 28 1683 1194 1749; baseline 0.003 -15"><span class='ocrx_word' id='word_1_125' title='bbox 28 1687 89 1748; x_wconf 72' lang='lat' dir='ltr'>garis</span> <span class='ocrx_word' id='word_1_126' title='bbox 101 1686 179 1735; x_wconf 79' lang='lat' dir='ltr'>lectio</span> <span class='ocrx_word' id='word_1_127' title='bbox 192 1684 375 1733; x_wconf 83' lang='lat' dir='ltr'>incommodum</span> <span class='ocrx_word' id='word_1_128' title='bbox 390 1683 465 1731; x_wconf 89' lang='lat' dir='ltr'>efficit</span> <span class='ocrx_word' id='word_1_129' title='bbox 476 1683 595 1743; x_wconf 84' lang='lat' dir='ltr'>sensum),</span> <span class='ocrx_word' id='word_1_130' title='bbox 628 1683 766 1731; x_wconf 76' lang='lat' dir='ltr'>suetudinis</span> <span class='ocrx_word' id='word_1_131' title='bbox 781 1684 872 1731; x_wconf 88' lang='lat' dir='ltr'>dictum</span> <span class='ocrx_word' id='word_1_132' title='bbox 889 1694 933 1742; x_wconf 89' lang='lat' dir='ltr'>eat,</span> <span class='ocrx_word' id='word_1_133' title='bbox 945 1688 1001 1733; x_wconf 81' lang='lat' dir='ltr'>Feri</span> <span class='ocrx_word' id='word_1_134' title='bbox 1019 1703 1096 1734; x_wconf 79' lang='lat' dir='ltr'>consor</span> <span class='ocrx_word' id='word_1_135' title='bbox 1109 1685 1194 1749; x_wconf 82' lang='lat' dir='ltr'>soror:</span> 
     </span>
     <span class='ocr_line' id='line_1_18' title="bbox 28 1746 1192 1813; baseline 0.002 -15"><span class='ocrx_word' id='word_1_136' title='bbox 28 1750 198 1811; x_wconf 63' lang='grc' dir='ltr'>παρελκόντων</span> <span class='ocrx_word' id='word_1_137' title='bbox 217 1766 294 1812; x_wconf 78' lang='lat' dir='ltr'>qsaoo</span> <span class='ocrx_word' id='word_1_138' title='bbox 317 1758 342 1795; x_wconf 88' lang='lat' dir='ltr'>et</span> <span class='ocrx_word' id='word_1_139' title='bbox 361 1751 443 1796; x_wconf 73' lang='lat' dir='ltr'>hercle</span> <span class='ocrx_word' id='word_1_140' title='bbox 485 1748 520 1795; x_wconf 79' lang='lat' dir='ltr'>Et</span> <span class='ocrx_word' id='word_1_141' title='bbox 540 1746 596 1796; x_wconf 90' lang='lat' dir='ltr'>vide</span> <span class='ocrx_word' id='word_1_142' title='bbox 628 1748 674 1795; x_wconf 93' lang='lat' dir='ltr'>hoc</span> <span class='ocrx_word' id='word_1_143' title='bbox 692 1757 736 1806; x_wconf 89' lang='lat' dir='ltr'>est,</span> <span class='ocrx_word' id='word_1_144' title='bbox 754 1747 864 1796; x_wconf 85' lang='lat' dir='ltr'>lerieudo</span> <span class='ocrx_word' id='word_1_145' title='bbox 880 1764 965 1797; x_wconf 87' lang='lat' dir='ltr'>canem</span> <span class='ocrx_word' id='word_1_146' title='bbox 980 1749 1045 1799; x_wconf 80' lang='lat' dir='ltr'>foros</span> <span class='ocrx_word' id='word_1_147' title='bbox 1061 1750 1121 1813; x_wconf 84' lang='lat' dir='ltr'>ejice</span> <span class='ocrx_word' id='word_1_148' title='bbox 1139 1752 1192 1811; x_wconf 85' lang='lat' dir='ltr'>(Sic</span> 
     </span>
     <span class='ocr_line' id='line_1_19' title="bbox 27 1811 1192 1877; baseline 0 -13"><span class='ocrx_word' id='word_1_149' title='bbox 27 1832 95 1877; x_wconf 79' lang='lat' dir='ltr'>quarn</span> <span class='ocrx_word' id='word_1_150' title='bbox 110 1815 233 1872; x_wconf 82' lang='lat' dir='ltr'>molliter,</span> <span class='ocrx_word' id='word_1_151' title='bbox 246 1822 273 1861; x_wconf 83' lang='lat' dir='ltr'>et</span> <span class='ocrx_word' id='word_1_152' title='bbox 287 1813 342 1861; x_wconf 86' lang='lat' dir='ltr'>sine</span> <span class='ocrx_word' id='word_1_153' title='bbox 358 1812 484 1861; x_wconf 81' lang='lat' dir='ltr'>intellectu</span> <span class='ocrx_word' id='word_1_154' title='bbox 499 1822 595 1876; x_wconf 82' lang='lat' dir='ltr'>specta·</span> <span class='ocrx_word' id='word_1_155' title='bbox 628 1811 694 1875; x_wconf 89' lang='lat' dir='ltr'>apud</span> <span class='ocrx_word' id='word_1_156' title='bbox 705 1814 795 1861; x_wconf 78' lang='lat' dir='ltr'>Anacr.</span> <span class='ocrx_word' id='word_1_157' title='bbox 808 1812 894 1861; x_wconf 77' lang='lat' dir='ltr'>xxxiii.</span> <span class='ocrx_word' id='word_1_158' title='bbox 910 1815 946 1861; x_wconf 88' lang='grc'>19.</span> <span class='ocrx_word' id='word_1_159' title='bbox 959 1813 1064 1876; x_wconf 71' lang='grc' dir='ltr'><strong>Ἔρωτας</strong></span> <span class='ocrx_word' id='word_1_160' title='bbox 1077 1816 1192 1874; x_wconf 64' lang='grc' dir='ltr'>ἐκβοῆσαι</span> 
     </span>
     <span class='ocr_line' id='line_1_20' title="bbox 28 1876 1133 1944; baseline 0.001 -17"><span class='ocrx_word' id='word_1_161' title='bbox 28 1880 122 1929; x_wconf 77' lang='lat' dir='ltr'>toriaad</span> <span class='ocrx_word' id='word_1_162' title='bbox 130 1877 277 1944; x_wconf 77' lang='lat' dir='ltr'>argumenti</span> <span class='ocrx_word' id='word_1_163' title='bbox 288 1877 392 1941; x_wconf 83' lang='lat' dir='ltr'>spectati</span> <span class='ocrx_word' id='word_1_164' title='bbox 404 1877 514 1924; x_wconf 90' lang='lat' dir='ltr'>ordinem</span> <span class='ocrx_word' id='word_1_165' title='bbox 523 1885 597 1940; x_wconf 89' lang='lat' dir='ltr'>poeta</span> <span class='ocrx_word' id='word_1_166' title='bbox 628 1890 673 1931; x_wconf 87' lang='lat' dir='ltr'>est,</span> <span class='ocrx_word' id='word_1_167' title='bbox 684 1876 812 1925; x_wconf 79' lang='lat' dir='ltr'>domando</span> <span class='ocrx_word' id='word_1_168' title='bbox 824 1876 911 1939; x_wconf 88' lang='lat' dir='ltr'>ejicere</span> <span class='ocrx_word' id='word_1_169' title='bbox 923 1878 993 1927; x_wconf 83' lang='lat' dir='ltr'>sorus.</span> <span class='ocrx_word' id='word_1_170' title='bbox 1024 1879 1072 1941; x_wconf 88' lang='grc' dir='ltr'>Ζ.),</span> <span class='ocrx_word' id='word_1_171' title='bbox 1103 1880 1133 1928; x_wconf 90' lang='lat' dir='ltr'>D.</span> 
     </span>
     <span class='ocr_line' id='line_1_21' title="bbox 27 1940 1192 2007; baseline 0 -14"><span class='ocrx_word' id='word_1_172' title='bbox 27 1946 169 2007; x_wconf 69' lang='lat' dir='ltr'>peneum,</span> <span class='ocrx_word' id='word_1_173' title='bbox 184 1954 213 1992; x_wconf 91' lang='lat' dir='ltr'>ot</span> <span class='ocrx_word' id='word_1_174' title='bbox 223 1943 257 1991; x_wconf 89' lang='lat' dir='ltr'>de</span> <span class='ocrx_word' id='word_1_175' title='bbox 266 1942 379 1991; x_wconf 88' lang='lat' dir='ltr'>eunucho</span> <span class='ocrx_word' id='word_1_176' title='bbox 395 1942 459 1989; x_wconf 81' lang='lat' dir='ltr'>lacta</span> <span class='ocrx_word' id='word_1_177' title='bbox 469 1940 594 1989; x_wconf 84' lang='lat' dir='ltr'>mentione</span> <span class='ocrx_word' id='word_1_178' title='bbox 660 1941 698 1992; x_wconf 82' lang='grc'>67.</span> <span class='ocrx_word' id='word_1_179' title='bbox 716 1944 762 1989; x_wconf 81' lang='lat' dir='ltr'>Sed</span> <span class='ocrx_word' id='word_1_180' title='bbox 779 1946 846 1991; x_wconf 77' lang='lat' dir='ltr'>istam</span> <span class='ocrx_word' id='word_1_181' title='bbox 867 1944 977 1991; x_wconf 70' lang='lat' dir='ltr'>Thaidem</span> <span class='ocrx_word' id='word_1_182' title='bbox 994 1960 1037 1991; x_wconf 81' lang='lat' dir='ltr'>non</span> <span class='ocrx_word' id='word_1_183' title='bbox 1055 1948 1111 1993; x_wconf 78' lang='lat' dir='ltr'>scios·</span> <span class='ocrx_word' id='word_1_184' title='bbox 1128 1948 1192 1993; x_wconf 73' lang='lat' dir='ltr'>notu</span> 
     </span>
     <span class='ocr_line' id='line_1_22' title="bbox 27 2004 1191 2070; baseline -0.001 -12"><span class='ocrx_word' id='word_1_185' title='bbox 27 2010 154 2058; x_wconf 70' lang='lat' dir='ltr'>milium</span> <span class='ocrx_word' id='word_1_186' title='bbox 172 2018 292 2057; x_wconf 74' lang='lat' dir='ltr'>meatur</span> <span class='ocrx_word' id='word_1_187' title='bbox 307 2006 462 2070; x_wconf 84' lang='lat' dir='ltr'>supponendi</span> <span class='ocrx_word' id='word_1_188' title='bbox 478 2006 593 2054; x_wconf 67' lang='lat' dir='ltr'>Chaerea.</span> <span class='ocrx_word' id='word_1_189' title='bbox 626 2004 738 2067; x_wconf 63' lang='lat' dir='ltr'>murum]</span> <span class='ocrx_word' id='word_1_190' title='bbox 750 2006 878 2061; x_wconf 84' lang='lat' dir='ltr'>Quomodo</span> <span class='ocrx_word' id='word_1_191' title='bbox 890 2022 913 2053; x_wconf 90' lang='lat' dir='ltr'>n.</span> <span class='ocrx_word' id='word_1_192' title='bbox 925 2022 969 2070; x_wconf 89' lang='lat' dir='ltr'>pro</span> <span class='ocrx_word' id='word_1_193' title='bbox 979 2008 1091 2057; x_wconf 88' lang='lat' dir='ltr'>eunucho</span> <span class='ocrx_word' id='word_1_194' title='bbox 1102 2009 1191 2065; x_wconf 88' lang='lat' dir='ltr'>veniet,</span> 
     </span>
     <span class='ocr_line' id='line_1_23' title="bbox 29 2069 1191 2137; baseline -0.002 -14"><span class='ocrx_word' id='word_1_195' title='bbox 29 2073 175 2137; x_wconf 66' lang='grc' dir='ltr'>Ειιὼιι]</span> <span class='ocrx_word' id='word_1_196' title='bbox 202 2072 270 2121; x_wconf 84' lang='lat' dir='ltr'>Mire</span> <span class='ocrx_word' id='word_1_197' title='bbox 288 2070 420 2119; x_wconf 85' lang='lat' dir='ltr'>Terentius</span> <span class='ocrx_word' id='word_1_198' title='bbox 437 2071 517 2134; x_wconf 88' lang='lat' dir='ltr'>primo</span> <span class='ocrx_word' id='word_1_199' title='bbox 535 2070 593 2118; x_wconf 85' lang='lat' dir='ltr'>sim·</span> <span class='ocrx_word' id='word_1_200' title='bbox 627 2069 648 2118; x_wconf 91' lang='lat' dir='ltr'>si</span> <span class='ocrx_word' id='word_1_201' title='bbox 660 2082 702 2118; x_wconf 82' lang='lat' dir='ltr'>out</span> <span class='ocrx_word' id='word_1_202' title='bbox 714 2070 789 2128; x_wconf 88' lang='lat' dir='ltr'>novit,</span> <span class='ocrx_word' id='word_1_203' title='bbox 802 2082 844 2118; x_wconf 89' lang='lat' dir='ltr'>aut</span> <span class='ocrx_word' id='word_1_204' title='bbox 859 2081 931 2119; x_wconf 83' lang='lat' dir='ltr'>notus</span> <span class='ocrx_word' id='word_1_205' title='bbox 943 2074 998 2120; x_wconf 82' lang='lat' dir='ltr'>esti</span> <span class='ocrx_word' id='word_1_206' title='bbox 1028 2072 1191 2121; x_wconf 84' lang='lat' dir='ltr'>Etsimulie·</span> 
     </span>
     <span class='ocr_line' id='line_1_24' title="bbox 28 2134 1192 2201; baseline -0.001 -15"><span class='ocrx_word' id='word_1_207' title='bbox 28 2139 120 2201; x_wconf 79' lang='lat' dir='ltr'>pliciter</span> <span class='ocrx_word' id='word_1_208' title='bbox 131 2138 253 2187; x_wconf 82' lang='lat' dir='ltr'>eunucho</span> <span class='ocrx_word' id='word_1_209' title='bbox 263 2151 354 2183; x_wconf 90' lang='lat' dir='ltr'>nomeu</span> <span class='ocrx_word' id='word_1_210' title='bbox 365 2135 454 2199; x_wconf 86' lang='lat' dir='ltr'>posuit,</span> <span class='ocrx_word' id='word_1_211' title='bbox 466 2134 523 2185; x_wconf 91' lang='lat' dir='ltr'>huic</span> <span class='ocrx_word' id='word_1_212' title='bbox 551 2150 594 2182; x_wconf 91' lang='lat' dir='ltr'>uo·</span> <span class='ocrx_word' id='word_1_213' title='bbox 627 2150 681 2183; x_wconf 89' lang='lat' dir='ltr'>rem</span> <span class='ocrx_word' id='word_1_214' title='bbox 703 2134 846 2183; x_wconf 85' lang='lat' dir='ltr'>adolescens</span> <span class='ocrx_word' id='word_1_215' title='bbox 868 2150 899 2182; x_wconf 90' lang='lat' dir='ltr'>ne</span> <span class='ocrx_word' id='word_1_216' title='bbox 920 2136 988 2183; x_wconf 86' lang='lat' dir='ltr'>novit</span> <span class='ocrx_word' id='word_1_217' title='bbox 1010 2136 1116 2197; x_wconf 91' lang='lat' dir='ltr'>quidem,</span> <span class='ocrx_word' id='word_1_218' title='bbox 1139 2138 1192 2201; x_wconf 87' lang='lat' dir='ltr'>ipse</span> 
     </span>
     <span class='ocr_line' id='line_1_25' title="bbox 28 2151 1191 2265; baseline -0.002 -14"><span class='ocrx_word' id='word_1_219' title='bbox 28 2219 71 2265; x_wconf 82' lang='lat' dir='ltr'>que</span> <span class='ocrx_word' id='word_1_220' title='bbox 87 2204 250 2251; x_wconf 85' lang='lat' dir='ltr'>detracturus</span> <span class='ocrx_word' id='word_1_221' title='bbox 268 2200 346 2261; x_wconf 88' lang='lat' dir='ltr'>(Quid</span> <span class='ocrx_word' id='word_1_222' title='bbox 368 2200 421 2247; x_wconf 72' lang='lat' dir='ltr'>haec</span> <span class='ocrx_word' id='word_1_223' title='bbox 442 2199 489 2248; x_wconf 82' lang='lat' dir='ltr'>sibi</span> <span class='ocrx_word' id='word_1_224' title='bbox 508 2151 593 2257; x_wconf 74' lang='lat' dir='ltr'>velint,</span> <span class='ocrx_word' id='word_1_225' title='bbox 626 2199 704 2247; x_wconf 91' lang='lat' dir='ltr'>multo</span> <span class='ocrx_word' id='word_1_226' title='bbox 716 2198 821 2246; x_wconf 83' lang='lat' dir='ltr'>maxime</span> <span class='ocrx_word' id='word_1_227' title='bbox 834 2199 962 2247; x_wconf 88' lang='lat' dir='ltr'>nescietur.</span> <span class='ocrx_word' id='word_1_228' title='bbox 982 2203 1027 2248; x_wconf 85' lang='lat' dir='ltr'>Sed</span> <span class='ocrx_word' id='word_1_229' title='bbox 1038 2204 1105 2249; x_wconf 78' lang='lat' dir='ltr'>irtam</span> <span class='ocrx_word' id='word_1_230' title='bbox 1120 2203 1191 2249; x_wconf 79' lang='lat' dir='ltr'>Titui·</span> 
     </span>
     <span class='ocr_line' id='line_1_26' title="bbox 29 2263 1190 2328; baseline -0.001 -12"><span class='ocrx_word' id='word_1_231' title='bbox 29 2282 74 2315; x_wconf 86' lang='lat' dir='ltr'>non</span> <span class='ocrx_word' id='word_1_232' title='bbox 91 2268 175 2316; x_wconf 80' lang='lat' dir='ltr'>rideo.</span> <span class='ocrx_word' id='word_1_233' title='bbox 204 2264 356 2327; x_wconf 74' lang='lat' dir='ltr'>Wieliugius</span> <span class='ocrx_word' id='word_1_234' title='bbox 374 2273 452 2328; x_wconf 86' lang='lat' dir='ltr'>putat,</span> <span class='ocrx_word' id='word_1_235' title='bbox 469 2263 594 2312; x_wconf 80' lang='lat' dir='ltr'>subaudiri</span> <span class='ocrx_word' id='word_1_236' title='bbox 627 2263 983 2325; x_wconf 77' lang='lat' dir='ltr'>demumsciuinobitoicinom]</span> <span class='ocrx_word' id='word_1_237' title='bbox 997 2263 1190 2324; x_wconf 67' lang='lat' dir='ltr'>Oloosoplucon·</span> 
     </span>
     <span class='ocr_line' id='line_1_27' title="bbox 29 2328 1193 2397; baseline -0.002 -16"><span class='ocrx_word' id='word_1_238' title='bbox 29 2343 145 2397; x_wconf 78' lang='lat' dir='ltr'>opertere,</span> <span class='ocrx_word' id='word_1_239' title='bbox 157 2348 242 2381; x_wconf 71' lang='lat' dir='ltr'>men</span> <span class='ocrx_word' id='word_1_240' title='bbox 258 2333 366 2386; x_wconf 65' lang='lat' dir='ltr'>Cinea,</span> <span class='ocrx_word' id='word_1_241' title='bbox 384 2332 424 2375; x_wconf 77' lang='lat' dir='ltr'>ubi</span> <span class='ocrx_word' id='word_1_242' title='bbox 439 2331 472 2375; x_wconf 84' lang='lat' dir='ltr'>od</span> <span class='ocrx_word' id='word_1_243' title='bbox 484 2330 595 2376; x_wconf 72' lang='lat' dir='ltr'>Thaidem</span> <span class='ocrx_word' id='word_1_244' title='bbox 628 2338 666 2376; x_wconf 90' lang='lat' dir='ltr'>tra</span> <span class='ocrx_word' id='word_1_245' title='bbox 677 2328 745 2385; x_wconf 91' lang='lat' dir='ltr'>illud,</span> <span class='ocrx_word' id='word_1_246' title='bbox 755 2328 820 2391; x_wconf 83' lang='lat' dir='ltr'>quod</span> <span class='ocrx_word' id='word_1_247' title='bbox 829 2328 946 2377; x_wconf 83' lang='lat' dir='ltr'>meretrix</span> <span class='ocrx_word' id='word_1_248' title='bbox 957 2328 1038 2376; x_wconf 86' lang='lat' dir='ltr'>vicine</span> <span class='ocrx_word' id='word_1_249' title='bbox 1048 2339 1107 2377; x_wconf 79' lang='lat' dir='ltr'>erat</span> <span class='ocrx_word' id='word_1_250' title='bbox 1119 2332 1193 2379; x_wconf 80' lang='lat' dir='ltr'>Haud</span> 
     </span>
     <span class='ocr_line' id='line_1_28' title="bbox 28 2390 1192 2457; baseline -0.001 -11"><span class='ocrx_word' id='word_1_251' title='bbox 28 2395 245 2445; x_wconf 66' lang='lat' dir='ltr'>nemaew.</span> <span class='ocrx_word' id='word_1_252' title='bbox 275 2394 594 2457; x_wconf 64' lang='lat' dir='ltr'>Autlegnuiememmo»</span> <span class='ocrx_word' id='word_1_253' title='bbox 629 2390 728 2454; x_wconf 71' lang='lat' dir='ltr'>discet]</span> <span class='ocrx_word' id='word_1_254' title='bbox 746 2392 945 2441; x_wconf 83' lang='lat' dir='ltr'>Vicinesoilicet.</span> <span class='ocrx_word' id='word_1_255' title='bbox 975 2393 1009 2441; x_wconf 86' lang='lat' dir='ltr'>Et</span> <span class='ocrx_word' id='word_1_256' title='bbox 1020 2403 1192 2452; x_wconf 64' lang='lat' dir='ltr'>catecumino</span> 
     </span>
     <span class='ocr_line' id='line_1_29' title="bbox 28 2456 1192 2519; baseline -0.002 -9"><span class='ocrx_word' id='word_1_257' title='bbox 28 2466 240 2511; x_wconf 71' lang='lat' dir='ltr'>mdetroctam.</span> <span class='ocrx_word' id='word_1_258' title='bbox 258 2459 308 2519; x_wconf 82' lang='grc' dir='ltr'>Ζ.),</span> <span class='ocrx_word' id='word_1_259' title='bbox 329 2458 505 2506; x_wconf 87' lang='lat' dir='ltr'>D.-Faeruus</span> <span class='ocrx_word' id='word_1_260' title='bbox 516 2458 594 2505; x_wconf 79' lang='lat' dir='ltr'>iride·</span> <span class='ocrx_word' id='word_1_261' title='bbox 630 2456 713 2519; x_wconf 82' lang='lat' dir='ltr'>(forte,-</span> <span class='ocrx_word' id='word_1_262' title='bbox 720 2465 746 2505; x_wconf 86' lang='lat' dir='ltr'>ut</span> <span class='ocrx_word' id='word_1_263' title='bbox 755 2457 793 2503; x_wconf 87' lang='lat' dir='ltr'>W.</span> <span class='ocrx_word' id='word_1_264' title='bbox 807 2473 847 2505; x_wconf 83' lang='lat' dir='ltr'>cur</span> <span class='ocrx_word' id='word_1_265' title='bbox 858 2457 898 2517; x_wconf 89' lang='lat' dir='ltr'>Z.)</span> <span class='ocrx_word' id='word_1_266' title='bbox 911 2456 1043 2506; x_wconf 81' lang='lat' dir='ltr'>verisimile</span> <span class='ocrx_word' id='word_1_267' title='bbox 1054 2458 1087 2507; x_wconf 82' lang='lat' dir='ltr'>sit</span> <span class='ocrx_word' id='word_1_268' title='bbox 1098 2459 1192 2508; x_wconf 85' lang='lat' dir='ltr'>nescire</span> 
     </span>
     <span class='ocr_line' id='line_1_30' title="bbox 27 2520 1191 2589; baseline -0.003 -13"><span class='ocrx_word' id='word_1_269' title='bbox 27 2525 130 2589; x_wconf 78' lang='lat' dir='ltr'>letquia</span> <span class='ocrx_word' id='word_1_270' title='bbox 137 2525 228 2575; x_wconf 81' lang='lat' dir='ltr'>sedem</span> <span class='ocrx_word' id='word_1_271' title='bbox 235 2534 327 2572; x_wconf 85' lang='lat' dir='ltr'>certam</span> <span class='ocrx_word' id='word_1_272' title='bbox 334 2522 360 2570; x_wconf 88' lang='lat' dir='ltr'>iu</span> <span class='ocrx_word' id='word_1_273' title='bbox 368 2521 493 2571; x_wconf 86' lang='lat' dir='ltr'>librisnon</span> <span class='ocrx_word' id='word_1_274' title='bbox 500 2522 596 2578; x_wconf 83' lang='lat' dir='ltr'>habeut,</span> <span class='ocrx_word' id='word_1_275' title='bbox 629 2521 738 2585; x_wconf 86' lang='lat' dir='ltr'>potuisse</span> <span class='ocrx_word' id='word_1_276' title='bbox 755 2520 867 2569; x_wconf 82' lang='lat' dir='ltr'>vicinam.</span> <span class='ocrx_word' id='word_1_277' title='bbox 897 2522 931 2569; x_wconf 87' lang='lat' dir='ltr'>Et</span> <span class='ocrx_word' id='word_1_278' title='bbox 947 2533 1006 2570; x_wconf 86' lang='lat' dir='ltr'>nota</span> <span class='ocrx_word' id='word_1_279' title='bbox 1021 2523 1087 2587; x_wconf 84' lang='lat' dir='ltr'>opud</span> <span class='ocrx_word' id='word_1_280' title='bbox 1099 2524 1191 2573; x_wconf 88' lang='lat' dir='ltr'>Teren·</span> 
     </span>
     <span class='ocr_line' id='line_1_31' title="bbox 29 2584 1192 2650; baseline 0.001 -14"><span class='ocrx_word' id='word_1_281' title='bbox 29 2603 52 2637; x_wconf 85' lang='lat' dir='ltr'>et</span> <span class='ocrx_word' id='word_1_282' title='bbox 70 2591 155 2640; x_wconf 74' lang='lat' dir='ltr'>versui</span> <span class='ocrx_word' id='word_1_283' title='bbox 177 2587 351 2638; x_wconf 83' lang='lat' dir='ltr'>incommodet.</span> <span class='ocrx_word' id='word_1_284' title='bbox 380 2587 434 2649; x_wconf 69' lang='lat' dir='ltr'>ugo</span> <span class='ocrx_word' id='word_1_285' title='bbox 453 2602 512 2635; x_wconf 81' lang='lat' dir='ltr'>vero</span> <span class='ocrx_word' id='word_1_286' title='bbox 530 2585 595 2635; x_wconf 81' lang='lat' dir='ltr'>malo</span> <span class='ocrx_word' id='word_1_287' title='bbox 627 2586 690 2635; x_wconf 89' lang='lat' dir='ltr'>tium</span> <span class='ocrx_word' id='word_1_288' title='bbox 707 2584 800 2634; x_wconf 84' lang='lat' dir='ltr'>vicinos</span> <span class='ocrx_word' id='word_1_289' title='bbox 817 2586 875 2649; x_wconf 92' lang='lat' dir='ltr'>poni</span> <span class='ocrx_word' id='word_1_290' title='bbox 893 2586 982 2650; x_wconf 70' lang='lat' dir='ltr'>sepius</span> <span class='ocrx_word' id='word_1_291' title='bbox 998 2586 1192 2638; x_wconf 82' lang='lat' dir='ltr'>adolescentibus</span> 
     </span>
     <span class='ocr_line' id='line_1_32' title="bbox 32 2650 1191 2715; baseline 0 -14"><span class='ocrx_word' id='word_1_292' title='bbox 32 2656 83 2703; x_wconf 70' lang='lat' dir='ltr'>tn</span> <span class='ocrx_word' id='word_1_293' title='bbox 90 2654 180 2712; x_wconf 84' lang='lat' dir='ltr'>deleri,</span> <span class='ocrx_word' id='word_1_294' title='bbox 191 2666 221 2702; x_wconf 90' lang='lat' dir='ltr'>ut</span> <span class='ocrx_word' id='word_1_295' title='bbox 232 2656 307 2715; x_wconf 76' lang='lat' dir='ltr'>arogis</span> <span class='ocrx_word' id='word_1_296' title='bbox 317 2652 351 2700; x_wconf 78' lang='lat' dir='ltr'>rit</span> <span class='ocrx_word' id='word_1_297' title='bbox 361 2651 388 2699; x_wconf 89' lang='lat' dir='ltr'>iu</span> <span class='ocrx_word' id='word_1_298' title='bbox 399 2650 457 2700; x_wconf 85' lang='lat' dir='ltr'>ictu.</span> <span class='ocrx_word' id='word_1_299' title='bbox 486 2652 515 2697; x_wconf 92' lang='grc' dir='ltr'>Β.</span> <span class='ocrx_word' id='word_1_300' title='bbox 627 2651 776 2707; x_wconf 82' lang='lat' dir='ltr'>meretrices,</span> <span class='ocrx_word' id='word_1_301' title='bbox 789 2660 816 2698; x_wconf 92' lang='lat' dir='ltr'>ut</span> <span class='ocrx_word' id='word_1_302' title='bbox 828 2651 879 2699; x_wconf 82' lang='lat' dir='ltr'>luec</span> <span class='ocrx_word' id='word_1_303' title='bbox 897 2650 930 2699; x_wconf 88' lang='lat' dir='ltr'>sit</span> <span class='ocrx_word' id='word_1_304' title='bbox 945 2651 1025 2715; x_wconf 84' lang='lat' dir='ltr'>primo</span> <span class='ocrx_word' id='word_1_305' title='bbox 1036 2652 1126 2701; x_wconf 81' lang='lat' dir='ltr'>amoris</span> <span class='ocrx_word' id='word_1_306' title='bbox 1138 2653 1191 2701; x_wconf 88' lang='lat' dir='ltr'>ille·</span> 
     </span>
    </p>

    <p class='ocr_par' dir='ltr' id='par_1_5' title="bbox 29 2714 1205 3867">
     <span class='ocr_line' id='line_1_33' title="bbox 57 2714 768 2779; baseline -0.008 -11"><span class='ocrx_word' id='word_1_307' title='bbox 57 2722 95 2767; x_wconf 73' lang='lat'>⁶5.</span> <span class='ocrx_word' id='word_1_308' title='bbox 112 2716 278 2779; x_wconf 65' lang='lat' dir='ltr'>Inhonestum]</span> <span class='ocrx_word' id='word_1_309' title='bbox 305 2716 420 2764; x_wconf 79' lang='lat' dir='ltr'>Foedum:</span> <span class='ocrx_word' id='word_1_310' title='bbox 445 2726 473 2763; x_wconf 92' lang='lat' dir='ltr'>ut</span> <span class='ocrx_word' id='word_1_311' title='bbox 497 2714 532 2774; x_wconf 83' lang='lat' dir='ltr'>(st</span> <span class='ocrx_word' id='word_1_312' title='bbox 553 2714 594 2776; x_wconf 89' lang='lat' dir='ltr'>Z.)</span> <span class='ocrx_word' id='word_1_313' title='bbox 626 2716 705 2763; x_wconf 85' lang='lat' dir='ltr'>cebro.</span> <span class='ocrx_word' id='word_1_314' title='bbox 737 2716 768 2761; x_wconf 92' lang='lat' dir='ltr'>D.</span> 
     </span>
     <span class='ocr_line' id='line_1_34' title="bbox 30 2778 1191 2845; baseline 0 -16"><span class='ocrx_word' id='word_1_315' title='bbox 30 2796 116 2843; x_wconf 74' lang='lat' dir='ltr'>eunus,</span> <span class='ocrx_word' id='word_1_316' title='bbox 135 2783 208 2844; x_wconf 76' lang='lat' dir='ltr'>faeie</span> <span class='ocrx_word' id='word_1_317' title='bbox 231 2786 340 2835; x_wconf 64' lang='lat' dir='ltr'>mmm·</span> <span class='ocrx_word' id='word_1_318' title='bbox 369 2789 397 2827; x_wconf 92' lang='lat' dir='ltr'>ut</span> <span class='ocrx_word' id='word_1_319' title='bbox 418 2780 484 2844; x_wconf 89' lang='lat' dir='ltr'>apud</span> <span class='ocrx_word' id='word_1_320' title='bbox 506 2778 593 2841; x_wconf 80' lang='lat' dir='ltr'>Virgil.</span> <span class='ocrx_word' id='word_1_321' title='bbox 660 2780 699 2827; x_wconf 85' lang='grc'>68.</span> <span class='ocrx_word' id='word_1_322' title='bbox 711 2781 833 2841; x_wconf 83' lang='lat' dir='ltr'>Nunquam</span> <span class='ocrx_word' id='word_1_323' title='bbox 844 2797 871 2829; x_wconf 82' lang='lat' dir='ltr'>ne</span> <span class='ocrx_word' id='word_1_324' title='bbox 881 2785 992 2829; x_wconf 76' lang='lat' dir='ltr'>etiamne</span> <span class='ocrx_word' id='word_1_325' title='bbox 1004 2780 1191 2845; x_wconf 70' lang='lat' dir='ltr'>illomoidirsei]</span> 
     </span>
     <span class='ocr_line' id='line_1_35' title="bbox 30 2844 1180 2905; baseline -0.002 -8"><span class='ocrx_word' id='word_1_326' title='bbox 30 2848 110 2897; x_wconf 74' lang='lat' dir='ltr'>AEnt</span> <span class='ocrx_word' id='word_1_327' title='bbox 124 2851 183 2897; x_wconf 76' lang='lat'>591.</span> <span class='ocrx_word' id='word_1_328' title='bbox 200 2850 301 2896; x_wconf 74' lang='lat' dir='ltr'>ctlaetor</span> <span class='ocrx_word' id='word_1_329' title='bbox 311 2848 383 2893; x_wconf 79' lang='lat' dir='ltr'>oeulis</span> <span class='ocrx_word' id='word_1_330' title='bbox 393 2848 484 2905; x_wconf 79' lang='lat' dir='ltr'>afflarat</span> <span class='ocrx_word' id='word_1_331' title='bbox 495 2847 594 2891; x_wconf 68' lang='lat' dir='ltr'>bonnas.</span> <span class='ocrx_word' id='word_1_332' title='bbox 629 2844 887 2893; x_wconf 76' lang='lat' dir='ltr'>Artificioseinculcat</span> <span class='ocrx_word' id='word_1_333' title='bbox 915 2844 1124 2895; x_wconf 60' lang='lat' dir='ltr'>neustriensis.</span> <span class='ocrx_word' id='word_1_334' title='bbox 1149 2847 1180 2895; x_wconf 91' lang='lat' dir='ltr'>D.</span> 
     </span>
     <span class='ocr_line' id='line_1_36' title="bbox 29 2860 1192 2977; baseline -0.002 -16"><span class='ocrx_word' id='word_1_335' title='bbox 29 2912 161 2976; x_wconf 67' lang='lat' dir='ltr'>lienium]</span> <span class='ocrx_word' id='word_1_336' title='bbox 178 2913 326 2977; x_wconf 82' lang='lat' dir='ltr'>Opportune</span> <span class='ocrx_word' id='word_1_337' title='bbox 337 2913 446 2958; x_wconf 73' lang='lat' dir='ltr'>hominem</span> <span class='ocrx_word' id='word_1_338' title='bbox 456 2907 527 2966; x_wconf 78' lang='lat' dir='ltr'>dixit,</span> <span class='ocrx_word' id='word_1_339' title='bbox 539 2918 594 2955; x_wconf 78' lang='lat' dir='ltr'>ten·</span> <span class='ocrx_word' id='word_1_340' title='bbox 661 2910 700 2957; x_wconf 83' lang='lat'>69.</span> <span class='ocrx_word' id='word_1_341' title='bbox 720 2912 798 2965; x_wconf 75' lang='lat' dir='ltr'>Estne,</span> <span class='ocrx_word' id='word_1_342' title='bbox 819 2918 845 2957; x_wconf 83' lang='lat' dir='ltr'>ut</span> <span class='ocrx_word' id='word_1_343' title='bbox 867 2860 973 2970; x_wconf 53' lang='lat' dir='ltr'>refertur,</span> <span class='ocrx_word' id='word_1_344' title='bbox 993 2910 1106 2973; x_wconf 70' lang='lat' dir='ltr'>formai]</span> <span class='ocrx_word' id='word_1_345' title='bbox 1136 2910 1192 2959; x_wconf 85' lang='lat' dir='ltr'>Hoc</span> 
     </span>
     <span class='ocr_line' id='line_1_37' title="bbox 29 2972 1191 3039; baseline -0.003 -13"><span class='ocrx_word' id='word_1_346' title='bbox 29 2992 96 3039; x_wconf 74' lang='lat' dir='ltr'>qum</span> <span class='ocrx_word' id='word_1_347' title='bbox 114 2978 210 3026; x_wconf 79' lang='lat' dir='ltr'>incerti</span> <span class='ocrx_word' id='word_1_348' title='bbox 232 2990 314 3024; x_wconf 80' lang='lat' dir='ltr'>sexus.</span> <span class='ocrx_word' id='word_1_349' title='bbox 346 2977 425 3023; x_wconf 63' lang='grc' dir='ltr'>ὅσιοι»</span> <span class='ocrx_word' id='word_1_350' title='bbox 446 2972 594 3035; x_wconf 64' lang='lat' dir='ltr'>mulierem]</span> <span class='ocrx_word' id='word_1_351' title='bbox 627 2972 1191 3038; x_wconf 51' lang='lat' dir='ltr'>propter(prohotZ.)illud,quodsuprsdixia</span> 
     </span>
     <span class='ocr_line' id='line_1_38' title="bbox 30 3036 1193 3103; baseline -0.001 -14"><span class='ocrx_word' id='word_1_352' title='bbox 30 3042 82 3091; x_wconf 79' lang='lat' dir='ltr'>b&#39;oo</span> <span class='ocrx_word' id='word_1_353' title='bbox 89 3037 491 3103; x_wconf 72' lang='lat' dir='ltr'>commuuigeneradixitscuess?</span> <span class='ocrx_word' id='word_1_354' title='bbox 503 3036 595 3102; x_wconf 89' lang='lat' dir='ltr'>quippe</span> <span class='ocrx_word' id='word_1_355' title='bbox 628 3053 689 3086; x_wconf 92' lang='lat' dir='ltr'>mus.</span> <span class='ocrx_word' id='word_1_356' title='bbox 719 3037 768 3085; x_wconf 90' lang='lat' dir='ltr'>Sed</span> <span class='ocrx_word' id='word_1_357' title='bbox 785 3036 861 3086; x_wconf 90' lang='lat' dir='ltr'>nimio</span> <span class='ocrx_word' id='word_1_358' title='bbox 877 3036 960 3101; x_wconf 87' lang='lat' dir='ltr'>lepore</span> <span class='ocrx_word' id='word_1_359' title='bbox 977 3036 1125 3087; x_wconf 76' lang='lat' dir='ltr'>Terentiano</span> <span class='ocrx_word' id='word_1_360' title='bbox 1141 3040 1193 3101; x_wconf 83' lang='lat' dir='ltr'>jam</span> 
     </span>
     <span class='ocr_line' id='line_1_39' title="bbox 29 3101 1191 3168; baseline -0.002 -13"><span class='ocrx_word' id='word_1_361' title='bbox 29 3108 67 3168; x_wconf 85' lang='lat' dir='ltr'>qui</span> <span class='ocrx_word' id='word_1_362' title='bbox 81 3108 151 3164; x_wconf 88' lang='lat' dir='ltr'>alibi,</span> <span class='ocrx_word' id='word_1_363' title='bbox 164 3107 230 3155; x_wconf 78' lang='lat' dir='ltr'>Heo</span> <span class='ocrx_word' id='word_1_364' title='bbox 242 3105 276 3152; x_wconf 82' lang='lat' dir='ltr'>ir.</span> <span class='ocrx_word' id='word_1_365' title='bbox 289 3106 312 3152; x_wconf 72' lang='grc'>3.</span> <span class='ocrx_word' id='word_1_366' title='bbox 327 3106 373 3161; x_wconf 82' lang='grc'><strong>15.,</strong></span> <span class='ocrx_word' id='word_1_367' title='bbox 384 3102 542 3167; x_wconf 75' lang='lat' dir='ltr'>reparaverit,</span> <span class='ocrx_word' id='word_1_368' title='bbox 554 3101 592 3149; x_wconf 91' lang='lat' dir='ltr'>di·</span> <span class='ocrx_word' id='word_1_369' title='bbox 625 3101 687 3150; x_wconf 91' lang='lat' dir='ltr'>illud</span> <span class='ocrx_word' id='word_1_370' title='bbox 698 3101 786 3164; x_wconf 76' lang='lat' dir='ltr'>egitur.</span> <span class='ocrx_word' id='word_1_371' title='bbox 817 3102 881 3151; x_wconf 85' lang='lat' dir='ltr'>Nam</span> <span class='ocrx_word' id='word_1_372' title='bbox 898 3102 938 3151; x_wconf 88' lang='lat' dir='ltr'>bic</span> <span class='ocrx_word' id='word_1_373' title='bbox 950 3102 1093 3163; x_wconf 86' lang='lat' dir='ltr'>ostenditur,</span> <span class='ocrx_word' id='word_1_374' title='bbox 1106 3102 1191 3153; x_wconf 83' lang='lat' dir='ltr'>verisi-</span> 
     </span>
     <span class='ocr_line' id='line_1_40' title="bbox 30 3165 1192 3233; baseline 0.002 -17"><span class='ocrx_word' id='word_1_375' title='bbox 30 3172 110 3230; x_wconf 74' lang='lat' dir='ltr'>oendo,</span> <span class='ocrx_word' id='word_1_376' title='bbox 128 3188 201 3220; x_wconf 73' lang='lat' dir='ltr'>m</span> <span class='ocrx_word' id='word_1_377' title='bbox 220 3177 291 3232; x_wconf 76' lang='lat' dir='ltr'>atque</span> <span class='ocrx_word' id='word_1_378' title='bbox 308 3185 381 3217; x_wconf 73' lang='lat' dir='ltr'>anu:</span> <span class='ocrx_word' id='word_1_379' title='bbox 397 3167 441 3215; x_wconf 82' lang='lat' dir='ltr'>aed</span> <span class='ocrx_word' id='word_1_380' title='bbox 458 3165 592 3215; x_wconf 81' lang='lat' dir='ltr'>subdistin·</span> <span class='ocrx_word' id='word_1_381' title='bbox 625 3167 684 3215; x_wconf 90' lang='lat' dir='ltr'>mile</span> <span class='ocrx_word' id='word_1_382' title='bbox 695 3181 749 3215; x_wconf 81' lang='lat' dir='ltr'>esse</span> <span class='ocrx_word' id='word_1_383' title='bbox 761 3181 806 3229; x_wconf 89' lang='lat' dir='ltr'>pro</span> <span class='ocrx_word' id='word_1_384' title='bbox 818 3167 930 3215; x_wconf 89' lang='lat' dir='ltr'>eunucho</span> <span class='ocrx_word' id='word_1_385' title='bbox 941 3167 1061 3217; x_wconf 88' lang='lat' dir='ltr'>creditum</span> <span class='ocrx_word' id='word_1_386' title='bbox 1079 3168 1144 3233; x_wconf 87' lang='lat' dir='ltr'>apud</span> <span class='ocrx_word' id='word_1_387' title='bbox 1156 3168 1192 3218; x_wconf 84' lang='lat' dir='ltr'>vi-</span> 
     </span>
     <span class='ocr_line' id='line_1_41' title="bbox 29 3230 1192 3298; baseline -0.003 -13"><span class='ocrx_word' id='word_1_388' title='bbox 29 3238 151 3298; x_wconf 70' lang='lat' dir='ltr'>gucndum</span> <span class='ocrx_word' id='word_1_389' title='bbox 167 3246 216 3293; x_wconf 79' lang='lat' dir='ltr'>est,</span> <span class='ocrx_word' id='word_1_390' title='bbox 230 3244 260 3283; x_wconf 89' lang='lat' dir='ltr'>ut</span> <span class='ocrx_word' id='word_1_391' title='bbox 273 3234 307 3282; x_wconf 89' lang='lat' dir='ltr'>sit</span> <span class='ocrx_word' id='word_1_392' title='bbox 323 3232 415 3295; x_wconf 83' lang='lat' dir='ltr'>duplex</span> <span class='ocrx_word' id='word_1_393' title='bbox 430 3231 591 3295; x_wconf 81' lang='lat' dir='ltr'>vituperetio;</span> <span class='ocrx_word' id='word_1_394' title='bbox 625 3230 706 3279; x_wconf 88' lang='lat' dir='ltr'>cinam</span> <span class='ocrx_word' id='word_1_395' title='bbox 719 3231 871 3279; x_wconf 88' lang='lat' dir='ltr'>meretricem</span> <span class='ocrx_word' id='word_1_396' title='bbox 882 3231 1016 3291; x_wconf 82' lang='lat' dir='ltr'>Chteream,</span> <span class='ocrx_word' id='word_1_397' title='bbox 1029 3233 1071 3295; x_wconf 88' lang='lat' dir='ltr'>qui</span> <span class='ocrx_word' id='word_1_398' title='bbox 1082 3233 1143 3281; x_wconf 85' lang='lat' dir='ltr'>adeo</span> <span class='ocrx_word' id='word_1_399' title='bbox 1154 3233 1192 3297; x_wconf 79' lang='lat' dir='ltr'>ig·</span> 
     </span>
     <span class='ocr_line' id='line_1_42' title="bbox 30 3294 1205 3361; baseline -0.003 -13"><span class='ocrx_word' id='word_1_400' title='bbox 30 3317 75 3349; x_wconf 81' lang='lat' dir='ltr'>um</span> <span class='ocrx_word' id='word_1_401' title='bbox 91 3303 124 3351; x_wconf 79' lang='lat' dir='ltr'>ab</span> <span class='ocrx_word' id='word_1_402' title='bbox 141 3311 225 3356; x_wconf 65' lang='lat' dir='ltr'>etate,</span> <span class='ocrx_word' id='word_1_403' title='bbox 241 3298 308 3361; x_wconf 86' lang='lat' dir='ltr'>quod</span> <span class='ocrx_word' id='word_1_404' title='bbox 325 3298 360 3345; x_wconf 88' lang='lat' dir='ltr'>ait</span> <span class='ocrx_word' id='word_1_405' title='bbox 375 3313 465 3352; x_wconf 72' lang='lat' dir='ltr'>sanem</span> <span class='ocrx_word' id='word_1_406' title='bbox 485 3295 563 3344; x_wconf 81' lang='lat' dir='ltr'>altera</span> <span class='ocrx_word' id='word_1_407' title='bbox 578 3310 594 3343; x_wconf 86' lang='lat' dir='ltr'>a</span> <span class='ocrx_word' id='word_1_408' title='bbox 626 3306 699 3344; x_wconf 87' lang='lat' dir='ltr'>notus</span> <span class='ocrx_word' id='word_1_409' title='bbox 708 3294 741 3343; x_wconf 88' lang='lat' dir='ltr'>sit</span> <span class='ocrx_word' id='word_1_410' title='bbox 752 3295 856 3353; x_wconf 89' lang='lat' dir='ltr'>mulieri,</span> <span class='ocrx_word' id='word_1_411' title='bbox 867 3304 894 3344; x_wconf 89' lang='lat' dir='ltr'>ut</span> <span class='ocrx_word' id='word_1_412' title='bbox 903 3310 948 3344; x_wconf 89' lang='lat' dir='ltr'>nec</span> <span class='ocrx_word' id='word_1_413' title='bbox 956 3296 1009 3360; x_wconf 82' lang='lat' dir='ltr'>ipse</span> <span class='ocrx_word' id='word_1_414' title='bbox 1021 3312 1074 3345; x_wconf 85' lang='lat' dir='ltr'>eam</span> <span class='ocrx_word' id='word_1_415' title='bbox 1084 3298 1205 3347; x_wconf 64' lang='lat' dir='ltr'>noverim</span> 
     </span>
     <span class='ocr_line' id='line_1_43' title="bbox 29 3359 1193 3424; baseline -0.003 -9"><span class='ocrx_word' id='word_1_416' title='bbox 29 3368 193 3415; x_wconf 73' lang='lat' dir='ltr'>mbsomm</span> <span class='ocrx_word' id='word_1_417' title='bbox 212 3362 322 3419; x_wconf 81' lang='lat' dir='ltr'>mollitie,</span> <span class='ocrx_word' id='word_1_418' title='bbox 337 3362 402 3424; x_wconf 86' lang='lat' dir='ltr'>quod</span> <span class='ocrx_word' id='word_1_419' title='bbox 417 3361 452 3409; x_wconf 83' lang='lat' dir='ltr'>ait</span> <span class='ocrx_word' id='word_1_420' title='bbox 469 3364 592 3410; x_wconf 76' lang='lat' dir='ltr'>mulierem.</span> <span class='ocrx_word' id='word_1_421' title='bbox 627 3361 755 3422; x_wconf 76' lang='lat' dir='ltr'>quoderat</span> <span class='ocrx_word' id='word_1_422' title='bbox 765 3359 860 3409; x_wconf 78' lang='lat' dir='ltr'>facilius</span> <span class='ocrx_word' id='word_1_423' title='bbox 872 3370 897 3409; x_wconf 90' lang='lat' dir='ltr'>et</span> <span class='ocrx_word' id='word_1_424' title='bbox 908 3361 1034 3424; x_wconf 83' lang='lat' dir='ltr'>promtius.</span> <span class='ocrx_word' id='word_1_425' title='bbox 1053 3362 1193 3415; x_wconf 72' lang='lat' dir='ltr'>Etadditur</span> 
     </span>
     <span class='ocr_line' id='line_1_44' title="bbox 31 3424 1193 3489; baseline -0.001 -12"><span class='ocrx_word' id='word_1_426' title='bbox 31 3430 242 3479; x_wconf 51' lang='lat' dir='ltr'>liriacum</span> <span class='ocrx_word' id='word_1_427' title='bbox 263 3425 386 3489; x_wconf 64' lang='lat' dir='ltr'>mmm]</span> <span class='ocrx_word' id='word_1_428' title='bbox 414 3425 488 3480; x_wconf 88' lang='lat' dir='ltr'>Quod</span> <span class='ocrx_word' id='word_1_429' title='bbox 509 3435 594 3473; x_wconf 87' lang='lat' dir='ltr'>contra</span> <span class='ocrx_word' id='word_1_430' title='bbox 626 3424 693 3473; x_wconf 88' lang='lat' dir='ltr'>color</span> <span class='ocrx_word' id='word_1_431' title='bbox 705 3424 761 3483; x_wconf 78' lang='lat' dir='ltr'>(Est</span> <span class='ocrx_word' id='word_1_432' title='bbox 780 3428 853 3487; x_wconf 74' lang='lat' dir='ltr'>igitur</span> <span class='ocrx_word' id='word_1_433' title='bbox 868 3442 938 3474; x_wconf 80' lang='lat' dir='ltr'>causa</span> <span class='ocrx_word' id='word_1_434' title='bbox 956 3425 1005 3487; x_wconf 89' lang='grc' dir='ltr'><strong>Ζ.),</strong></span> <span class='ocrx_word' id='word_1_435' title='bbox 1026 3426 1090 3489; x_wconf 83' lang='lat' dir='ltr'>quod</span> <span class='ocrx_word' id='word_1_436' title='bbox 1109 3438 1134 3475; x_wconf 92' lang='lat' dir='ltr'>et</span> <span class='ocrx_word' id='word_1_437' title='bbox 1150 3427 1193 3477; x_wconf 83' lang='lat' dir='ltr'>illa</span> 
     </span>
     <span class='ocr_line' id='line_1_45' title="bbox 30 3488 1193 3560; baseline -0.003 -16"><span class='ocrx_word' id='word_1_438' title='bbox 30 3508 71 3553; x_wconf 73' lang='grc' dir='ltr'>αι,</span> <span class='ocrx_word' id='word_1_439' title='bbox 82 3506 110 3544; x_wconf 91' lang='lat' dir='ltr'>ut</span> <span class='ocrx_word' id='word_1_440' title='bbox 124 3496 180 3560; x_wconf 85' lang='lat' dir='ltr'>ipse</span> <span class='ocrx_word' id='word_1_441' title='bbox 192 3493 263 3551; x_wconf 82' lang='lat' dir='ltr'>dixit,</span> <span class='ocrx_word' id='word_1_442' title='bbox 274 3491 352 3554; x_wconf 79' lang='lat' dir='ltr'>facies</span> <span class='ocrx_word' id='word_1_443' title='bbox 363 3495 456 3539; x_wconf 75' lang='lat' dir='ltr'>lmssta</span> <span class='ocrx_word' id='word_1_444' title='bbox 467 3507 495 3538; x_wconf 83' lang='lat' dir='ltr'>oc</span> <span class='ocrx_word' id='word_1_445' title='bbox 507 3492 592 3537; x_wconf 78' lang='lat' dir='ltr'>libera-</span> <span class='ocrx_word' id='word_1_446' title='bbox 626 3504 677 3537; x_wconf 88' lang='lat' dir='ltr'>non</span> <span class='ocrx_word' id='word_1_447' title='bbox 693 3488 737 3537; x_wconf 88' lang='lat' dir='ltr'>diu</span> <span class='ocrx_word' id='word_1_448' title='bbox 758 3488 838 3537; x_wconf 81' lang='lat' dir='ltr'>vicina</span> <span class='ocrx_word' id='word_1_449' title='bbox 860 3500 905 3547; x_wconf 88' lang='lat' dir='ltr'>cst,</span> <span class='ocrx_word' id='word_1_450' title='bbox 925 3499 950 3539; x_wconf 84' lang='lat' dir='ltr'>et</span> <span class='ocrx_word' id='word_1_451' title='bbox 967 3491 1032 3553; x_wconf 91' lang='lat' dir='ltr'>quod</span> <span class='ocrx_word' id='word_1_452' title='bbox 1052 3491 1193 3540; x_wconf 83' lang='lat' dir='ltr'>adolescens</span> 
     </span>
     <span class='ocr_line' id='line_1_46' title="bbox 30 3553 1194 3619; baseline -0.002 -13"><span class='ocrx_word' id='word_1_453' title='bbox 30 3562 63 3608; x_wconf 73' lang='lat' dir='ltr'>ln</span> <span class='ocrx_word' id='word_1_454' title='bbox 87 3564 169 3609; x_wconf 71' lang='lat' dir='ltr'>Scaeas</span> <span class='ocrx_word' id='word_1_455' title='bbox 188 3555 319 3619; x_wconf 58' lang='lat' dir='ltr'>meu]</span> <span class='ocrx_word' id='word_1_456' title='bbox 354 3555 457 3618; x_wconf 75' lang='lat' dir='ltr'>Singula</span> <span class='ocrx_word' id='word_1_457' title='bbox 478 3564 543 3612; x_wconf 83' lang='lat' dir='ltr'>runt,</span> <span class='ocrx_word' id='word_1_458' title='bbox 566 3562 594 3602; x_wconf 90' lang='lat' dir='ltr'>ut</span> <span class='ocrx_word' id='word_1_459' title='bbox 627 3553 760 3617; x_wconf 88' lang='lat' dir='ltr'>plurimum</span> <span class='ocrx_word' id='word_1_460' title='bbox 769 3554 795 3602; x_wconf 92' lang='lat' dir='ltr'>in</span> <span class='ocrx_word' id='word_1_461' title='bbox 803 3554 883 3603; x_wconf 78' lang='lat' dir='ltr'>Pirreo</span> <span class='ocrx_word' id='word_1_462' title='bbox 894 3564 1057 3605; x_wconf 83' lang='lat' dir='ltr'>commoratus</span> <span class='ocrx_word' id='word_1_463' title='bbox 1069 3566 1111 3605; x_wconf 84' lang='lat' dir='ltr'>est</span> <span class='ocrx_word' id='word_1_464' title='bbox 1124 3558 1194 3605; x_wconf 76' lang='lat' dir='ltr'>Nttu</span> 
     </span>
     <span class='ocr_line' id='line_1_47' title="bbox 29 3617 1191 3683; baseline -0.004 -9"><span class='ocrx_word' id='word_1_465' title='bbox 29 3626 104 3674; x_wconf 72' lang='lat' dir='ltr'>eutis</span> <span class='ocrx_word' id='word_1_466' title='bbox 122 3624 245 3673; x_wconf 86' lang='lat' dir='ltr'>indicium</span> <span class='ocrx_word' id='word_1_467' title='bbox 264 3621 305 3679; x_wconf 89' lang='lat' dir='ltr'>sit,</span> <span class='ocrx_word' id='word_1_468' title='bbox 321 3621 386 3683; x_wconf 86' lang='lat' dir='ltr'>quod</span> <span class='ocrx_word' id='word_1_469' title='bbox 403 3636 471 3669; x_wconf 76' lang='lat' dir='ltr'>sene:</span> <span class='ocrx_word' id='word_1_470' title='bbox 480 3641 488 3675; x_wconf 85' lang='lat'>,-</span> <span class='ocrx_word' id='word_1_471' title='bbox 506 3621 594 3675; x_wconf 77' lang='lat' dir='ltr'>mulier,</span> <span class='ocrx_word' id='word_1_472' title='bbox 628 3622 660 3667; x_wconf 85' lang='lat' dir='ltr'>ad</span> <span class='ocrx_word' id='word_1_473' title='bbox 671 3627 771 3667; x_wconf 71' lang='lat' dir='ltr'>umnam</span> <span class='ocrx_word' id='word_1_474' title='bbox 782 3617 853 3681; x_wconf 77' lang='lat' dir='ltr'>lonc]</span> <span class='ocrx_word' id='word_1_475' title='bbox 872 3619 1109 3669; x_wconf 82' lang='lat' dir='ltr'>llloraliternortrom</span> <span class='ocrx_word' id='word_1_476' title='bbox 1121 3620 1191 3678; x_wconf 80' lang='lat' dir='ltr'>dixit,</span> 
     </span>
     <span class='ocr_line' id='line_1_48' title="bbox 30 3683 1191 3751; baseline -0.004 -13"><span class='ocrx_word' id='word_1_477' title='bbox 30 3686 395 3751; x_wconf 73' lang='lat' dir='ltr'>quodaexusamarerideatur</span> <span class='ocrx_word' id='word_1_478' title='bbox 405 3684 507 3733; x_wconf 75' lang='lat' dir='ltr'>alienus</span> <span class='ocrx_word' id='word_1_479' title='bbox 531 3683 597 3731; x_wconf 85' lang='lat' dir='ltr'>E.-</span> <span class='ocrx_word' id='word_1_480' title='bbox 646 3699 674 3731; x_wconf 92' lang='lat' dir='ltr'>ro</span> <span class='ocrx_word' id='word_1_481' title='bbox 685 3698 772 3731; x_wconf 85' lang='lat' dir='ltr'>meam.</span> <span class='ocrx_word' id='word_1_482' title='bbox 797 3686 855 3731; x_wconf 81' lang='lat' dir='ltr'>Alio</span> <span class='ocrx_word' id='word_1_483' title='bbox 866 3700 902 3731; x_wconf 76' lang='lat' dir='ltr'>ror</span> <span class='ocrx_word' id='word_1_484' title='bbox 913 3683 960 3747; x_wconf 77' lang='lat' dir='ltr'>ert]</span> <span class='ocrx_word' id='word_1_485' title='bbox 979 3684 1036 3733; x_wconf 89' lang='lat' dir='ltr'>Non</span> <span class='ocrx_word' id='word_1_486' title='bbox 1048 3685 1129 3748; x_wconf 90' lang='lat' dir='ltr'>potuit</span> <span class='ocrx_word' id='word_1_487' title='bbox 1139 3700 1191 3733; x_wconf 88' lang='lat' dir='ltr'>me-</span> 
     </span>
     <span class='ocr_line' id='line_1_49' title="bbox 31 3699 1193 3814; baseline -0.002 -13"><span class='ocrx_word' id='word_1_488' title='bbox 31 3754 67 3802; x_wconf 79' lang='lat' dir='ltr'>ot</span> <span class='ocrx_word' id='word_1_489' title='bbox 84 3753 156 3803; x_wconf 83' lang='lat' dir='ltr'>codd.</span> <span class='ocrx_word' id='word_1_490' title='bbox 176 3752 309 3814; x_wconf 78' lang='lat' dir='ltr'>legendum</span> <span class='ocrx_word' id='word_1_491' title='bbox 328 3760 390 3813; x_wconf 89' lang='lat' dir='ltr'>puto</span> <span class='ocrx_word' id='word_1_492' title='bbox 411 3752 469 3796; x_wconf 78' lang='lat' dir='ltr'>beri.</span> <span class='ocrx_word' id='word_1_493' title='bbox 497 3747 596 3797; x_wconf 89' lang='lat' dir='ltr'>Deinde</span> <span class='ocrx_word' id='word_1_494' title='bbox 628 3699 676 3795; x_wconf 80' lang='lat' dir='ltr'>lius</span> <span class='ocrx_word' id='word_1_495' title='bbox 683 3763 753 3796; x_wconf 88' lang='lat' dir='ltr'>suam</span> <span class='ocrx_word' id='word_1_496' title='bbox 762 3746 859 3810; x_wconf 85' lang='lat' dir='ltr'>utrique</span> <span class='ocrx_word' id='word_1_497' title='bbox 868 3749 972 3811; x_wconf 72' lang='lat' dir='ltr'>gratiam</span> <span class='ocrx_word' id='word_1_498' title='bbox 981 3764 1113 3799; x_wconf 82' lang='lat' dir='ltr'>reservare.</span> <span class='ocrx_word' id='word_1_499' title='bbox 1127 3749 1193 3799; x_wconf 81' lang='lat' dir='ltr'>Nam</span> 
     </span>
     <span class='ocr_line' id='line_1_50' title="bbox 30 3812 997 3867; baseline -0.006 0"><span class='ocrx_word' id='word_1_500' title='bbox 30 3836 99 3867; x_wconf 78' lang='lat' dir='ltr'>m</span> <span class='ocrx_word' id='word_1_501' title='bbox 116 3821 234 3866; x_wconf 65' lang='lat' dir='ltr'>ubam</span> <span class='ocrx_word' id='word_1_502' title='bbox 249 3830 307 3864; x_wconf 92' lang='lat' dir='ltr'>cum</span> <span class='ocrx_word' id='word_1_503' title='bbox 324 3815 423 3863; x_wconf 77' lang='lat' dir='ltr'>Donato</span> <span class='ocrx_word' id='word_1_504' title='bbox 439 3828 489 3861; x_wconf 90' lang='lat' dir='ltr'>non</span> <span class='ocrx_word' id='word_1_505' title='bbox 506 3812 594 3860; x_wconf 88' lang='lat' dir='ltr'>distin·</span> <span class='ocrx_word' id='word_1_506' title='bbox 628 3821 654 3861; x_wconf 91' lang='lat' dir='ltr'>et</span> <span class='ocrx_word' id='word_1_507' title='bbox 664 3812 706 3860; x_wconf 85' lang='lat' dir='ltr'>illa</span> <span class='ocrx_word' id='word_1_508' title='bbox 718 3822 743 3860; x_wconf 90' lang='lat' dir='ltr'>et</span> <span class='ocrx_word' id='word_1_509' title='bbox 754 3812 806 3860; x_wconf 71' lang='lat' dir='ltr'>brec</span> <span class='ocrx_word' id='word_1_510' title='bbox 817 3822 936 3861; x_wconf 85' lang='lat' dir='ltr'>amantur.</span> <span class='ocrx_word' id='word_1_511' title='bbox 967 3814 997 3861; x_wconf 90' lang='lat' dir='ltr'>D.</span> 
     </span>
    </p>

    <p class='ocr_par' dir='ltr' id='par_1_6' title="bbox 26 3874 1194 4069">
     <span class='ocr_line' id='line_1_51' title="bbox 108 3874 1193 3990; baseline -0.005 -59"><span class='ocrx_word' id='word_1_512' title='bbox 108 3898 152 3931; x_wconf 85' lang='lat' dir='ltr'>nm</span> <span class='ocrx_word' id='word_1_513' title='bbox 167 3896 266 3939; x_wconf 85' lang='lat' dir='ltr'>censeo,</span> <span class='ocrx_word' id='word_1_514' title='bbox 277 3879 335 3943; x_wconf 85' lang='lat' dir='ltr'>quia</span> <span class='ocrx_word' id='word_1_515' title='bbox 349 3894 417 3927; x_wconf 75' lang='lat' dir='ltr'>reue:</span> <span class='ocrx_word' id='word_1_516' title='bbox 433 3877 499 3941; x_wconf 87' lang='lat' dir='ltr'>apud</span> <span class='ocrx_word' id='word_1_517' title='bbox 510 3877 595 3925; x_wconf 86' lang='lat' dir='ltr'>Catul·</span> <span class='ocrx_word' id='word_1_518' title='bbox 661 3874 700 3927; x_wconf 81' lang='lat'>7⁰.</span> <span class='ocrx_word' id='word_1_519' title='bbox 719 3878 814 3925; x_wconf 81' lang='lat' dir='ltr'>Faciem</span> <span class='ocrx_word' id='word_1_520' title='bbox 830 3876 920 3990; x_wconf 45' lang='lat' dir='ltr'>sedula}</span> <span class='ocrx_word' id='word_1_521' title='bbox 938 3878 1004 3926; x_wconf 88' lang='lat' dir='ltr'>Mire</span> <span class='ocrx_word' id='word_1_522' title='bbox 1021 3877 1046 3926; x_wconf 91' lang='lat' dir='ltr'>io</span> <span class='ocrx_word' id='word_1_523' title='bbox 1066 3876 1193 3941; x_wconf 86' lang='lat' dir='ltr'>promissis</span> 
     </span>
     <span class='ocr_line' id='line_1_52' title="bbox 26 3884 1192 4007; baseline -0.002 -14"><span class='ocrx_word' id='word_1_524' title='bbox 26 3884 359 4007; x_wconf 60' lang='lat' dir='ltr'>fficfflumqmqus</span> <span class='ocrx_word' id='word_1_525' title='bbox 375 3943 406 3991; x_wconf 92' lang='lat' dir='ltr'>de</span> <span class='ocrx_word' id='word_1_526' title='bbox 419 3940 522 3990; x_wconf 86' lang='lat' dir='ltr'>muliere</span> <span class='ocrx_word' id='word_1_527' title='bbox 534 3941 595 3989; x_wconf 89' lang='lat' dir='ltr'>dici·</span> <span class='ocrx_word' id='word_1_528' title='bbox 628 3940 804 4004; x_wconf 78' lang='lat' dir='ltr'>posterioribus</span> <span class='ocrx_word' id='word_1_529' title='bbox 826 3942 890 3989; x_wconf 86' lang='lat' dir='ltr'>diffic</span> <span class='ocrx_word' id='word_1_530' title='bbox 919 3954 955 3991; x_wconf 78' lang='lat' dir='ltr'>tas</span> <span class='ocrx_word' id='word_1_531' title='bbox 979 3942 1014 3990; x_wconf 91' lang='lat' dir='ltr'>rei</span> <span class='ocrx_word' id='word_1_532' title='bbox 1040 3940 1192 3991; x_wconf 83' lang='lat' dir='ltr'>ostenditur:</span> 
     </span>
     <span class='ocr_line' id='line_1_53' title="bbox 33 4004 1194 4069; baseline -0.004 -8"><span class='ocrx_word' id='word_1_533' title='bbox 33 4024 74 4061; x_wconf 79' lang='lat' dir='ltr'>tur.</span> <span class='ocrx_word' id='word_1_534' title='bbox 92 4008 546 4060; x_wconf 73' lang='lat' dir='ltr'>Sieetiamoocurritmsliermaratric.</span> <span class='ocrx_word' id='word_1_535' title='bbox 566 4006 594 4054; x_wconf 87' lang='lat' dir='ltr'>B.</span> <span class='ocrx_word' id='word_1_536' title='bbox 628 4021 703 4068; x_wconf 85' lang='lat' dir='ltr'>quum</span> <span class='ocrx_word' id='word_1_537' title='bbox 715 4004 890 4069; x_wconf 74' lang='lat' dir='ltr'>primosus-iam</span> <span class='ocrx_word' id='word_1_538' title='bbox 902 4006 998 4055; x_wconf 81' lang='lat' dir='ltr'>dixerit.</span> <span class='ocrx_word' id='word_1_539' title='bbox 1028 4006 1194 4057; x_wconf 81' lang='lat' dir='ltr'>D.-Odrecro</span> 
     </span>
    </p>

    <p class='ocr_par' dir='ltr' id='par_1_7' title="bbox 32 4068 1195 4459">
     <span class='ocr_line' id='line_1_54' title="bbox 60 4068 1194 4134; baseline -0.002 -9"><span class='ocrx_word' id='word_1_540' title='bbox 60 4078 100 4125; x_wconf 76' lang='lat'>66.</span> <span class='ocrx_word' id='word_1_541' title='bbox 114 4079 367 4129; x_wconf 58' lang='lat' dir='ltr'>mammarum</span> <span class='ocrx_word' id='word_1_542' title='bbox 377 4069 515 4134; x_wconf 78' lang='lat' dir='ltr'>domsoros]</span> <span class='ocrx_word' id='word_1_543' title='bbox 529 4070 595 4119; x_wconf 85' lang='lat' dir='ltr'>Mire</span> <span class='ocrx_word' id='word_1_544' title='bbox 626 4068 716 4132; x_wconf 76' lang='lat' dir='ltr'>bercia]</span> <span class='ocrx_word' id='word_1_545' title='bbox 731 4070 780 4118; x_wconf 83' lang='lat' dir='ltr'>llee</span> <span class='ocrx_word' id='word_1_546' title='bbox 792 4070 856 4117; x_wconf 88' lang='lat' dir='ltr'>redit</span> <span class='ocrx_word' id='word_1_547' title='bbox 867 4070 898 4118; x_wconf 85' lang='lat' dir='ltr'>ad</span> <span class='ocrx_word' id='word_1_548' title='bbox 909 4086 1001 4133; x_wconf 85' lang='lat' dir='ltr'>preces,</span> <span class='ocrx_word' id='word_1_549' title='bbox 1010 4086 1082 4132; x_wconf 85' lang='lat' dir='ltr'>qoam</span> <span class='ocrx_word' id='word_1_550' title='bbox 1095 4070 1194 4133; x_wconf 86' lang='lat' dir='ltr'>quidem</span> 
     </span>
     <span class='ocr_line' id='line_1_55' title="bbox 32 4134 1195 4201; baseline -0.002 -12"><span class='ocrx_word' id='word_1_551' title='bbox 32 4158 77 4189; x_wconf 73' lang='grc' dir='ltr'>ιιι</span> <span class='ocrx_word' id='word_1_552' title='bbox 85 4145 158 4189; x_wconf 61' lang='grc' dir='ltr'>ωε·</span> <span class='ocrx_word' id='word_1_553' title='bbox 174 4151 292 4201; x_wconf 75' lang='lat' dir='ltr'>tanquam</span> <span class='ocrx_word' id='word_1_554' title='bbox 303 4137 341 4186; x_wconf 90' lang='lat' dir='ltr'>illi</span> <span class='ocrx_word' id='word_1_555' title='bbox 351 4135 456 4199; x_wconf 79' lang='lat' dir='ltr'>repulus</span> <span class='ocrx_word' id='word_1_556' title='bbox 466 4150 539 4185; x_wconf 84' lang='lat' dir='ltr'>causa</span> <span class='ocrx_word' id='word_1_557' title='bbox 550 4134 593 4182; x_wconf 92' lang='lat' dir='ltr'>do·</span> <span class='ocrx_word' id='word_1_558' title='bbox 627 4150 655 4183; x_wconf 88' lang='lat' dir='ltr'>ae</span> <span class='ocrx_word' id='word_1_559' title='bbox 671 4134 814 4183; x_wconf 82' lang='lat' dir='ltr'>effecturum</span> <span class='ocrx_word' id='word_1_560' title='bbox 831 4150 915 4183; x_wconf 85' lang='lat' dir='ltr'>servus</span> <span class='ocrx_word' id='word_1_561' title='bbox 931 4134 1068 4197; x_wconf 85' lang='lat' dir='ltr'>pollicetur,</span> <span class='ocrx_word' id='word_1_562' title='bbox 1080 4145 1106 4183; x_wconf 89' lang='lat' dir='ltr'>et</span> <span class='ocrx_word' id='word_1_563' title='bbox 1122 4136 1195 4201; x_wconf 70' lang='lat' dir='ltr'>fingit</span> 
     </span>
     <span class='ocr_line' id='line_1_56' title="bbox 33 4198 1195 4261; baseline -0.003 -7"><span class='ocrx_word' id='word_1_564' title='bbox 33 4206 209 4255; x_wconf 75' lang='lat' dir='ltr'>nuntiaturum</span> <span class='ocrx_word' id='word_1_565' title='bbox 219 4203 260 4252; x_wconf 77' lang='lat' dir='ltr'>sit.</span> <span class='ocrx_word' id='word_1_566' title='bbox 290 4200 455 4249; x_wconf 81' lang='lat' dir='ltr'>Tumdeinde</span> <span class='ocrx_word' id='word_1_567' title='bbox 469 4215 519 4248; x_wconf 89' lang='lat' dir='ltr'>nou</span> <span class='ocrx_word' id='word_1_568' title='bbox 536 4199 593 4261; x_wconf 83' lang='lat' dir='ltr'>reji·</span> <span class='ocrx_word' id='word_1_569' title='bbox 627 4198 837 4257; x_wconf 79' lang='lat' dir='ltr'>redisceseurunr,</span> <span class='ocrx_word' id='word_1_570' title='bbox 850 4198 892 4247; x_wconf 85' lang='lat' dir='ltr'>sed</span> <span class='ocrx_word' id='word_1_571' title='bbox 905 4199 1151 4249; x_wconf 82' lang='lat' dir='ltr'>teneturadomino:</span> <span class='ocrx_word' id='word_1_572' title='bbox 1169 4215 1195 4252; x_wconf 90' lang='lat' dir='ltr'>et</span> 
     </span>
     <span class='ocr_line' id='line_1_57' title="bbox 33 4262 1195 4331; baseline 0.001 -15"><span class='ocrx_word' id='word_1_573' title='bbox 33 4269 114 4327; x_wconf 64' lang='lat' dir='ltr'>ciem,</span> <span class='ocrx_word' id='word_1_574' title='bbox 128 4268 173 4319; x_wconf 73' lang='lat' dir='ltr'>aad</span> <span class='ocrx_word' id='word_1_575' title='bbox 187 4270 314 4331; x_wconf 63' lang='lat' dir='ltr'>quatitur.</span> <span class='ocrx_word' id='word_1_576' title='bbox 339 4264 403 4313; x_wconf 83' lang='lat' dir='ltr'>Vide</span> <span class='ocrx_word' id='word_1_577' title='bbox 417 4280 490 4327; x_wconf 87' lang='lat' dir='ltr'>quam</span> <span class='ocrx_word' id='word_1_578' title='bbox 506 4274 594 4312; x_wconf 91' lang='lat' dir='ltr'>coutu-</span> <span class='ocrx_word' id='word_1_579' title='bbox 625 4262 686 4311; x_wconf 89' lang='lat' dir='ltr'>dum</span> <span class='ocrx_word' id='word_1_580' title='bbox 697 4262 828 4312; x_wconf 80' lang='lat' dir='ltr'>laudantur</span> <span class='ocrx_word' id='word_1_581' title='bbox 845 4263 948 4311; x_wconf 78' lang='lat' dir='ltr'>fortunae</span> <span class='ocrx_word' id='word_1_582' title='bbox 959 4264 1074 4323; x_wconf 88' lang='lat' dir='ltr'>eunuchi,</span> <span class='ocrx_word' id='word_1_583' title='bbox 1086 4266 1151 4327; x_wconf 87' lang='lat' dir='ltr'>quod</span> <span class='ocrx_word' id='word_1_584' title='bbox 1162 4269 1195 4316; x_wconf 89' lang='lat' dir='ltr'>ad</span> 
     </span>
     <span class='ocr_line' id='line_1_58' title="bbox 33 4326 1193 4403; baseline -0.003 -20"><span class='ocrx_word' id='word_1_585' title='bbox 33 4334 155 4383; x_wconf 77' lang='lat' dir='ltr'>nelioaius</span> <span class='ocrx_word' id='word_1_586' title='bbox 164 4332 260 4382; x_wconf 84' lang='lat' dir='ltr'>dietum</span> <span class='ocrx_word' id='word_1_587' title='bbox 270 4330 311 4387; x_wconf 85' lang='lat' dir='ltr'>sit,</span> <span class='ocrx_word' id='word_1_588' title='bbox 322 4332 441 4393; x_wconf 73' lang='lat' dir='ltr'>quatiatur</span> <span class='ocrx_word' id='word_1_589' title='bbox 453 4328 537 4391; x_wconf 74' lang='lat' dir='ltr'>soros:</span> <span class='ocrx_word' id='word_1_590' title='bbox 555 4328 595 4376; x_wconf 82' lang='lat' dir='ltr'>vel</span> <span class='ocrx_word' id='word_1_591' title='bbox 628 4342 681 4377; x_wconf 88' lang='lat' dir='ltr'>eam</span> <span class='ocrx_word' id='word_1_592' title='bbox 693 4328 773 4376; x_wconf 86' lang='lat' dir='ltr'>iturus</span> <span class='ocrx_word' id='word_1_593' title='bbox 785 4336 822 4376; x_wconf 87' lang='lat' dir='ltr'>est</span> <span class='ocrx_word' id='word_1_594' title='bbox 831 4326 938 4385; x_wconf 91' lang='lat' dir='ltr'>domum,</span> <span class='ocrx_word' id='word_1_595' title='bbox 948 4328 989 4377; x_wconf 92' lang='lat' dir='ltr'>ubi</span> <span class='ocrx_word' id='word_1_596' title='bbox 1000 4328 1069 4403; x_wconf 70' lang='lat' dir='ltr'>virgo</span> <span class='ocrx_word' id='word_1_597' title='bbox 1079 4330 1193 4393; x_wconf 88' lang='lat' dir='ltr'>pulebcr·</span> 
     </span>
     <span class='ocr_line' id='line_1_59' title="bbox 36 4391 1194 4459; baseline -0.003 -12"><span class='ocrx_word' id='word_1_598' title='bbox 36 4399 172 4447; x_wconf 68' lang='lat' dir='ltr'>tarbenbus</span> <span class='ocrx_word' id='word_1_599' title='bbox 189 4395 326 4459; x_wconf 82' lang='lat' dir='ltr'>impellitur</span> <span class='ocrx_word' id='word_1_600' title='bbox 345 4394 417 4451; x_wconf 74' lang='lat' dir='ltr'>iores,</span> <span class='ocrx_word' id='word_1_601' title='bbox 433 4408 483 4443; x_wconf 92' lang='lat' dir='ltr'>non</span> <span class='ocrx_word' id='word_1_602' title='bbox 507 4393 593 4457; x_wconf 80' lang='lat' dir='ltr'>expul·</span> <span class='ocrx_word' id='word_1_603' title='bbox 627 4392 690 4441; x_wconf 80' lang='lat' dir='ltr'>rima</span> <span class='ocrx_word' id='word_1_604' title='bbox 708 4401 752 4449; x_wconf 82' lang='lat' dir='ltr'>ost,</span> <span class='ocrx_word' id='word_1_605' title='bbox 773 4392 809 4440; x_wconf 85' lang='lat' dir='ltr'>sic</span> <span class='ocrx_word' id='word_1_606' title='bbox 826 4391 892 4441; x_wconf 83' lang='lat' dir='ltr'>subit</span> <span class='ocrx_word' id='word_1_607' title='bbox 911 4392 980 4451; x_wconf 86' lang='lat' dir='ltr'>ratio,</span> <span class='ocrx_word' id='word_1_608' title='bbox 993 4404 1021 4442; x_wconf 91' lang='lat' dir='ltr'>ut</span> <span class='ocrx_word' id='word_1_609' title='bbox 1037 4408 1090 4457; x_wconf 78' lang='lat' dir='ltr'>ipse</span> <span class='ocrx_word' id='word_1_610' title='bbox 1107 4394 1194 4443; x_wconf 78' lang='lat' dir='ltr'>debeat</span> 
     </span>
    </p>

    <p class='ocr_par' dir='ltr' id='par_1_8' title="bbox 779 4472 792 4503">
     <span class='ocr_line' id='line_1_60' title="bbox 779 4472 792 4503; baseline 0 0"><span class='ocrx_word' id='word_1_611' title='bbox 779 4472 792 4503; x_wconf 83' lang='lat' dir='ltr'>z</span> 
     </span>
    </p>
   </div>
   <div class='ocr_carea' id='block_1_5' title="bbox 0 0 1426 4759">
    <p class='ocr_par' dir='ltr' id='par_1_9' title="bbox 0 0 1426 4759">
     <span class='ocr_line' id='line_1_61' title="bbox 0 0 1426 4759; baseline 0 0"><span class='ocrx_word' id='word_1_612' title='bbox 0 0 1426 4759; x_wconf 95' lang='lat' dir='ltr'> </span> 
     </span>
    </p>
   </div>
  </div>
 </body>
</html>
