2834 4759
235 132 300 206 446
671 130 949 201 TERENTII
1213 138 1333 222 [aeuus
1347 158 1374 199 v.

276 266 388 332 Hodie
402 266 498 332 modo
512 264 649 336 hilarum
664 267 715 333 fao
730 279 773 333 te.
812 269 880 335 De.
898 270 945 335 Et
958 272 1051 335 iatam
1065 270 1229 357 psaltriam

277 365 354 430 Una
367 364 441 431 illuc
455 388 579 431 mecum
593 366 668 431 hinc
682 367 879 432 abstraham.
917 367 980 433 M1.
997 369 1207 455 Pugnaverie.

276 462 330 528 Eo
343 475 440 551 pacto
454 486 602 549 prorsum
615 464 678 530 illic
692 465 832 551 alligaris
846 465 957 531 filium.
1412 486 1413 551 t

275 561 380 628 Modo
394 561 502 639 facito,
518 574 555 627 ut
567 561 653 627 illam
667 586 788 629 serves.
826 565 893 630 Da.
911 564 986 649 Ego
999 566 1083 632 istuc
1097 567 1225 632 videro:

233 670 264 720 to
275 657 386 745 Atque
402 658 448 725 illi
461 660 577 725 favillae
592 660 698 746 plena,
713 661 803 739 fumi,
819 684 856 726 ac
871 660 1009 747 pollinis,

276 759 456 843 Coquendo
471 760 513 823 eit
526 758 602 824 faxo
616 771 650 824 et
664 759 832 825 molendo:
855 772 975 846 proeter
989 762 1060 828 haee

275 856 416 921 Meridie
431 858 504 942 ipso
517 856 631 922 faciam
645 868 682 922 ut
696 858 846 943 stipulam
860 858 1007 944 colligat:

277 954 534 1020 Tamexcoetam
543 956 678 1021 reddam
686 967 784 1042 atque
794 968 906 1037 atram,
914 980 1009 1043 quem
1016 961 1166 1026 carbo’ot.
1183 960 1376 1027 MnPlacet.

274 1053 375 1119 Nunc
389 1053 467 1118 mihi
482 1054 591 1119 videre
607 1077 739 1140 sapere:
763 1066 860 1140 atque
875 1056 1026 1141 equidem
1037 1058 1149 1137 filium,

235 1164 267 1212 tt
281 1151 369 1216 Tum
384 1153 481 1216 etiam
497 1154 525 1217 si
539 1151 630 1228 nolit,
645 1175 758 1238 cogam
770 1166 807 1219 ut
821 1178 895 1220 cum
909 1154 962 1220 illa
975 1180 1039 1221 una
1054 1159 1163 1223 cubet

276 1251 344 1316 Da.
364 1250 529 1317 Derides?
552 1253 748 1331 fortunatus,
764 1255 820 1338 qui
835 1254 916 1319 istoc
933 1256 1037 1321 animo
1055 1258 1135 1322 sies:

233 1424 329 1483 (Laeua
350 1419 585 1481 GuidoJurenalia).
598 1419 711 1483 [bobine]
724 1420 789 1468 Tan·
855 1422 893 1470 59.
916 1424 947 1471 Ut
961 1422 1126 1486 illma'teroet]
1142 1424 1292 1474 Acuendum
1305 1428 1376 1474 itta:
1412 1410 1413 1471 i

232 1490 347 1552 quamde
362 1489 426 1537 malo
443 1488 503 1536 loeo.
531 1484 653 1548 mareu]
674 1486 791 1534 Abundat
822 1484 868 1533 hoe
884 1496 988 1543 estnon
1002 1488 1205 1549 jamliliumsed
1220 1494 1289 1539 iliam
1306 1506 1375 1547 aerea.
1412 1480 1413 1539 l

232 1557 268 1603 de.
293 1556 394 1604 D.—Da
415 1561 479 1601 aeota
501 1549 589 1612 emen]
612 1549 791 1598 Tantummodo
822 1549 849 1598 in
869 1566 916 1613 qua
935 1560 1064 1616 utrumque
1082 1552 1221 1603 retinueris.
1257 1558 1372 1617 &aitte
1412 1610 1413 1613 Ἴ

231 1620 278 1667 Ιιοο
287 1606 340 1683 ige,
352 1628 380 1667 ut
394 1628 466 1666 nocte
478 1616 560 1671 donea,
573 1614 703 1663 dummodo
719 1614 791 1663 hodie
823 1615 912 1679 uidero]
926 1616 981 1665 lloc
993 1627 1036 1674 eat,
1049 1620 1147 1667 utillum
1157 1636 1253 1669 meaa.
1278 1621 1311 1669 D.

232 1685 341 1748 prebeat
360 1682 513 1732 hilaritatem.
549 1680 698 1728 tte-Nostri
720 1680 789 1728 codd.
856 1681 894 1729 60.
903 1684 980 1743 Atque
991 1684 1025 1730 ibi
1028 1682 1120 1744 savilio
1128 1686 1205 1744 pleno,
1209 1684 1325 1745 furator
1332 1688 1375 1747 pol·

231 1748 340 1797 uuirerai
356 1747 399 1804 aie,
413 1750 468 1796 Cata
481 1749 558 1808 prima
573 1748 622 1792 luet
633 1747 677 1801 tto,
689 1752 732 1793 ate.
757 1745 791 1793 At
822 1747 877 1793 linia
892 1749 1003 1809 coquendo
1019 1751 1050 1795 ait
1059 1746 1125 1809 suro,
1138 1756 1161 1796 at
1177 1750 1296 1815 molendo]
1309 1749 1375 1812 Atqui

232 1828 318 1864 verrua
328 1813 363 1861 ita
374 1822 411 1861 eat
419 1814 485 1875 justo
497 1809 597 1872 longior.
628 1809 789 1858 Faemuade·
821 1814 903 1859 molere
918 1810 987 1875 priuu
999 1821 1043 1871 eat,
1056 1828 1127 1875 quam
1138 1830 1250 1876 ooquere:
1268 1814 1373 1863 aedilbrd

231 1876 331 1926 lendum
347 1882 520 1931 innocentem
536 1883 621 1922 eontra
636 1874 790 1924 seutentiam.
821 1874 890 1939 priua
906 1876 994 1939 posuit,
1006 1892 1054 1939 quo
1069 1877 1224 1941 pulchritudo
1241 1879 1321 1945 magia
1337 1880 1374 1927 ie·

232 1942 318 1992 Potius
332 1942 393 2004 ejice
408 1945 446 1990 ibo
463 1944 523 1997 biae,
539 1939 603 2002 quod
615 1939 727 1987 Donatus
741 1955 790 1989 uon
823 1940 907 1988 datur:
930 1956 961 1989 an
978 1942 1034 2004 quia
1049 1942 1118 2006 priua
1131 1952 1255 1993 torreatur
1267 1945 1373 1999 triticum.
1412 1972 1413 1993 ι

231 2006 431 2071 legimeridetur.
457 2006 579 2053 Ceterum
593 2002 639 2067 leg.
653 2006 792 2066 Comprime
822 2014 851 2052 ut
870 2006 939 2053 tundi
960 2007 1056 2069 poerit!
1086 2007 1120 2056 Ut
1135 2008 1204 2072 Virg.
1223 2010 1285 2057 AEn.
1298 2010 1314 2058 i.
1328 2010 1373 2059 lli.
1412 1994 1413 2039 l

232 2075 285 2121 luti.
305 2073 369 2120 Nam
389 2075 442 2129 luci,
458 2069 522 2133 quod
542 2078 580 2117 eat
597 2068 746 2127 adverbium,
763 2078 791 2117 ut
823 2071 856 2119 Et
867 2078 952 2119 tom
961 2076 1155 2133 poroatflammia
1166 2082 1190 2121 et
1193 2071 1373 2138 fingerem
1412 2090 1413 2121 ι

231 2141 300 2194 maai,
312 2129 385 2185 ‘extat
398 2136 424 2183 in
436 2136 488 2184 cod
501 2132 615 2191 Fabricii,
626 2144 653 2181 et
662 2134 697 2182 aie
708 2133 791 2183 laudat
823 2134 987 2185 D.—Faoilloe
996 2136 1152 2201 pieaafaati]
1168 2138 1274 2187 Homer.
1293 2140 1337 2187 Od.
1348 2135 1373 2186 ι’.
1412 2138 1413 2171 ³

232 2202 358 2251 Charisius
368 2217 400 2251 ex
408 2200 518 2249 Sisenna
541 2200 570 2247 B.
825 2198 864 2250 27.
884 2200 939 2261 *ppei
956 2204 1051 2259 καμινοῖ
1062 2200 1127 2251 icor:
1148 2211 1173 2250 et
1189 2218 1221 2252 ex
1238 2220 1271 2252 eo
1283 2204 1372 2253 Niretaa

265 2269 304 2316 56.
321 2270 370 2316 Fae
385 2264 420 2329 te]
438 2266 532 2314 Eodem
551 2263 625 2312 verbo
642 2263 727 2322 utitur,
745 2280 792 2327 quo
824 2264 935 2313 Choniat
953 2266 992 2314 nol
1008 2267 1067 2328 opat
1078 2270 1172 2326 καμινοῖ
1183 2267 1233 2317 icor
1246 2271 1276 2317 ὲιι
1286 2272 1329 2317 τοῦ
1337 2286 1372 2316 aa·

229 2331 386 2395 jamdudum:
411 2340 438 2379 ut
458 2330 565 2378 laborem
585 2328 616 2376 ad
636 2327 745 2376 letitiam
765 2344 792 2378 ee
823 2333 995 2387 monotaimus
1010 2330 1071 2394 πυρί.
1099 2333 1204 2396 Appone
1223 2343 1296 2397 atque
1307 2330 1374 2397 priori
1412 2334 1413 2363 ι

232 2396 399 2445 convertentia
414 2394 539 2443 ostendat:
556 2392 583 2441 id
599 2402 643 2447 ert,
655 2391 751 2442 elabora
764 2403 793 2442 ut
824 2394 913 2451 versui,
926 2395 961 2443 sic
974 2405 1003 2444 ut
1015 2395 1093 2460 priori
1104 2396 1176 2445 detur
1186 2406 1219 2457 ot,
1233 2408 1260 2448 et
1272 2416 1314 2462 que
1324 2412 1371 2462 pue

232 2462 267 2511 aia
284 2460 368 2510 hilaria
388 2461 449 2522 (Fae
466 2468 504 2508 te.-
520 2476 564 2507 aaa
582 2460 644 2505 dixit
659 2460 734 2513 litter
749 2462 791 2507 recl
821 2458 912 2507 teriori.
935 2461 963 2508 B.

231 2530 330 2583 elabora,
352 2533 379 2574 at
400 2541 447 2574 em
466 2528 541 2586 poesia
559 2526 647 2570 hilaria.
680 2522 790 2586 Uterque
854 2524 893 2572 61.
912 2525 1030 2587 Coquendo
1044 2530 1076 2574 ait
1085 2525 1151 2588 saro,
1167 2535 1191 2575 et
1206 2526 1322 2591 molendo]
1339 2527 1372 2573 Ne

230 2590 294 2651 lib).
317 2594 429 2640 Etirtam
443 2592 622 2652 psaltriarum
636 2589 692 2636 illue
705 2604 790 2636 mecam
822 2589 1026 2639 ameturacilitet.
1056 2594 1173 2654 Coquendo
1182 2594 1215 2640 ait
1218 2592 1288 2654 faro,
1300 2602 1369 2641 etar-

231 2654 447 2717 incommutata]
470 2654 534 2701 Vide
550 2652 658 2715 ringulae
677 2652 789 2715 syllabae,
824 2656 908 2702 hado.-
925 2655 1082 2719 preteriret]
1094 2655 1221 2706 ’Arddortr
1232 2669 1325 2707 octava.
1346 2656 1372 2703 D.

230 2720 336 2770 imbutae
345 2717 601 2768 amaritudinerustica
609 2726 681 2779 atque
689 2718 787 2781 agresti.
853 2720 891 2767 62.
908 2721 1008 2769 Meridie
1024 2719 1086 2784 ipro]
1103 2722 1184 2775 Quum
1197 2722 1236 2770 sol
1248 2724 1370 2771 vehemen-

231 2786 296 2834 Nam
307 2790 375 2834 irtam
390 2784 472 2832 odium
489 2782 616 2846 signifieat.
645 2784 787 2831 reatinam.-
820 2781 867 2831 tior
883 2794 927 2833 est.
962 2784 995 2833 Et
1014 2800 1102 2833 nomen
1124 2785 1181 2834 ierit
1202 2787 1233 2835 de
1257 2785 1368 2837 adverbia

230 2851 329 2900 Saeritia
345 2850 371 2899 in
389 2850 486 2898 nomine
502 2858 547 2906 eat,
558 2862 631 2909 quam
646 2846 795 2912 deliciorum¹
818 2850 1243 2914 Mertdtemdixenrntvetereaquaai
1253 2854 1370 2905 murtea
1412 2842 1413 2931 l

230 2924 340 2980 oportet:
358 2924 389 2972 et,
401 2932 447 2962 aaa
456 2930 556 2962 meram:
573 2927 645 2979 quam
656 2928 712 2959 cum
726 2912 784 2963 ado·
817 2929 831 2958 r
846 2928 891 2977 pro
907 2918 924 2962 d
938 2914 1024 2978 potito.
1039 2925 1138 2980 propter
1153 2918 1323 2980 cognationem
1333 2916 1370 2963 ha·
1412 2936 1413 2979 ι

230 2980 377 3031 leaoentibua
389 2994 441 3028 erae
457 2988 617 3027 convenerat:
634 2986 659 3025 et
667 2979 740 3025 idae:
757 2978 789 3028 ad
819 2978 1141 3029 rumioterselitterarum.
1173 2982 1367 3046 (tcmptam-
1412 2980 1413 3055 l

229 3061 302 3109 quem
312 3045 392 3093 lorum
402 3043 527 3107 paulu-iam
538 3057 620 3091 aarum
633 3040 670 3089 ire
680 3042 787 3107 oompel·
819 3043 890 3106 ligat]
900 3044 972 3098 Quod
983 3047 1029 3094 aub
1039 3046 1090 3093 sole
1101 3046 1153 3094 fleri
1165 3062 1267 3097 neoease
1278 3056 1320 3096 est
1341 3046 1368 3092 D·
1412 3058 1413 3099 l

229 3109 266 3157 lit.
284 3108 380 3158 Deinde
392 3124 424 3157 ne
434 3108 473 3157 vel
484 3110 511 3156 in
520 3107 609 3155 itinere
619 3122 692 3171 poena
700 3117 786 3167 cesset,
852 3110 891 3156 68.
905 3112 960 3157 Tam
972 3119 1083 3159 areoetom
1095 3114 1195 3169 reddum,
1208 3107 1368 3176 etquattuor]

229 3173 785 3235 eumfilioiboiiac,inquitillomoeroobrtro-
818 3172 947 3223 ’ἰδιωτικῶς
962 3174 1027 3223 dixit
1041 3178 1142 3233 reddum,
1159 3192 1204 3240 pro
1212 3175 1309 3237 suriam.
1339 3174 1367 3221 m
1412 3140 1413 3233 l

128 3263 131 3268 ⁴
229 3242 287 3287 bora.
306 3239 370 3287 Num
381 3236 786 3300 iliaceoanimodixitquoaupra‚
818 3238 1215 3296 excoctamadteouitatemeioeati
1224 3242 1366 3301 coloriststo
1412 3248 1413 3269 ³

229 3307 267 3351 ibo
282 3308 341 3351 biae.
369 3303 401 3350 Et
418 3312 520 3366 apparet
535 3301 784 3363 illumquaaimouci·
818 3306 891 3352 euntia
907 3307 994 3362 rotoma,
1010 3304 1087 3354 Hadr.
1105 3306 1162 3354 Juu.
1185 3306 1268 3363 Forte,
1284 3310 1365 3354 amatia

229 3368 297 3433 pium
317 3367 445 3415 ducturum
462 3367 575 3431 puellum,
594 3381 644 3413 uon
662 3376 690 3414 ut
705 3366 783 3415 fidici-
816 3368 950 3431 euticem:
967 3378 1049 3426 atram
1061 3371 1092 3419 ad
1101 3370 1207 3419 colorem
1218 3371 1309 3421 retulit
1339 3367 1366 3415 Et

229 3447 293 3481 nam.
315 3432 447 3495 D.-Lege
463 3446 494 3479 ex
513 3431 590 3479 tribua
606 3431 703 3489 nostrie,
721 3436 781 3481 ttto-
814 3431 870 3481 vide
881 3448 952 3495 quam
963 3450 1056 3499 aspera,
1068 3450 1186 3499 quamque
1197 3436 1294 3499 ingrata
1309 3434 1365 3482 elau-

228 3506 313 3546 unte
322 3496 385 3559 sace.
411 3497 439 3544 B.
818 3497 871 3551 aula
887 3498 985 3561 aitqua
1001 3497 1365 3550 taeridicieeniafinituroratio

261 3563 300 3614 57.
312 3564 402 3610 Met-um
412 3565 465 3609 triae
475 3560 619 3622 absuntam]
641 3561 698 3608 Non
709 3562 785 3610 abdu-
819 3562 933 3611 D.—Pro
946 3567 1023 3625 placet
1039 3565 1121 3613 malim
1136 3568 1234 3627 plaoots
1268 3576 1295 3615 ut
1309 3574 1363 3625 προ

228 3642 299 3676 cam:
315 3628 358 3675 red
371 3626 436 3689 quod
452 3624 785 3680 eeteaerieutinabatraham.
817 3627 1122 3693 alibihoeopermutantur.
1148 3630 1176 3678 B.

228 3691 383 3756 Pagaoaerit]
405 3692 521 3754 Magnam
545 3706 598 3737 rem
617 3690 709 3739 fecerim
745 3692 785 3741 Sic
850 3692 1364 3758 64.P1aeet,m0mutvtamnpm]rtor

228 3757 345 3814 Lucilius,
361 3759 716 3819 Variaas,oroeii‚etmugama
724 3774 785 3821 pag·
818 3757 974 3806 contradicit:
999 3757 1068 3807 timet
1084 3760 1149 3808 euim
1161 3776 1254 3819 suasor,
1267 3776 1296 3808 ue
1310 3754 1361 3805 leti·
1412 3790 1413 3799 t

227 3826 446 3884 awtmpagaom.
470 3821 501 3868 D.
818 3820 877 3869 tiam
894 3836 977 3872 rursus
1010 3833 1107 3872 revocet
1118 3824 1148 3871 ad
1156 3826 1273 3889 jurgium
1299 3826 1361 3881 Atqu

252 3885 785 3950 asagopactoprormmttttcatttgartefittum]
818 3840 1360 3950 equidemfiliomlNoueolumeuadetlatitiamt
1412 3954 1413 3957 Ἴ

229 3954 291 4001 Huc
301 3968 357 4001 cum
368 3951 420 4000 riau
429 3949 489 3999 dicit
501 3949 585 3997 Micio.
614 3950 648 3998 Et
659 3953 739 4013 ligore,
750 3961 787 3999 est
820 3952 863 3999 aed
874 3952 948 4000 etiam
959 3952 1039 4001 ridere
1051 3954 1117 4017 cogit
1125 3953 1238 4003 invitum.
1264 3956 1292 4003 D.

226 4017 327 4079 injicere
338 4015 411 4065 alicui
421 4015 525 4063 vincula.
553 4015 615 4069 Quis
627 4030 684 4063 vero
695 4014 784 4064 dicitur
848 4018 887 4064 65.
910 4020 961 4065 Uno
976 4018 1055 4082 rubet]
1072 4018 1101 4067 V.
1114 4020 1142 4069 C.
1155 4024 1259 4068 euariilu
1269 4028 1358 4067 tutet·

226 4086 322 4145 otttgort
332 4081 363 4129 ad
372 4080 470 4143 aliquid,
479 4079 532 4128 eine
543 4095 591 4142 quo
602 4094 656 4128 eoae
666 4095 716 4128 non
727 4096 783 4143 poa·
817 4082 859 4130 bet.
879 4082 989 4130 D-Pro
1000 4100 1074 4145 cogas,
1085 4100 1140 4132 eum
1167 4083 1297 4134 recmaerit
1306 4080 1358 4143 equi·

226 4147 278 4195 riti
307 4148 373 4209 Ergo
394 4144 493 4210 proprie
513 4144 544 4193 ad
565 4145 667 4193 amicam
690 4144 784 4208 alligari
816 4148 873 4201 dem,
885 4147 1140 4197 reetemeliorealibri
1149 4100 1355 4212 intentcogoob

225 4212 403 4260 adolescentem
423 4210 488 4259 dixit
504 4218 643 4258 amatorem.
676 4212 785 4259 hortum
817 4226 838 4259 e.
850 4226 960 4275 cogerem
972 4212 1138 4277 aiessoeaaem
1150 4223 1184 4263 tu.
1209 4216 1237 4263 B.

226 4285 398 4332 autemcerte,
409 4287 483 4332 reete,
495 4290 523 4323 ae
534 4290 591 4323 vere
602 4274 730 4337 siguificat.
749 4276 780 4324 D.
846 4276 884 4325 66.
902 4280 1019 4326 Deridet?
1028 4276 1169 4340 fortunatus,
1186 4284 1226 4342 qut
1238 4276 1357 4327 aream
1412 4332 1413 4339 ἵ

225 4341 325 4403 -uoge
334 4340 465 4388 eumcodd.
478 4349 503 4387 et
514 4340 612 4389 Donato
622 4343 659 4389 itti
670 4356 714 4404 pro
725 4343 781 4399 tute.
814 4340 872 4404 tier]
891 4342 946 4391 Hoc
962 4343 1064 4391 verbum
1078 4343 1147 4391 vultu
1160 4343 1353 4403 uemeaempm
1412 4340 1413 4431 l

225 4403 403 4464 adverbialiter,
414 4404 430 4453 i.
443 4420 464 4453 e.
475 4421 536 4452 rare.
561 4404 589 4452 B.
816 4405 899 4465 fertur,
911 4416 940 4455 ut
949 4407 1076 4457 subrioiaao
1089 4406 1199 4459 videatur
1210 4408 1302 4459 invitm
1316 4397 1354 4448 Sti
1412 4472 1413 4477 ¹
