2834 4759
14 196 139 242 sess.
156 174 226 260 nt]
469 170 744 240 rnonuro.

60 309 165 376 Nam
180 310 213 374 ni
225 311 273 376 ita
285 330 360 375 erun
373 309 618 387 existimassem,
631 328 796 394 nunquam
811 318 877 375 tam
890 310 1008 395 gravis,

61 409 128 474 Ob
145 408 245 487 hanc,
259 409 439 475 inimicitias
453 430 602 494 caperem
616 407 650 472 in
663 418 807 473 nostram
822 407 983 486 familiam,

63 507 188 581 Quam
202 508 229 571 is
243 518 436 592 aspernatur
451 518 617 573 nunciam
631 504 841 571 illiberaliter.

13 619 47 666 25
62 606 140 670 Gr..
160 605 292 691 Pergin’
306 605 388 671 hero
402 607 530 671 absenti
542 605 625 671 male
637 604 738 691 loqui,
752 604 989 693 impurissime?

60 704 305 867 Pu.I})igp}um
319 717 427 770 autem
441 704 504 770 hoc
516 704 572 771 illo
586 715 648 770 est.
693 705 761 770 Gn.
785 704 860 769 Ain'
883 702 1033 781 tandem,
1048 702 1183 768 carceri

178 824 211 867 a.
264 814 327 868 eta.

62 902 138 966 Gn.
158 900 328 965 Bonorum
342 912 500 980 extortor,
514 901 621 987 legum
634 912 809 967 contortor.
848 901 915 966 Da.
933 900 1031 965 Geta.

62 999 136 1065 Pa.
163 998 358 1085 Responde.
404 1000 471 1065 Ga.
496 999 580 1074 Quis
602 999 699 1065 homo
720 1002 795 1065 esti
832 999 948 1067 ehem!
993 999 1060 1063 Da.
1081 996 1183 1063 Tace.

138 1097 214 1163 Gs.
229 1098 370 1164 Absenti
383 1099 444 1163 tibi

63 1198 122 1263 Te
137 1198 305 1283 indignas,
321 1219 421 1283 seque
436 1197 551 1282 dignas
566 1198 776 1264 contumelias

20 1394 114 1444 irrides
122 1410 168 1443 me
177 1402 204 1442 et
212 1408 283 1443 rocas
291 1392 415 1442 licuerit:
432 1392 460 1441 it.
469 1392 560 1441 Hesus
567 1391 593 1442 ii.
626 1394 715 1443 cebant
726 1391 825 1455 scotera,
843 1392 864 1443 si
884 1390 938 1456 quis
954 1390 1098 1441 excessisset
1114 1405 1187 1439 omne

23 1461 45 1506 1.
59 1462 82 1507 8.
95 1477 142 1508 saa
157 1476 212 1523 qao
228 1466 310 1507 narrat
319 1456 445 1520 socians!
461 1457 498 1506 Ct
515 1456 593 1506 Pleut.
625 1473 704 1522 genus
719 1457 838 1507 maleficii.
863 1457 903 1506 Sic
921 1457 947 1505 iu
958 1455 1084 1521 Adelphis,
1095 1452 1187 1518 sactum

23 1524 98 1573 Truc.
111 1523 139 1573 ii.
154 1526 179 1572 2.
191 1526 230 1572 28.
244 1522 307 1576 Quos
318 1532 344 1571 ts
358 1525 463 1572 milam
472 1525 529 1571 sss‘iss'
538 1538 594 1571 scr·
626 1540 642 1571 c
652 1526 714 1571 soils
725 1526 821 1580 duriter,
833 1524 1102 1583 immisericorditerqusr
1118 1528 1187 1584 atque

22 1594 84 1637 ras?
101 1592 146 1639 eos
157 1606 239 1637 usses
248 1591 313 1636 neda
318 1588 408 1651 senisu
419 1596 454 1636 sst
464 1590 489 1635 irs
499 1590 594 1636 adiisse.
626 1591 702 1646 etiem,
714 1589 1007 1650 suessionensium
1017 1590 1091 1650 magis
1101 1593 1187 1647 aperte,

24 1654 120 1702 Sensus
140 1654 222 1717 igitur
241 1653 317 1701 nostri
334 1652 380 1701 loci
396 1662 446 1701 est:
465 1651 535 1709 Vide,
552 1668 594 1699 co·
625 1654 778 1701 illiberaliter.
802 1652 879 1701 Vides
895 1667 962 1700 more
978 1650 1096 1713 αὐξήσεως
1110 1653 1186 1699 illibe-

24 1718 83 1779 gisa,
96 1734 174 1782 quarn
195 1717 463 1782 ialsaetrepugnantis
480 1715 596 1765 fabuleris
626 1721 708 1766 raliser
729 1732 775 1781 pro
801 1732 889 1781 magon
916 1716 957 1765 hic
981 1716 1095 1765 ultimum
1118 1715 1187 1780 poni.

24 1782 55 1829 de
67 1784 156 1846 ts,'qui
168 1784 248 1832 istum
264 1782 344 1831 virum
355 1782 474 1847 optimum
489 1796 540 1829 uon
558 1780 595 1829 vi·
628 1782 660 1831 D.

25 1847 91 1904 disti,
104 1850 132 1896 et‘
142 1848 176 1896 de
188 1851 237 1904 ilic,
249 1847 290 1911 qui
301 1846 340 1895 vir
354 1847 461 1911 optimus
476 1861 525 1894 non
542 1846 595 1894 init.
661 1844 802 1910 25.ngin'
812 1843 1186 1908 hmaisestimcleloqus'J'Ard-

27 1912 164 1974 Sequentia
172 1922 284 1961 noemam
294 1911 519 1975 interpretationem
528 1926 595 1959 com·
629 1920 734 1974 crpcpcr
750 1927 795 1975 per
812 1910 957 1975 repirtscu.
980 1912 1045 1959 Mais
1062 1913 1129 1973 loqui,
1141 1925 1187 1974 pro

27 1979 132 2039 probare
143 1976 271 2028 videntur.
288 1978 409 2025 Ceterum
417 1976 596 2025 illudinesse.
628 1978 778 2025 maledicere.
803 1976 837 2025 Et
850 1976 936 2053 quaerit
948 1975 1049 2033 Probus,
1078 1974 1115 2023 uis
1130 1983 1188 2023 ants

28 2042 92 2102 quod
105 2042 239 2094 Bentleius
246 2041 318 2155 lpersei
353 2076 359 2098 ,
376 2039 446 2089 facile
462 2039 526 2089 ierre
538 2056 596 2105 pos-
628 2040 772 2089 Tereutium
786 2039 882 2089 disent
905 2042 969 2089 Herc
979 1990 1081 2102 cismuiq]
1094 2042 1188 2103 Arguta

28 2120 120 2165 sumus,
132 2106 194 2171 quia
205 2107 233 2155 in
282 2108 329 2155 mh
340 2116 413 2155 estet.
435 2107 463 2155 Z.
628 2108 797 2155 hoeouisesffi
813 2114 841 2153 ut
852 2106 962 2154 rideatur
973 2104 1074 2162 fidelior,
1085 2103 1127 2166 qui
1144 2103 1187 2152 de·

60 2174 100 2219 22.
112 2175 179 2221 Num
198 2175 227 2221 ssi
242 2176 278 2219 s'tc
294 2188 344 2219 een
364 2170 539 2235 existimassem]
561 2170 598 2219 Ut
627 2169 712 2219 iendm
731 2171 868 2219 absentemr
894 2170 959 2233 quod
980 2180 1098 2233 prsestsns
1114 2183 1187 2231 argu·

29 2234 79 2283 rita
97 2237 223 2285 orimum
241 2236 383 2299 judicarem.
409 2237 533 2299 Nunquam
550 2244 597 2285 tera
628 2245 738 2285 mentum
750 2245 793 2293 est,
805 2234 866 2282 idin
882 2234 963 2283 enimc
976 2234 1089 2283 habuisse
1100 2234 1190 2281 Getam

28 2315 109 2361 greces
139 2302 197 2351 lloc
209 2316 259 2349 uon
271 2300 338 2363 qussi
355 2300 597 2363 timidussedquasi
628 2300 702 2349 etism
731 2298 1000 2363 eregrinsntedomino.
1018 2297 1187 2361 impurissime]

30 2364 159 2427 religiosus
170 2377 198 2415 et
209 2364 290 2415 fidelis
300 2365 407 2429 loquitur
418 2363 540 2415 Phormio.
564 2366 596 2414 D.
630 2316 820 2428 improbissime.
842 2364 874 2412 D.

32 2433 189 2495 ——Nssqeass
205 2440 253 2481 tass
265 2429 362 2493 graues]
380 2430 436 2479 Nisi
451 2430 525 2479 talem
540 2464 547 2478 .
564 2464 572 2479 .
588 2464 596 2479 .
662 2430 701 2477 26.
719 2432 820 2493 Dignum
831 2436 906 2477 estem
917 2431 957 2476 hoc
967 2426 1061 2491 illaesi]
1074 2428 1131 2476 Non
1142 2442 1187 2476 ns-

33 2492 224 2545 rirumcrsdere
235 2495 597 2560 puellaepstrempropteresm
628 2504 671 2558 gat
689 2494 778 2542 malel
810 2494 853 2543 ni:
882 2493 925 2542 sed
945 2493 991 2541 hcc
1013 2508 1066 2541 esee
1087 2492 1189 2556 dignum

33 2571 83 2619 pu·
99 2594 107 2608 .
122 2595 131 2609 .
149 2560 241 2625 .(Niss'
252 2565 310 2609 essin
321 2564 473 2609 tabescimus
484 2562 595 2608 credidis-
629 2558 789 2607 contenditm
814 2558 946 2607 chomine.
974 2556 1043 2620 Ais']
1057 2556 1188 2633 'Ariaspe-

35 2638 78 2669 m
90 2628 175 2686 pauo
193 2634 293 2688 patrm
306 2634 401 2687 propter
414 2640 465 2673 sess
483 2641 597 2687 meses
629 2633 675 2686 pos
690 2633 749 2672 ncta
764 2634 809 2680 est,
823 2638 877 2687 quer
892 2632 1012 2687 separate
1027 2624 1057 2671 ab
1071 2640 1095 2678 rs,
1107 2632 1132 2671 et
1147 2638 1187 2670 m-

36 2686 75 2748 Z.)
94 2690 156 2739 tales
176 2690 320 2739 inimicitias
338 2704 458 2754 caperem,
479 2690 596 2738 adsersus
627 2688 732 2737 termitit
747 2706 758 2737 s
774 2688 851 2737 litere
866 2700 969 2736 sonum:
990 2696 1028 2735 est
1042 2686 1107 2735 enim
1124 2688 1188 2735 inte-

35 2750 157 2803 dominum
170 2766 250 2813 tuum,
259 2754 284 2803 in
296 2754 412 2803 familiam
424 2770 510 2803 meum.
532 2754 596 2803 lt.-
627 2768 699 2816 grum
709 2756 793 2802 simei
815 2753 870 2801 Ain'
883 2756 993 2801 tandem!
1009 2752 1118 2815 cursori]
1129 2752 1188 2801 Non

36 2814 107 2865 Liber
118 2819 206 2869 Berob.
218 2821 293 2869 babet
304 2822 366 2869 Ncss
376 2822 402 2867 ssi
411 2837 461 2868 ears
476 2836 524 2868 esse
534 2823 595 2867 esis-
627 2822 787 2874 cmcsrcss‘sss,
799 2816 842 2866 sed
853 2833 966 2866 carcerem
980 2816 1089 2881 asperius
1103 2816 1187 2881 appel-

37 2882 153 2944 lisscssers.
171 2885 303 2941 litamine.
316 2884 395 2933 saleru.
415 2884 526 2932 Donatus
537 2898 597 2932 sane
627 2883 703 2932 lavit:
721 2882 756 2931 sic
769 2882 885 2940 Lucilius,
897 2884 1188 2943 Gmcsrnicearceredig-

36 2942 337 3013 legitsxistissoemuod
348 2948 595 3012 magissideturccn-
627 2966 677 2996 aas.
712 2947 746 2995 Es
761 2950 799 2996 sir
814 2962 860 3011 pro
875 2964 925 2995 nos.
955 2946 1069 2995 D.-Prc
1090 2948 1188 3004 ἐσπάθα,

37 3010 583 3142 ’”ἓῗ“ο“ἴΐ...“ἴ’ί·ῗ.ἷ.ἷ.ῗ.ῗ.ἶὲ.....ῑ....
628 3010 1188 3142 ἓῖἓὲ.ἵὲζῖ.ἷὲ“ἷ.ξ.ἱ.”“ῗ“ᾱ”ᾒά“’”“

38 3135 87 3195 lier.
104 3142 202 3207 deque
222 3144 253 3193 lis
273 3095 324 3199 esis
351 3144 388 3192 sic
407 3142 597 3191 demonstrativa
661 3139 1188 3217 27.aamercornr]1ngeniosedeipso

38 3204 153 3263 particula
164 3224 225 3258 usus
235 3208 461 3257 estdicendolscssc.
482 3206 596 3270 Obbane]
629 3206 727 3270 negorio
743 3215 801 3255 sunt
816 3205 916 3254 invente
930 3204 1046 3254 convicia.
1074 3207 1189 3255 Bonorum

41 3264 69 3313 ld
83 3280 126 3327 est,
137 3288 183 3336 pro
201 3272 254 3323 lilia
269 3273 354 3337 ipsius.
377 3276 516 3322 Inimicitias
529 3289 596 3335 caps·
629 3280 736 3329 exterior,
759 3274 833 3334 legum
855 3269 979 3334 contortor]
997 3269 1079 3333 Fingit
1093 3270 1129 3318 illi
1140 3271 1194 3320 cri·.

38 3332 95 3395 m]
116 3338 204 3399 capere
224 3338 335 3396 dicimus,
351 3352 426 3401 quum
442 3338 468 3385 id
486 3338 551 3401 quod
570 3337 597 3386 iu
629 3336 737 3386 minsde
748 3350 828 3393 causs,
840 3336 906 3384 etde
920 3335 1024 3399 negotio.
1048 3334 1189 3385 D.-Bcnc-

40 3397 157 3460 nobisess,
166 3402 321 3461 assumimus,
331 3403 396 3451 unde
406 3420 486 3465 capere
496 3418 542 3467 pro
552 3401 597 3451 cli·
628 3418 679 3450 ress
689 3400 803 3464 extortor]
816 3400 931 3449 Priscian.
944 3400 984 3450 lib.
996 3400 1029 3449 ir.
1054 3402 1082 3449 1..

40 3462 114 3518 gendo
135 3468 244 3530 ponitur.
267 3467 383 3517 D.-Pro
404 3477 511 3524 nestram,
533 3467 599 3530 quod
662 3469 701 3515 28.
718 3464 849 3529 Repende]
867 3464 961 3515 Timuit
971 3476 1050 3530 poete,
1063 3480 1093 3514 ne
1104 3465 1189 3529 hsrjus·

56 3522 143 3597 istique
159 3533 238 3582 nostri
254 3533 352 3592 babent,
365 3534 449 3581 Bemh
461 3543 486 3582 et
496 3531 539 3581 slii
554 3548 598 3581 es·
630 3532 695 3579 modi
712 3531 852 3580 vociferatio
869 3532 945 3588 Gerre,
960 3528 1029 3592 quasi
1041 3546 1124 3579 rerem
1139 3530 1190 3579 dis·

66 3589 235 3647 bentsoesrm
260 3598 288 3647 B.
630 3596 737 3645 cordiam
754 3596 818 3660 apud
833 3594 950 3659 populum
964 3596 1081 3657 fingerem
1099 3593 1194 3645 etideo

73 3655 108 3703 Ἀ
121 3658 194 3713 stss
210 3666 233 3712 s's
246 3660 395 3725 aspernetur]
414 3662 481 3712 Ordo
497 3672 548 3711 est:
566 3662 597 3711 ob
628 3662 688 3710 iacit
699 3664 750 3723 jsrn
767 3677 782 3709 s
799 3660 946 3708 Phormione
962 3659 1041 3723 ipsum
1057 3660 1190 3709 admoueri.

43 3714 101 3767 hwe
127 3740 199 3786 quarn
222 3727 262 3776 bic
285 3739 442 3791 aspernetur:
471 3724 596 3776 ἀτόδοσωε
632 3725 689 3780 st's
704 3729 767 3774 homo
783 3724 852 3788 esti]
874 3724 940 3773 Mire
962 3738 1047 3772 servus
1068 3723 1146 3781 linxit,
1164 3740 1191 3774 ss

45 3794 106 3839 lm
122 3790 186 3838 enim
203 3807 279 3856 suprs
290 3791 362 3856 (enias
377 3796 410 3840 cd
425 3794 543 3855 superiora
556 3790 597 3853 Z.)
629 3806 679 3839 non
691 3790 781 3839 vidisse
793 3804 890 3837 senem
908 3796 935 3837 ut
947 3804 975 3837 ea
986 3804 1040 3852 quse
1055 3788 1152 3847 dixerit,
1163 3790 1191 3838 in

44 3852 165 3912 imcutit,
173 3857 318 3921 adpuellsm
326 3858 445 3905 referens:
456 3868 491 3914 ut,
497 3856 596 3904 AEn.iv.
631 3856 803 3904 Phormionem
814 3854 908 3902 sincere
920 3852 1011 3903 dixisse
1022 3852 1140 3901 credatur.
1158 3854 1193 3902 Iit

45 3907 96 3986 3⁵53
108 3914 255 3985 Qscnregso
262 3920 482 3984 Hesperiaesrcede.
502 3922 534 3969 Et
543 3922 598 3969 Ssl-
629 3919 691 3969 rairs
708 3918 901 3968 dissimulatione
915 3916 1008 3967 eddidit
1018 3920 1098 3965 herm
1116 3927 1143 3966 nt
1153 3918 1190 3965 ri·

45 3969 139 4051 lunas:
154 4000 207 4033 nass
217 3990 287 4050 spite
302 3990 475 4035 minuissem
490 3989 597 4035 audebat
630 3986 717 4033 destur
735 3982 796 4033 nihil
814 3983 845 4032 de
864 3981 994 4046 presentis
1014 3980 1106 4030 domini
1125 3982 1194 4047 cogi·

46 4032 78 4084 Et
92 4050 240 4110 mtstl'psrsitis
256 4051 407 4114 quibusdam,
425 4068 496 4114 seque
510 4060 545 4099 est
561 4049 601 4113 osi
629 4062 701 4099 tasse.
738 4051 835 4097 Absenti
854 4046 909 4109 stit]
930 4048 999 4095 Tunc
1020 4045 1098 4094 fidelis
1119 4062 1194 4111 cpsrs

40 4097 115 4157 sm
125 4113 295 4165 dominationem
306 4119 383 4179 Sylla.
402 4119 476 4168 θεας
487 4120 507 4165 is
518 4132 597 4178 asper·
630 4124 674 4171 est,
681 4114 703 4162 si
713 4114 800 4162 absens
809 4111 897 4175 uliquis
905 4111 1061 4161 defendetur:
1079 4111 1125 4160 hoc
1134 4128 1193 4189 erpo

47 4174 176 4246 Quae
191 4187 238 4229 turs
252 4180 410 4243 iutierctiter]
423 4184 551 4242 Aspersart
560 4189 599 4229 est
630 4180 766 4235 confirmat,
775 4176 987 4227 velutindicnndo.
1006 4176 1046 4225 Sic
1055 4176 1081 4225 iu
1090 4176 1193 4237 Andria,

47 4240 124 4293 ”ems
135 4253 183 4290 uon
193 4245 272 4295 solum
282 4261 391 4310 corpore,
402 4245 446 4295 sed
460 4245 534 4294 etism
545 4245 599 4294 ani·
634 4246 767 4301 ocrem,
778 4258 820 4305 prr
835 4250 921 4305 espm
935 4243 973 4291 hic
987 4244 1086 4300 duris,
1101 4245 1193 4293 wecel·

47 4304 90 4342 Μ
114 4304 245 4368 Amori,
266 4325 387 4368 masne,
409 4321 526 4369 avertere,
549 4325 600 4359 nou
633 4317 664 4359 ta
686 4308 718 4357 D.

49 4368 176 4435 'iimre-
202 4374 249 4424 list
264 4386 347 4426 sutem
363 4375 456 4425 dietum
471 4390 487 4424 s
501 4390 599 4439 sperno.
669 4376 708 4423 22.
728 4374 800 4436 Seque
821 4374 904 4436 dignas
926 4371 1084 4436 metensiias]
1101 4372 1133 4422 Id
1149 4381 1194 4433 est,

49 4418 200 4501 mse]
215 4440 598 4510 spusveenruurunnn
630 4436 940 4551 menapenses.
963 4436 994 4485 n.

790 4518 806 4550 ll
