2834 4759
218 192 284 259 412
663 186 942 255 TERENTII
1219 187 1338 271 [Aenus
1353 210 1374 251 1.

307 326 415 401 Quam
431 336 552 402 ennete,
569 335 606 389 ut
620 324 724 409 quiris
739 322 832 388 facile
846 332 960 407 posset
970 322 1115 399 credere,

278 438 293 484 ι
305 424 484 509 Nunquam
498 422 552 487 ille
566 424 638 487 vive
651 423 826 487 ducturum
840 444 975 487 uxorem
990 422 1131 487 domum.

305 523 411 588 Hem!
434 523 539 587 duxit.
578 522 637 586 Sr.
654 521 747 607 Ergo
761 532 938 606 propterea
951 533 984 586 te
1001 519 1115 586 sedulo

306 621 354 686 Et
368 643 494 697 moneo,
510 631 543 684 et
557 620 682 698 hortor,
699 642 740 684 ne
755 621 947 706 cujusquam
960 622 1121 698 misereat,

305 720 396 793 Quin
413 719 542 804 spolies,
558 717 697 797 mutilcS,
714 718 849 792 lacereS,
865 741 1057 803 quemquem
1072 728 1168 783 nacta
1183 719 1240 783 sis.

306 818 370 882 Pn.
387 816 477 881 Utin’
491 818 643 882 eximium
657 818 814 882 neminem
828 818 988 882 habeam?
1018 816 1079 881 Sr.
1095 816 1288 883 Neminem:

263 930 294 977 ro
306 916 394 981 Num
407 938 501 981 nemo
516 914 643 980 illorum
656 918 838 1001 quisquam,
855 916 947 993 scito,
963 916 1005 979 nd
1019 926 1052 979 te
1067 918 1164 993 venit,

305 1016 396 1089 Quin
409 1017 455 1079 ita
467 1026 561 1100 paret
576 1038 624 1093 ee,
637 1016 696 1079 abs
713 1026 746 1079 te
762 1027 798 1080 ut
812 1014 976 1080 blanditiis
992 1006 1070 1093 suis,

219 1154 333 1201 Messene
343 1155 421 1199 citum.
450 1150 519 1214 Virg.
532 1150 584 1199 Ecl
597 1150 647 1199 viii
661 1151 700 1199 69.
720 1154 777 1199 Car·
813 1150 960 1200 Imminuue:
979 1151 1044 1200 unde
1060 1151 1206 1199 mutilidicti
1221 1152 1376 1207 sunthoven,

218 1218 701 1278 uiuuuelcoeloprrruutdedueerelrmrri.
728 1216 779 1263 Aut
811 1226 854 1264 eut
864 1216 940 1281 cupri,
952 1217 1005 1265 uine
1016 1216 1138 1265 cornibus.
1172 1216 1237 1264 Nam
1250 1216 1324 1274 male,
1337 1218 1376 1279 qni

219 1285 261 1339 uei,
274 1289 300 1329 ut
316 1281 395 1329 modo.
429 1283 529 1330 durabat
544 1285 632 1344 quoties
647 1283 779 1329 Bacchidi!
811 1298 827 1329 n
848 1285 921 1329 multu
942 1292 1030 1345 putent
1051 1281 1115 1329 dici:
1139 1291 1163 1329 et
1179 1280 1237 1329 inde
1259 1283 1378 1329 Mulciber

217 1364 286 1409 quur·
301 1344 410 1408 murtei]
428 1346 488 1395 ’Irin
502 1356 577 1394 eunt:
595 1346 660 1409 quod
669 1346 779 1408 jurabat,
812 1346 945 1404 Vulcanus,
957 1346 1022 1409 quod
1037 1346 1070 1394 eit
1086 1346 1212 1394 mutiletur
1224 1361 1255 1394 uc
1272 1346 1376 1394 debilis:

219 1423 246 1460 et
260 1414 392 1474 quadrent
407 1428 475 1473 quum
490 1418 575 1459 mucre.
608 1411 681 1465 Quod
698 1420 777 1459 totum
810 1411 835 1461 id
852 1422 897 1470 eut,
914 1411 1021 1459 claudus.
1056 1412 1121 1459 Num
1141 1410 1242 1475 proprie
1258 1414 1379 1459 Mutuus·

218 1477 250 1525 de
266 1486 480 1525 moreumntorum
493 1485 519 1524 et
534 1475 690 1524 meretricum
706 1475 777 1533 dixit,
810 1476 890 1524 dictus
906 1486 950 1533 est,
966 1476 1030 1538 qnod
1052 1475 1135 1523 omniu
1156 1476 1270 1531 mulceat,
1287 1476 1317 1523 iu
1334 1486 1376 1533 mr,

218 1558 273 1605 quae
288 1541 444 1603 jurejurando
459 1549 566 1598 teneruit,
583 1556 644 1603 quor
657 1540 711 1603 lege
728 1556 778 1588 non
810 1540 942 1589 mollirtac
955 1540 1043 1589 vincat
1068 1539 1376 1603 1).-uerr·ur]}tocre,

217 1604 778 1670 pmuneD.-Vetrt01³rupunr]vueuarr
810 1606 902 1654 debiles
912 1605 1007 1654 reddre.
1033 1605 1104 1653 Unde
1114 1605 1191 1661 aiunt,
1202 1604 1268 1667 quod
1280 1605 1379 1655 dandus

217 1670 347 1735 rigniflcet.
382 1670 424 1727 Ut.
442 1670 511 1733 virg·
528 1670 581 1717 Ecl
599 1670 648 1718 viii.
662 1670 700 1718 69.
720 1672 778 1718 Cur-
811 1670 844 1718 eit
855 1670 987 1729 Vulcanus,
999 1670 1057 1719 inde
1072 1670 1163 1719 dictum
1176 1685 1284 1718 esseres
1297 1671 1378 1719 virilis

217 1738 328 1785 mirum!
337 1737 392 1784 coelu
404 1744 499 1796 pereunt
510 1737 620 1783 deducere
631 1738 716 1783 lunum
739 1735 769 1783 Ε.
810 1734 893 1798 posuit
908 1735 996 1783 mulier
1014 1735 1084 1795 (quod
1099 1738 1194 1783 eliudur
1210 1739 1243 1783 rit
1259 1736 1376 1783 Vuleoerr

250 1802 274 1849 4.
296 1800 328 1849 Ut
337 1799 424 1863 qur'er'e]
437 1800 495 1849 Non
511 1800 583 1848 modo
600 1800 712 1857 Becchie,
725 1815 779 1863 quae
810 1804 886 1849 dictur
900 1804 974 1862 poetis
986 1802 1118 1861 Mulciber).
1151 1801 1310 1862 Qrmnrqnem
1328 1800 1377 1849 illie

217 1864 296 1915 amica
306 1875 366 1913 eret.
389 1865 421 1913 D.
810 1864 914 1927 intelligi
931 1875 1019 1929 potest.
1037 1865 1101 1928 quod
1117 1865 1200 1913 omniu
1216 1864 1335 1923 mulceat.
1354 1878 1380 1913 et

251 1931 274 1978 t.
291 1932 414 1992 Nunquam
429 1932 471 1978 illu
481 1932 533 1977 mue
543 1932 664 1978 ducturum
674 1928 778 1991 uxorem]
811 1930 894 1977 mollin
902 1931 958 1993 igne
967 1929 1046 1977 faciet.
1066 1930 1240 1979 R-Frcmm
1247 1932 1280 1979 ob
1288 1931 1377 1979 Reme

217 1992 361 2059 Πφένθεσις
375 1994 469 2059 prime:
484 1995 582 2056 jurubnt
597 2010 723 2057 nunquam
736 1993 779 2042 illa
811 2004 836 2043 et
847 1994 907 2043 elios
917 1994 1009 2057 aliquot
1021 1994 1090 2043 codd
1102 1995 1163 2058 legit
1173 2012 1290 2057 querique.
1328 1996 1376 2043 Sed

216 2059 274 2109 viru
283 2075 385 2109 uxorem
396 2059 533 2108 ducturum.
558 2058 709 2107 D.-Noutri
726 2059 779 2123 ple·
811 2059 859 2107 duo
870 2058 1008 2124 perantiqui
1021 2060 1098 2108 nostri
1109 2076 1255 2123 quemquem,-
1273 2061 1340 2123 quod
1353 2074 1378 2109 er

216 2124 286 2189 rique
298 2123 385 2173 melius
395 2124 522 2182 collocent,
532 2127 583 2172 uiro
593 2129 685 2172 uxorem
694 2126 777 2172 ductu·
810 2140 895 2173 vernus
911 2124 1046 2182 confirmet,
1063 2124 1086 2172 h.
1104 2142 1124 2173 e.
1141 2141 1303 2188 quemcunque.
1339 2126 1377 2174 Ci.

216 2193 372 2239 rhedonum.
397 2190 426 2237 B.
811 2188 950 2247 Cledonius,
958 2204 982 2253 p.
995 2190 1064 2239 1908.
1076 2189 1117 2253 qui
1127 2189 1180 2253 ipre
1190 2192 1377 2254 quemqueurhic

249 2256 273 2305 θ.
284 2257 362 2304 Hem!
377 2253 457 2316 duxit]
468 2251 606 2303 Pronuncin
612 2263 640 2301 ut
649 2252 779 2301 mirantem
810 2253 877 2317 legit„
903 2254 931 2302 B.

217 2321 338 2369 meeum
372 2322 449 2369 Heri!
466 2317 546 2382 duxit]
564 2321 624 2367 Hem
635 2318 779 2367 adverbium
844 2321 866 2367 9.
897 2320 960 2368 Utiu’
983 2323 1089 2368 erinium
1110 2322 1219 2367 nentrum
1240 2320 1377 2383 mirone]

216 2384 407 2435 demonstrantis
422 2394 474 2433 erte
491 2394 526 2441 ιιι,
542 2386 602 2431 Hem
618 2386 685 2431 alten
713 2384 779 2446 Ergo
816 2386 879 2432 Utirr'
892 2393 1019 2459 proutne.
1036 2382 1208 2447 ’erueremur
1242 2384 1377 2448 Etpem.

214 2449 349 2513 propterea]
367 2449 444 2499 Modo
458 2466 513 2513 erqo
528 2447 642 2497 effectum
660 2448 778 2511 exprimit
809 2460 878 2497 vernt
893 2464 919 2497 tn
937 2448 1080 2512 ἅλλιῃορίᾳ.
1114 2448 1178 2497 Nam
1190 2452 1276 2497 eximio
1291 2466 1379 2511 pecore

215 2514 418 2580 reprehendentis
429 2515 497 2562 tnrdc
508 2512 556 2562 eibi
566 2512 774 2561 consentientem:
808 2513 931 2571 dicuntur,
948 2530 1003 2576 quer
1019 2530 1034 2562 a
1049 2530 1123 2577 grege
1140 2524 1242 2577 excepte
1264 2524 1326 2563 sunt
1347 2516 1376 2563 ed

216 2579 252 2628 ric
271 2579 339 2645 Virg.
360 2579 418 2627 AEn.
438 2578 464 2627 ii.
485 2578 541 2629 tot.
566 2580 631 2641 Ergo
652 2594 702 2640 age,
723 2594 776 2625 care
809 2593 868 2627 uuus
878 2579 1031 2627 dominorum
1044 2594 1151 2636 suorum,
1163 2588 1190 2626 ut
1201 2579 1303 2629 uberius
1319 2596 1379 2645 pm-

214 2647 388 2707 puter‚oeruici
402 2647 616 2705 imponerenortrae.
650 2645 777 2705 Propterea
808 2654 901 2692 centur.
943 2644 991 2691 Sed
1012 2643 1110 2709 proprie
1129 2646 1207 2692 eximii
1225 2655 1285 2692 sunt
1305 2646 1376 2709 porci

215 2708 307 2772 mele]
319 2711 402 2757 Sedulo
409 2708 536 2766 innianter,
549 2716 575 2755 et
583 2724 616 2755 ex
624 2708 719 2755 animo:
739 2706 777 2755 vel
810 2712 920 2770 majores,
932 2709 973 2771 qui
986 2708 1017 2756 ad
1035 2708 1218 2757 sacrificandum
1231 2710 1334 2773 excepti
1346 2710 1379 2758 li-

215 2772 343 2823 rinedolo.
367 2774 499 2836 D.-Ergu
511 2774 719 2834 proptereuredulo
733 2774 776 2820 ud·
809 2773 1042 2838 beriuspnscuntur.
1078 2773 1175 2822 Etenim
1188 2774 1271 2829 boves,
1283 2776 1328 2836 qui
1346 2776 1377 2825 nd

215 2856 298 2895 meum,
308 2848 331 2887 et
345 2842 430 2895 inter,
441 2856 469 2887 ne
479 2838 613 2900 cujusquam
624 2846 646 2886 te
657 2835 777 2899 reuereri]
809 2838 856 2886 hoc
868 2838 939 2887 electi
956 2849 1021 2895 eunt,
1037 2842 1125 2901 egregii
1136 2838 1266 2887 dicuntur:
1287 2850 1314 2888 et
1326 2856 1378 2888 ouer

215 2906 299 2980 Atque
314 2904 432 2981 meretrix
446 2914 580 2978 temperata
591 2902 704 2961 estlenu
720 2916 779 2949 vero
811 2904 891 2951 lectu:
920 2913 948 2951 ut
968 2903 1036 2967 Virg.
1058 2904 1115 2951 AEn
1139 2902 1171 2951 iv.
1196 2902 1235 2953 57.
1269 2914 1378 2953 nectent

215 2978 778 3083 tltln‘tssrtzttttttfftittt:
809 2968 1375 3096 littatttlffd‘lztl‘tittftffit

229 3101 441 3148 morereeeeroleut
452 3101 593 3160 plurimum,-
610 3100 692 3145 debent
701 3104 778 3145 nutem
809 3098 902 3146 Censes
921 3108 949 3146 ut
965 3098 1082 3147 eximium
1106 3098 1229 3146 nerninem
1251 3098 1376 3149 haberem?

215 3166 342 3212 meretricie
360 3180 408 3212 erre
431 3165 510 3211 blondi
532 3161 588 3225 Z.):
616 3162 689 3210 aliter
711 3162 777 3209 enim
810 3162 849 3211 vel
865 3171 931 3211 certe
952 3162 1028 3211 donee
1046 3163 1108 3226 (ulii,
1124 3166 1196 3221 dures,
1216 3160 1260 3211 alii
1278 3166 1375 3225 nonai

215 3228 285 3291 diligi
307 3244 356 3275 non
377 3238 464 3291 potest,
482 3227 528 3275 niei
546 3243 602 3276 cum
622 3226 700 3275 formu
720 3241 776 3274 cum
814 3229 876 3275 Utiu’
894 3226 1013 3290 exiendum]
1034 3228 1179 3292 separatum
1199 3244 1231 3277 ex
1251 3230 1375 3278 omnibns.

215 3290 777 3355 blandimentieconvenint(euueserreequoque
810 3292 912 3355 Proprie
934 3296 1030 3341 eeirriur
1049 3310 1132 3355 porciu
1154 3303 1199 3350 eet.
1222 3306 1339 3343 exemtus
1361 3310 1375 3342 a

217 3360 372 3406 blendumen
386 3359 519 3405 conminuit
536 3356 587 3420 Z.).
609 3356 777 3405 lie-Veteres
808 3372 891 3420 grege,
909 3367 933 3405 et
950 3374 981 3405 ue
1000 3358 1110 3423 signatus
1130 3358 1287 3407 maculetur
1307 3369 1374 3409 nota.

214 3423 293 3472 nostri
303 3420 504 3479 demetenda.
529 3421 558 3468 B.
809 3372 949 3485 Hubeumtl
979 3423 1057 3471 Deest
1077 3438 1169 3481 censer,
1192 3432 1236 3471 eut
1260 3423 1307 3482 ris,
1333 3438 1376 3473 ent

249 3486 271 3538 7.
289 3488 322 3535 m
339 3503 421 3543 moneo,
442 3494 465 3535 et
480 3484 569 3548 hortm]
589 3488 776 3535 Monemurcon-
809 3502 901 3535 monee
929 3488 1232 3537 D.-E.eimr'umreminem
1242 3490 1375 3553 uehunt]

216 3551 280 3611 uilio,
301 3555 419 3600 tuimur
440 3551 554 3615 impulere
583 3553 622 3600 Ne
642 3551 776 3614 cujusquam
810 3552 948 3615 Exceptum
960 3563 984 3599 et
996 3553 1027 3600 rb
1038 3552 1093 3601 aliie
1104 3564 1251 3617 separatum.
1277 3554 1307 3603 E.

215 3615 335 3679 ment]
347 3616 425 3665 Deest
436 3625 465 3665 te.
490 3616 593 3665 lr-rte
610 3616 719 3679 cujueque
731 3619 775 3663 rni-
843 3619 879 3664 10.
893 3620 955 3666 Num
966 3616 1375 3681 nemoquieqrmm]11upl>.rrerter·

215 3680 775 3745 meut]Vett.eodd.necujurqueternirereat.
808 3679 876 3729 tium.
912 3682 1230 3745 Nnmubundatquirquurr.
1260 3686 1378 3743 Scitmd

216 3746 422 3805 L-Bembinue,
445 3762 525 3809 quem,
548 3756 577 3795 nt
597 3760 695 3809 temper
718 3745 775 3803 lere,
809 3756 832 3795 te
842 3747 916 3811 uenit]
934 3748 1001 3796 Bene
1013 3748 1123 3796 additum
1135 3759 1173 3795 err
1186 3750 1261 3796 edre:
1280 3760 1305 3797 er
1323 3766 1374 3799 rno-

215 3812 325 3877 eequitur
348 3812 466 3870 Fuerunt,
488 3812 570 3869 hebet,
593 3826 621 3860 re
643 3810 778 3873 cujusquam
809 3810 900 3868 reliter,
921 3822 947 3859 et
968 3812 1063 3861 acutius
1083 3812 1316 3877 pronunciandum:
1339 3826 1375 3861 est

214 3882 338 3932 murreum
360 3876 437 3925 nostri
454 3892 546 3934 omnes,
562 3893 591 3924 ne
606 3876 740 3939 rejurquam
757 3882 778 3922 ie
811 3876 877 3924 enim
888 3877 989 3925 verbnm
1004 3877 1109 3937 illorum,
1121 3876 1162 3939 qni
1173 3876 1309 3927 familiares
1321 3895 1374 3927 cor-

214 3948 328 3993 rru'eereut.
351 3942 437 4000 Recte,
447 3941 580 3990 dummodo
591 3954 626 3988 rr
635 3956 713 4005 pones
723 3948 780 4004 port
811 3941 902 4004 rigunt
937 3942 1089 3990 D.-Noetri
1112 3958 1197 3990 omnes
1219 3943 1373 4000 concinnius

214 4026 250 4058 ne.
272 4008 302 4057 B.
811 4008 1236 4070 Numnemcquirqunrrillerum‚etc.
1261 4008 1291 4056 B.

249 4076 272 4123 8.
292 4076 353 4126 Quiri
371 4074 462 4134 ipoliti,
480 4074 578 4128 mutilet,
595 4068 694 4132 hecra]
717 4067 780 4121 Quin
845 4073 882 4119 ll.
902 4074 962 4123 Quin
985 4076 1020 4121 itu
1039 4081 1107 4135 peret
1128 4071 1166 4135 ee]
1191 4072 1248 4120 Hoc
1272 4076 1373 4123 verbum

216 4136 479 4251 middin?
495 4151 593 4263 Ἥ,
618 4134 780 4261 iudet
806 4137 1028 4264 ἔζῗὲίζῖἶὲἷῗὲῗ
1045 4136 1373 4265 etlilium}

771 4232 777 4256 ι
1014 4238 1020 4250 ·
1147 4236 1154 4259 e
1365 4237 1372 4255 e

217 4282 268 4317 non
278 4267 405 4315 minimum
416 4276 512 4330 partem
525 4265 628 4315 auferre.
656 4266 777 4321 Mutilum,
811 4274 837 4313 ut
847 4283 898 4327 iper
908 4268 972 4315 uuila
979 4270 1069 4330 reliqua
1077 4271 1102 4315 iri
1111 4274 1133 4315 te
1141 4270 1185 4315 riri
1193 4270 1240 4315 tibi
1245 4272 1259 4314 Ρ
1277 4272 1327 4317 Aba
1338 4267 1371 4329 tr]

216 4330 309 4394 aliquid
325 4331 461 4388 denubere,
472 4330 526 4379 rinc
542 4346 589 4394 quo
605 4344 646 4378 ree
658 4344 712 4378 esse
728 4343 778 4377 non
812 4330 867 4388 Pro,
886 4348 917 4379 ex
934 4342 965 4379 te.
985 4332 1122 4380 l).—-Unue
1140 4332 1225 4380 Bemln
1243 4333 1319 4383 imber
1334 4350 1372 4385 re,-

216 4396 301 4462 poceit.
335 4398 450 4445 numm
472 4407 562 4453 nutem,
583 4410 658 4458 quum
679 4394 779 4443 omnino
811 4396 891 4445 caeteri
907 4396 995 4446 Fuerni
1012 4407 1037 4447 et
1051 4396 1128 4446 nortri
1143 4409 1371 4447 omnesrccterrse.

218 4478 268 4513 nou
290 4461 388 4519 habear,
409 4460 474 4522 quod
494 4460 634 4509 imminuas.
668 4460 778 4523 Mutiter]
813 4460 840 4508 B.
