2834 4759
166 830 497 919 PRAEFATIO
534 832 1023 919 LINDENBROGII.

40 1144 116 1233 Pus.
131 1168 348 1237 Τιιιιιιιιτιιιιι
362 1170 491 1251 Atrum,
510 1172 687 1239 Concedite
710 1172 839 1239 Latine
860 1174 1051 1259 scriptorem
1072 1172 1175 1238 unde·

40 1292 145 1357 usuque
164 1272 455 1359 elegantissimum,
478 1286 576 1361 atque
597 1276 719 1361 ingenii
740 1274 856 1353 festivi,
879 1274 1040 1341 curatiore
1065 1275 1175 1340 studio

43 1378 211 1441 meusium
225 1376 319 1441 bono
333 1376 465 1462 publico
476 1377 632 1443 exhibere
643 1380 748 1443 visum
759 1376 831 1442 fuit.
866 1375 974 1451 Quem
985 1378 1070 1441 enim
1080 1376 1176 1462 pueri

45 1480 201 1556 ιιιιιίιιιιιι,
217 1479 371 1565 ejusdem
388 1482 572 1545 smoenitste
592 1502 629 1545 sc
644 1480 775 1545 Venere
789 1478 841 1544 vel
854 1477 917 1543 hsc
930 1498 1062 1563 quoque
1077 1487 1176 1543 aetste

47 1598 90 1641 uns
100 1582 172 1665 cupi,
189 1602 259 1645 non
273 1582 513 1645 erubescimus:
537 1604 557 1646 s
571 1583 665 1667 cnjus
675 1582 813 1646 lectione
823 1582 921 1645 etism
933 1581 1022 1666 ipsos
1035 1579 1177 1645 Romani

46 1678 136 1765 ebquii
159 1684 345 1769 principes,
367 1704 489 1769 eosque
518 1684 724 1768 gravissimos
750 1684 848 1759 viros,
873 1704 940 1747 non
965 1682 1176 1748 abhorruisse

43 1794 160 1848 constet:
186 1806 334 1871 quorum
348 1806 425 1851 sene
445 1784 550 1872 elegis
572 1806 632 1851 suo
653 1784 726 1851 loco
745 1786 953 1871 digessimus,
974 1796 1013 1850 ut
1034 1785 1176 1851 omnium

41 1884 130 1964 reeb,
150 1886 328 1972 quslenem
349 1889 519 1953 oestimium
540 1898 685 1954 veterum
710 1888 889 1953 doctissimi
918 1888 1040 1973 quique
1065 1888 1110 1953 de
1134 1908 1177 1953 eo

41 2004 146 2072 semper
155 1990 310 2067 teneruit,
320 1988 573 2055 velutintebulu
585 2010 834 2075 exponemus.
862 1988 950 2054 Nem
960 1990 1177 2055 recentiorum

41 2092 161 2155 eunomia
174 2090 344 2177 colligere,
357 2100 414 2156 aut
427 2092 718 2157 commendatitium
732 2089 817 2157 illius
832 2112 947 2156 novem
957 2090 1175 2169 conscribere,

40 2190 150 2277 iusuper
170 2193 364 2259 babendum
381 2194 551 2275 duximus3
574 2216 616 2259 ne
630 2190 798 2259 laudatum
812 2195 855 2259 ub
868 2194 1017 2260 omnibus
1030 2192 1177 2259 concele-

39 2291 116 2358 brsre
130 2296 156 2359 si
170 2292 342 2374 vellemus,
363 2306 466 2361 sotem
488 2317 557 2361 rem
579 2318 676 2382 egere
696 2296 818 2382 potius,
839 2317 938 2381 quern
959 2296 1035 2360 novi
1055 2294 1178 2380 sliquid

39 2392 127 2461 licere
140 2398 339 2463 videremur.
379 2398 511 2484 Quippe
526 2399 620 2484 cujus
636 2420 676 2463 es
689 2397 791 2484 glorie
804 2410 868 2475 est,
883 2408 921 2463 ut
938 2396 1057 2463 nullius
1074 2398 1178 2463 leudi-

38 2494 87 2560 bus
103 2518 265 2577 crescere,
287 2497 406 2565 nullius
426 2501 527 2567 minui
547 2502 663 2585 possit.
709 2498 801 2584 Ergo
814 2498 915 2585 igitur
928 2500 963 2564 id
976 2498 1055 2563 mibi
1067 2498 1178 2565 inbre

38 2597 159 2666 editione
173 2602 382 2687 potissimum
396 2624 483 2667 curae
498 2602 571 2680 fuit,
583 2625 624 2666 ne
639 2602 682 2667 ud
696 2601 827 2667 nitelsm
837 2603 910 2686 ejus
924 2613 958 2666 et
972 2602 1178 2687 splendorem

39 2700 111 2782 quod
129 2696 254 2769 ficeret
256 2704 454 2789 ,quicquam
472 2704 611 2769 scienter
627 2704 841 2770 omitteretur.
878 2702 959 2768 Non
973 2705 1178 2789 denegarunt

39 2802 115 2869 uobis
134 2804 227 2871 bec'
216 2828 255 2870 ιιι
273 2826 310 2870 re
331 2826 463 2891 operam
478 2827 569 2871 ιιιιιιι
583 2804 675 2871 amici
689 2806 804 2883 nostri,
818 2807 879 2869 rin
869 2805 1035 2871 litterati.
1072 2804 1178 2891 Inpri-

39 2906 86 2969 uis
97 2928 171 2973 sero
190 2907 332 2983 multum
351 2908 456 2995 adjuti
474 2930 585 2975 sumus
607 2909 720 2975 favore
739 2908 940 2974 celeberrimi
954 2908 1179 2994 jurisconsulti

40 3002 137 3075 Frenc.
150 3010 278 3077 Pithoei
289 3008 543 3077 Tricsseinensis
545 3032 624 3097 ,qur
613 3010 705 3076 duo
717 3012 811 3076 nobis
822 3008 971 3075 Tercutn
979 3010 1178 3097 exemploru

42 3114 263 3195 undenum
285 3112 423 3179 nitentur
436 3112 546 3179 fratris
561 3114 602 3179 B.
620 3110 670 3179 M.
686 3112 824 3179 alterum
839 3134 938 3178 menn
951 3134 1013 3178 sue
1026 3114 1179 3179 emendu-

40 3222 115 3278 tm:
148 3216 326 3301 udseriptis
352 3215 515 3281 interdum
538 3214 727 3294 Menandri,
749 3213 955 3300 Apollodori,
978 3214 1178 3302 aliorumque

42 3316 188 3394 erutam
222 3338 309 3403 quos
328 3316 525 3383 Terentium
543 3318 729 3403 exprimere
750 3316 891 3382 voluisse
910 3327 1075 3403 putemus.
1113 3318 1178 3384 His

42 3420 157 3487 merit
170 3420 242 3486 Me.
258 3419 364 3485 codex
377 3418 435 3504 qui
447 3420 482 3483 in
502 3416 699 3485 bibliothece
721 3418 807 3504 regis
827 3416 947 3483 Geiliae
969 3420 1178 3487 edent-sutore

43 3519 119 3603 erim
128 3542 169 3588 ee
180 3523 254 3587 vise
264 3530 320 3587 est
333 3521 520 3607 sntiqrritss,
535 3542 597 3587 nee
610 3522 715 3587 minor
728 3522 869 3601 bonitus,
882 3530 921 3586 ut
934 3521 986 3587 vel
1001 3522 1092 3588 solus
1110 3523 1180 3588 sui-

43 3616 147 3701 ficeret,
161 3624 258 3709 cujus
271 3623 372 3689 fidem
390 3645 617 3709 sequeremur:
641 3625 756 3709 inquo
774 3626 871 3688 etium
891 3622 1039 3690 Terentii
1059 3626 1178 3710 imago,

44 3719 121 3803 plane
140 3736 177 3791 ut
197 3749 271 3792 eam
292 3748 335 3792 ex
352 3726 513 3791 Vaticana
533 3724 732 3791 bibliotheca
753 3724 887 3791 Fulvius
910 3724 1052 3793 Ursinus
1072 3728 1117 3793 V.
1139 3727 1177 3794 C.

45 3822 138 3905 edidit,
159 3830 295 3915 antiqua
315 3850 413 3893 manu
434 3828 564 3913 depicta
586 3838 667 3894 eret.
711 3827 774 3893 Usi
789 3851 900 3893 sumus
914 3840 949 3894 et
963 3829 1033 3895 aliis
1049 3832 1178 3916 scriptis

46 3918 128 4007 hbris,
141 3930 199 3997 sed
219 3932 276 4016 qui
293 3952 468 4017 perpurum
482 3930 693 4015 profluerunt:
716 3952 790 3996 nam
805 3942 840 3996 et
852 3932 1050 3997 recentiores
1064 3945 1177 3999 erent:

47 4029 184 4115 etsiqtrid
199 4035 371 4111 subrent,
379 4032 415 4096 id
424 4030 587 4098 levidense
600 4032 775 4098 admodum
786 4043 884 4119 atque
896 4034 1008 4119 exigui
1015 4039 1178 4104 momenti.

91 4126 205 4199 Donati
219 4135 286 4200 duo
300 4132 498 4219 exemplaris
518 4134 704 4212 habuimus,
726 4146 761 4200 et
783 4134 838 4199 illu
860 4134 1065 4201 Pithoeorum
1085 4162 1179 4204 eccu-

49 4238 104 4293 rtta
117 4233 279 4322 diligentis
298 4238 342 4303 ed
363 4236 447 4303 Mss.
464 4238 561 4303 codd.
577 4234 716 4303 Antonii
736 4236 846 4302 Contii
864 4248 899 4303 et
917 4237 1035 4304 Jecobi
1055 4239 1181 4327 Cujucii

49 4328 281 4406 Antecessorum
305 4339 558 4407 Bituricensium
585 4338 722 4418 collum
748 4362 885 4426 quorum
912 4339 1032 4407 auxilio
1056 4344 1090 4408 in
1115 4344 1180 4411 boc

51 4443 254 4511 omousio
276 4440 422 4529 plurime
443 4441 568 4511 lacum
592 4440 765 4531 supplete,
783 4440 909 4529 alisque
927 4441 1052 4511 infinite
1072 4458 1180 4515 errete
