2834 4759
213 179 275 241 162
644 171 676 237 T
684 169 874 236 ERENT
883 170 920 236 ll
1198 170 1324 254 [torus
1343 189 1382 231 u.

255 312 353 376 Unde
376 312 425 374 isi
478 310 543 373 Cu.
569 308 708 393 Egone?
748 308 857 371 nescio
880 305 1024 383 hercule,
1047 328 1154 391 neque
1177 306 1268 370 unde
1292 327 1382 381 eam,

319 430 425 493 neque
441 429 597 492 quorsum
612 428 695 470 eam.

255 507 308 572 lta
322 529 472 591 prorsum
486 505 607 570 oblitus
623 525 694 567 sum
709 504 781 567 mei.

214 619 243 664 1⁵
256 606 342 670 Pur.
368 606 447 683 Qui,
471 607 608 689 quaesoi
656 603 721 666 Cri.
746 600 843 666 Amo.
892 602 978 666 Pio.
1010 602 1115 665 Hem!
1169 601 1233 663 Cu.
1263 600 1384 675 Nunc,

321 703 492 780 Parmeno,
510 713 542 767 te
558 702 724 777 ostenden,
740 701 796 783 qui
813 700 859 762 vir
872 700 946 763 sies.

256 802 327 867 Scis
343 812 375 866 te
390 802 467 864 milri
483 823 570 885 saepe
587 799 764 885 pollicitum
779 820 869 876 esse3
894 798 1044 874 Chaerea,
1060 797 1182 883 aliquid
1198 796 1309 859 inveni

257 900 361 965 Modo
373 899 462 983 quod
477 921 583 962 ames:
608 899 641 961 in
653 920 692 961 ea
702 919 739 960 re
754 896 925 961 utilitatem
936 918 999 980 ego
1013 895 1127 959 faciam
1143 906 1179 958 ut
1194 916 1387 977 cognoscas

322 1019 426 1061 meam
436 1022 443 1059 :

258 1095 369 1167 Quum
389 1095 422 1157 in
449 1091 597 1157 cellulam
619 1092 662 1156 ad
687 1103 720 1156 te
743 1091 845 1176 patris
870 1114 990 1177 penum
1011 1113 1136 1155 omnem
1160 1091 1391 1175 congerebam

322 1186 511 1257 clonculum.

212 1404 292 1453 quum.
322 1389 454 1441 Dresia
468 1396 494 1435 tu
509 1404 534 1436 er
550 1385 658 1449 trictici]
677 1385 776 1435 Dicitur
807 1402 843 1442 eo,
861 1402 911 1448 quo
926 1372 1064 1447 promiserit.
1088 1384 1135 1433 Ed.
1148 1384 1207 1447 Arg.
1221 1396 1307 1432 suern..
1328 1388 1387 1433 Ne·

211 1455 383 1517 cumquodam
393 1453 482 1516 gaudio
493 1452 559 1500 idem
566 1456 647 1501 trotio
666 1452 732 1500 Nem
744 1466 776 1500 cx
808 1466 868 1499 cesse
879 1458 914 1499 art
925 1458 1105 1512 sumpraertore,
1117 1452 1289 1512 qnipromirit:
1301 1454 1389 1513 nugis

212 1518 259 1567 hoc
276 1520 341 1581 quod
358 1518 449 1567 vidisse
466 1532 493 1565 ss
512 1516 639 1580 pulchrum
654 1515 775 1578 virginem
807 1519 966 1572 memorium,
1000 1518 1025 1563 ui
1041 1529 1106 1578 sepe
1122 1512 1249 1577 promisit).
1280 1516 1389 1563 (ἔλοπα

213 1583 280 1638 dicit,
289 1583 392 1646 quadum
404 1581 489 1629 laetitin
497 1590 636 1629 contractus
645 1589 696 1635 ectr
709 1580 775 1643 quod
807 1581 898 1641 aliquid
908 1582 983 1627 moeni
1024 1578 1127 1627 Induxit
1143 1577 1242 1638 μῐμησιν
1257 1594 1387 1642 pragm-

213 1647 316 1696 eaodem
328 1657 409 1694 tumen
421 1661 453 1693 ex
464 1654 563 1709 aspectu
575 1644 689 1709 perdidit,
698 1644 776 1693 tristis
809 1644 863 1699 tice,
874 1658 941 1692 more
953 1659 1005 1699 suo,
1018 1659 1066 1691 nou
1078 1652 1208 1691 contentus
1220 1642 1305 1691 dicere
1318 1644 1389 1706 quid

214 1728 254 1767 ας
271 1712 385 1760 utdeben
395 1725 444 1757 non
455 1709 534 1758 solum
545 1710 572 1757 iu
584 1710 641 1767 line,
654 1724 739 1757 verum
751 1719 776 1757 et
810 1707 880 1767 (Alii,
893 1712 949 1771 psit
966 1708 1035 1756 editt.
1044 1717 1103 1756 vett.
1126 1708 1173 1755 Me.
1187 1708 1282 1756 Boend.
1299 1718 1329 1756 et
1343 1710 1388 1757 ed.

213 1776 240 1824 in
262 1774 385 1840 principio
403 1774 548 1837 significare.
579 1774 732 1826 Itu-Quidve
753 1790 777 1821 or
809 1772 851 1820 Du
873 1773 901 1820 B.
922 1772 993 1835 quod)
1011 1771 1134 1836 pollicitus
1154 1772 1186 1819 sit
1207 1780 1314 1829 unnim,
1337 1774 1388 1821 sed

213 1841 299 1888 alacris
307 1839 333 1902 ?]
355 1839 449 1887 Choria
462 1838 503 1887 lib.
515 1838 532 1886 i.
555 1838 673 1886 Priscian
686 1837 728 1887 lib.
740 1837 775 1885 iii.
809 1851 856 1899 quo
869 1836 1033 1894 modoetiam,
1046 1846 1071 1885 et
1081 1837 1168 1899 quibus
1179 1836 1268 1885 verbim
1295 1838 1332 1886 D.

218 1905 246 1953 L
845 1902 881 1953 17.
903 1904 972 1949 Modo
994 1904 1054 1964 qood
1075 1900 1149 1963 omes]
1177 1901 1385 1958 Tantummodo;

250 1970 286 2016 lt.
309 1966 437 2030 Undeiri]
457 1968 575 2016 Modoad
601 1966 776 2030 uidmissig-
810 1966 1020 2029 quaeihaecrnorn
1031 1965 1063 2014 sit
1074 1965 1201 2029 promissis
1211 1966 1385 2030 complendis

214 2033 311 2082 uident:
324 2033 367 2081 sed
384 2050 416 2088 eo,
425 2032 456 2080 de
472 2031 526 2081 loeo
543 2032 574 2080 nd
585 1985 669 2081 locum
681 2041 777 2080 veteres
811 2033 839 2078 Im
848 2047 876 2079 eo
891 2048 915 2079 re
927 2033 1052 2079 utilitatem
1063 2046 1104 2093 ego
1113 2029 1204 2093 sociam
1215 2039 1241 2078 ut
1252 2048 1387 2094 cognom

214 2097 341 2145 dicebant:
358 2097 424 2160 quod
441 2097 540 2145 morin
556 2097 672 2159 subiectis
688 2097 776 2160 probe·
809 2094 894 2157 mam]
907 2096 948 2144 An
960 2094 1044 2158 possit,
1058 2095 1099 2157 qui
1109 2110 1180 2159 posse
1191 2094 1385 2145 sesffirmsriti

214 2162 288 2211 bitur.
307 2164 418 2214 Quorsum
428 2161 490 2224 eom]
504 2162 585 2209 Bene:
599 2160 656 2223 quia
664 2160 777 2225 proxime
809 2159 865 2223 plus
882 2170 920 2207 est
935 2161 1051 2223 probasse
1062 2159 1127 2221 qnod
1140 2159 1291 2223 promiserit,
1303 2176 1387 2223 quam

215 2227 317 2284 dixerut,
325 2230 366 2275 ubi
372 2229 541 2289 quoramiaii
549 2229 700 2287 investigem?
713 2242 777 2287 quem
810 2224 937 2272 ostendere
957 2224 1022 2286 quod
1042 2224 1125 2287 possit.
1163 2224 1300 2288 D.-Lege
1321 2242 1388 2274 cum

212 2296 351 2354 perconter?
368 2309 435 2354 qaam
451 2295 557 2339 insistam
574 2294 653 2338 riom?
676 2294 777 2337 incertus
812 2289 909 2337 Donato
923 2289 1065 2346 Matonem
1076 2288 1130 2337 edd.
1143 2298 1168 2336 et
1187 2288 1266 2337 tribus
1285 2290 1388 2339 nostris

215 2374 271 2405 rom
303 2360 413 2408 Quorsum
435 2354 498 2418 eom]
524 2355 599 2411 Hinc,
618 2363 645 2402 ut
662 2353 777 2412 diximus,
810 2352 879 2401 codd
892 2356 1016 2401 utilitatem
1028 2356 1052 2401 in
1063 2370 1091 2401 eo
1106 2370 1131 2401 rs
1141 2352 1231 2415 sociam
1243 2362 1271 2401 st
1282 2370 1387 2417 rognos-

215 2421 371 2469 mnuiiestum
387 2430 431 2477 est,
443 2424 477 2467 ire
492 2429 517 2467 et
533 2419 665 2467 adventum
682 2418 777 2481 signill-
810 2434 850 2466 eor
860 2434 938 2466 meam.
965 2417 1067 2465 Sublato
1083 2426 1178 2466 tantum
1194 2417 1300 2481 illoego,
1312 2421 1388 2481 quod

216 2500 279 2533 oure.
308 2485 442 2533 D.-Undc
453 2482 506 2545 isi]
526 2482 598 2531 Unde
609 2482 728 2531 ndrenisi
747 2482 777 2530 E.
810 2482 925 2530 abundet.
953 2483 981 2530 Β.

215 2550 298 2597 —Pro
317 2552 407 2597 hercule
429 2549 483 2611 lege
504 2551 587 2605 hercle,
605 2549 674 2609 cujus
691 2547 778 2595 ultime
846 2548 882 2595 18.
903 2550 977 2599 Quum
988 2550 1013 2595 in
1024 2546 1141 2609 muniam]
1155 2546 1195 2595 Sic
1211 2546 1272 2595 dicit
1284 2562 1355 2597 nnus
1368 2554 1386 2583 ⁰

216 2613 353 2678 corripitur.
383 2614 411 2661 B.
810 2628 864 2675 quae
880 2621 905 2659 et
924 2612 1046 2675 acceperit
1066 2610 1210 2660 beneficium
1224 2611 1301 2672 (Edd.
1315 2624 1386 2663 vett.

252 2680 288 2726 14.
306 2680 346 2727 Ito
357 2694 462 2740 prorsam
478 2680 561 2726 ollitas
571 2694 621 2725 ram
633 2676 690 2739 mei]
709 2676 777 2724 Huic
810 2692 860 2725 nou
871 2676 962 2725 habent
978 2677 1072 2725 lacuum
1088 2676 1192 2739 signum.
1218 2676 1268 2725 Ms.
1284 2676 1320 2725 lt.
1342 2682 1388 2727 Sic

216 2742 373 2798 oontrmium,
386 2746 448 2791 Dum
459 2760 541 2790 memor
551 2745 600 2803 ipre
611 2744 663 2799 mei,
675 2742 733 2789 AEn.
744 2742 776 2789 iv.
810 2758 841 2789 arr
852 2744 873 2789 ir
884 2744 931 2803 qui,
943 2749 984 2789 otc.
1004 2740 1085 2797 Forte,
1097 2744 1137 2789 Sic
1152 2744 1217 2798 dicit,
1230 2758 1341 2791 onum
1353 2747 1388 2802 ei,

218 2807 273 2855 oto.
290 2807 357 2870 Ergo
369 2810 452 2855 oblitus
468 2811 518 2864 mci,
536 2807 643 2855 insonus„
661 2808 701 2853 Ito
708 2822 777 2867 pror·
810 2810 850 2869 qui
862 2814 980 2867 occeperat
993 2808 1128 2866 beneficium.
1151 2806 1231 2860 Quam
1242 2806 1389 2857 lectionem

217 2888 266 2920 som
282 2888 331 2921 ram
351 2874 434 2919 obiitus
451 2870 507 2933 mei]
525 2874 640 2926 Pronum,
661 2881 736 2927 recta,
752 2870 778 2919 id
811 2870 925 2932 adjurare
937 2870 1052 2918 videntur
1063 2870 1187 2919 libovett.
1200 2884 1256 2918 cuir
1268 2884 1299 2918 ru
1311 2886 1388 2922 ctu·

218 2947 263 2996 est,
275 2936 387 2985 omnino:
405 2951 462 2984 nem
472 2952 578 2997 prorsum
589 2946 627 2984 est
638 2950 711 2999 porro
723 2950 777 2983 ver·
812 2948 905 2982 tutti(
919 2948 955 2981 An
968 2934 1023 2995 ru).
1036 2937 1117 2983 Patris
1130 2952 1213 2996 pesum
1228 2934 1306 2998 omn]
1336 2938 1387 3001 Ip-

217 3018 280 3059 sum,
295 3000 376 3058 idest,
388 3011 445 3049 tntc
457 3016 568 3055 versum,
585 2998 643 3047 hinc
659 3009 686 3047 et
694 3016 778 3061 prorsa
810 3014 865 3047 sum
878 3014 982 3063 penum:
1000 3014 1049 3047 non
1067 3014 1098 3047 ex
1115 3015 1144 3047 eo
1158 2999 1258 3062 aliquid,
1271 3002 1389 3063 ὑπερβο-

217 3070 297 3124 oratio,
309 3082 381 3128 quum
393 3082 441 3113 non
454 3064 549 3113 inflexit
560 3064 689 3112 cantilena.
718 3064 749 3111 D.
810 3066 889 3113 λικῶς.
917 3064 1006 3112 Ethoc
1021 3080 1089 3125 penu,
1102 3063 1177 3112 ethic
1191 3081 1273 3126 penus,
1286 3076 1313 3113 et
1327 3067 1389 3117 hec

253 3132 290 3178 15.
308 3129 398 3191 Hem]
417 3130 442 3177 Si
455 3145 511 3177 cum
522 3133 544 3187 i,
556 3130 690 3183 Parmeno:
708 3128 730 3176 si
741 3128 777 3176 le·
808 3146 881 3190 penus
892 3137 987 3176 veteres
999 3128 1122 3177 dixerunt.
1141 3128 1208 3191 Ergo
1219 3138 1245 3176 et
1251 3146 1343 3179 mm
1359 3144 1391 3181 et

219 3193 291 3251 niter,
304 3195 405 3241 Chaerea
417 3194 570 3254 (Promiscue
587 3205 669 3242 tutem
680 3193 707 3240 in
719 3192 777 3241 libb.
810 3210 873 3241 omne
884 3192 981 3256 legitur.
1008 3195 1159 3256 congerebam
1171 3194 1316 3257 clonculust]
1331 3195 1389 3245 M.

218 3268 276 3306 vett.
286 3258 404 3321 scriptum
416 3259 580 3321 reperientem
591 3268 668 3306 etem.
685 3258 777 3312 Quam·
811 3256 975 3320 Opairrpioa
998 3257 1390 3322 D.-Qoomtnoeuo1am]floe

219 3337 291 3384 quam
313 3331 414 3396 veteres,
437 3323 510 3369 Festo
529 3332 634 3380 auctore,
652 3339 687 3369 em
704 3322 779 3371 etiem
810 3321 837 3369 in
849 3322 1049 3397 locopcrsuadet
1060 3338 1138 3381 servo,
1153 3333 1180 3370 ut
1195 3322 1319 3372 auxilium
1333 3326 1390 3376 sibi

218 3386 490 3499 1111111311..
500 3388 781 3513 ”itttttifflttt
812 3387 1310 3515 tttfftlt'itttttittttffi
1321 3406 1391 3505 gr'oi

219 3514 355 3579 Wielingii,
366 3516 409 3578 qui
420 3514 567 3571 emendavit,
580 3519 601 3563 ri
619 3528 654 3562 su
673 3516 778 3578 legitor).
813 3515 838 3563 in
851 3516 958 3564 Andria:
978 3518 1004 3563 Si
1016 3525 1038 3564 te
1053 3519 1077 3563 in
1088 3520 1193 3579 germani
1202 3514 1293 3578 fratris
1304 3520 1391 3569 dilexi

222 3582 332 3629 otrodo
341 3584 382 3643 qai
392 3584 429 3628 os'r
438 3578 496 3641 ries]
508 3579 574 3638 Non,
585 3583 608 3628 ri
617 3582 653 3627 oir
663 3583 716 3637 tier,
728 3580 779 3637 sed,
813 3582 866 3637 loeo,
878 3596 918 3627 teu
929 3584 973 3628 tibi
984 3580 1143 3644 morigerofri
1151 3584 1176 3628 in
1187 3584 1255 3629 rebus
1264 3586 1387 3635 mrbus.

220 3649 260 3708 qui
273 3648 310 3693 or'r
320 3648 379 3693 m'sr:
396 3644 460 3707 qnod
472 3654 511 3693 est
527 3645 724 3707 δμφατικότερον.
753 3644 780 3693 Si
814 3646 843 3693 lo
854 3646 959 3693 reuulom
973 3648 1006 3692 od
1020 3652 1042 3693 te
1055 3648 1133 3707 patris
1144 3644 1240 3708 mmm]
1260 3646 1343 3711 Apte,
1357 3666 1390 3699 se

219 3708 346 3772 euasisset
356 3708 462 3773 quidem,
474 3708 516 3772 qui
528 3708 566 3757 vir
579 3708 635 3764 sios,
648 3724 679 3758 rm
693 3709 781 3757 debeat
813 3718 871 3757 nme
882 3709 1027 3758 beneficium
1039 3709 1189 3773 prestitisse,
1204 3710 1268 3772 quod
1285 3727 1388 3763 conse·

219 3784 346 3840 prestere,
357 3775 399 3837 qui
411 3774 491 3822 virum
507 3788 534 3822 se
550 3772 585 3822 sic
602 3784 781 3822 monstraturus
813 3773 878 3821 niret
888 3789 1006 3839 persona,
1018 3774 1089 3833 dixit,
1100 3790 1157 3823 cnm
1168 3774 1272 3824 servulis
1283 3776 1315 3825 de
1329 3780 1389 3828 cel-

220 3842 275 3889 esti
295 3840 328 3887 Et
339 3843 375 3887 oir
385 3839 464 3896 modo,
477 3853 526 3887 non
538 3838 569 3886 ad
584 3853 678 3897 sexum,
691 3854 736 3886 nec
750 3838 781 3886 sd
813 3838 948 3903 lulapttris
957 3853 1054 3887 omnem
1062 3839 1287 3903 peunmsitsolitue
1296 3851 1388 3893 mns-

219 3916 316 3953 tetntem
333 3904 430 3959 dicitnr,
446 3903 490 3952 sed
503 3904 534 3952 sd
550 3902 654 3951 laudem.
682 3906 729 3955 Qui
745 3906 781 3950 oir
813 3903 883 3951 ierre.
910 3906 997 3952 Ponam
1020 3914 1101 3952 eutem
1124 3903 1285 3968 intelligimus
1302 3922 1389 3959 omne

218 3969 277 4033 rior]
305 3970 335 4017 ln
358 3968 481 4019 veteribus
503 3966 634 4016 invenitur.
665 3967 781 4015 D.—Pro
813 3966 927 4030 quicquid
947 3968 978 4017 ed
994 3968 1085 4016 victum
1107 3978 1151 4017 est.
1181 3968 1287 4023 Quidam
1309 3972 1389 4023 enim

219 4036 321 4083 ostentm
332 4048 417 4083 versus
427 4033 507 4097 gretia
518 4032 572 4095 lege
584 4032 622 4080 vel
634 4035 725 4080 ostende
739 4036 780 4089 ris,
813 4033 981 4081 tantummodo
1005 4032 1169 4095 pulmentaria
1190 4033 1236 4081 hoc
1261 4050 1389 4087 sermone

220 4097 267 4153 vel,
279 4099 344 4160 quod
354 4098 442 4147 melius
453 4098 558 4153 videtur,
569 4098 700 4144 ostenderis.
728 4096 756 4143 B.
812 4096 950 4160 significata
967 4096 1103 4146 voluerunt
1132 4097 1167 4145 Ut
1186 4098 1273 4161 virgil.
1288 4100 1352 4149 AEn.
1368 4104 1387 4151 i.

255 4163 292 4209 lo.
317 4164 381 4224 Saepe
401 4166 529 4224 pollicitam
551 4160 611 4223 otte]
641 4158 779 4217 Pollicitum,
813 4160 868 4212 708.
884 4164 1005 4223 -qrrr'bus
1025 4164 1103 4211 ordine
1123 4164 1188 4225 longo
1211 4166 1274 4211 Cum
1292 4182 1388 4228 pmcn

220 4225 283 4287 quod
294 4227 478 4289 promittentem
490 4224 778 4288 nitrosiguiiicntdixit3
812 4234 907 4281 struere,
924 4235 948 4275 rt
962 4229 1062 4287 flammis
1078 4229 1169 4276 adolere
1184 4236 1287 4289 μισέω.
1313 4230 1388 4279 E.—

220 4299 246 4336 et
260 4305 320 4350 sape
335 4294 461 4351 pollicitam
473 4309 504 4348 re,
516 4306 549 4339 sn
560 4290 704 4339 peremerit
715 4306 777 4355 ρω-
814 4289 888 4344 Quum
899 4294 924 4339 in
934 4289 1052 4354 aarum]
1064 4292 1208 4356 Hieronym.
1217 4293 1313 4343 advers.
1326 4296 1388 4346 liu-

219 4365 284 4402 ttere
303 4369 367 4410 enm,
378 4355 420 4417 qni
437 4354 578 4420 promiserit
596 4355 675 4418 (leg02
703 4368 778 4403 sors
812 4356 854 4403 lin.
867 4355 907 4403 lib.
918 4354 934 4402 i.
959 4356 1321 4409 L.-'Iiestentumenostris
1336 4362 1387 4411 lra-

220 4431 389 4467 rontrcrrcu
403 4424 652 4477 monumemtum
665 4428 779 4481 prostare
812 4422 1103 4484 bentomorproomurm.
1133 4421 1207 4471 Mile.
1232 4422 1263 4470 B.
