2834 4759
277 124 362 192 Tum
375 123 408 191 in
423 126 515 192 brevi
529 126 635 211 spatio
648 146 776 209 omnem
790 126 833 191 de
847 148 898 192 me
912 126 1044 212 ejecerit
1057 126 1196 191 animum
1209 126 1328 211 patrisl

278 224 454 298 Quodnam
465 225 508 289 ob
518 225 665 290 facinus?
699 224 779 310 quid
788 246 851 309 ego
863 235 989 289 tuntum
1000 224 1131 290 sceleris
1142 225 1371 291 admisimiserl

277 321 387 409 Volgo
399 323 532 389 fuciunt.
569 322 641 388 Mn.
654 321 730 388 Scio
739 323 798 389 tibi
808 346 881 389 esse
894 321 957 389 hoc
967 324 1097 409 gravim
1105 322 1372 401 multcacdurius,

252 434 267 481 t
280 422 341 487 Cui
355 423 414 488 fit:
438 445 549 489 verum
564 444 626 507 ego
640 422 731 487 haud
745 422 850 486 minus
865 444 952 507 segre
967 423 1094 508 patior:
1116 422 1151 487 id
1165 423 1222 507 qui
1233 422 1347 498 nescio,

276 520 352 587 Nec
367 522 525 587 rationem
539 521 643 607 capio,
659 520 722 585 nisi
735 521 824 605 quod
840 521 900 585 tibi
915 521 999 585 bene
1013 543 1055 585 cx
1070 518 1175 585 animo
1189 518 1272 586 volo.

278 621 338 686 Cn.
355 620 421 687 Hic
434 632 562 707 putrem
576 621 706 686 adstare
721 620 856 685 aiebusl
893 618 966 683 Mu.
981 618 1117 684 Eccum.
1149 618 1213 685 Cu.
1230 618 1373 695 Quidue

326 708 483 798 incusas,
500 717 670 804 Clitipho?

280 818 447 903 Quicquid
462 840 524 904 ego
538 817 637 903 hujus
652 817 726 894 feci,
742 816 800 882 tibi
815 817 971 902 prospexi
985 828 1019 881 et
1033 816 1176 883 stultitioe
1190 827 1268 882 me.

277 916 346 982 Ubi
361 926 394 982 te
408 916 475 981 vidi
490 917 594 981 animo
609 938 681 981 esse
697 916 827 992 omisso,
842 925 877 981 et
890 916 1002 980 suavis
1015 916 1236 1001 inpraesentia

236 1027 267 1075 10
278 1014 365 1088 Quae
379 1026 500 1092 essent,
515 1015 618 1100 primu
633 1013 767 1093 babere,
782 1036 888 1100 neque
900 1014 1069 1081 consulere
1082 1016 1117 1079 in
1130 1012 1371 1099 longitudinem:

277 1114 360 1199 Cepi
368 1115 536 1191 rationem,
545 1123 583 1177 ut
596 1135 702 1197 neque
715 1134 841 1198 egeres,
853 1136 959 1199 neque
970 1124 1009 1178 ut
1021 1113 1093 1178 brec
1108 1134 1224 1198 posses
1236 1111 1373 1198 perdere.

277 1212 346 1278 Ubi
359 1215 413 1278 cui
425 1213 535 1278 decuit
549 1212 663 1297 primo,
680 1212 740 1276 tibi
753 1234 819 1277 uon
830 1210 920 1277 licuit
933 1234 994 1297 per
1008 1222 1041 1276 te
1054 1210 1133 1275 mihi
1146 1211 1245 1289 dure3

276 1309 356 1377 Abii
370 1311 412 1376 sd
426 1332 614 1396 proxumos,
629 1309 690 1374 tibi
703 1310 760 1394 qui
775 1320 884 1375 erant:
907 1310 954 1379 eis
969 1310 1112 1375 commisi
1124 1319 1158 1374 et
1170 1308 1307 1375 credidi.

275 1408 328 1475 Ibi
341 1420 407 1474 tuae
423 1408 568 1473 stultitioe
583 1429 712 1493 semper
725 1408 788 1473 erit
801 1409 1000 1493 presidium,
1016 1408 1181 1493 Clitipho:

235 1520 265 1567 1⁵
279 1506 407 1584 VictuS,
422 1507 571 1583 vestitus,
587 1526 653 1590 quo
668 1506 701 1571 in
716 1516 838 1571 tectum
852 1517 885 1572 te
900 1517 1060 1593 receptes.
1098 1505 1158 1570 Cu.
1176 1504 1222 1570 Ei
1234 1504 1328 1569 mibi!

276 1605 342 1670 Cn.
352 1604 461 1669 Setius
471 1614 533 1683 est,
544 1614 685 1689 quemte
698 1605 772 1690 ipso
783 1605 905 1670 herede
916 1605 988 1670 haec
998 1605 1167 1690 possidere
1177 1603 1374 1670 Bacchidem.
1411 1671 1412 1678 χ

276 1704 337 1769 SY.
353 1702 518 1788 Disperii!
543 1702 699 1768 scelestus
714 1714 853 1788 quantus
869 1704 981 1768 turbes
995 1703 1119 1768 concivi
1132 1702 1293 1768 insciens!

275 1800 336 1866 Cn.
354 1800 468 1866 Emori
482 1802 589 1886 cupio.
627 1800 692 1865 cn
709 1798 807 1867 Prius
821 1824 934 1887 quoeso
949 1802 1049 1881 disce,
1064 1800 1145 1888 quid
1158 1803 1202 1867 sit
1216 1803 1338 1867 vivete:

265 1990 288 2035 3.
305 1985 409 2050 Admtst]
427 1986 530 2048 Αὔξησιι
546 1994 600 2035 cst:
624 1985 679 2051 plus
696 1994 734 2034 est
748 1988 792 2033 ad·
825 2000 883 2033 nem
898 1985 1013 2049 pertinet.
1048 1985 1079 2034 lu
1090 1985 1221 2045 Eunucho,
1233 1988 1302 2035 Nilu'l
1312 1986 1375 2047 prist,

231 2055 328 2111 mittere,
347 2066 419 2115 quum
429 2050 517 2114 socero.
551 2050 626 2110 Alibi,
642 2054 691 2099 lusc
707 2058 730 2099 ts
749 2053 792 2098 ad·
824 2047 997 2112 nepusortius.
1022 2050 1375 2116 Smupmuawotup

231 2121 321 2167 mittere
332 2120 435 2180 indigno.
458 2118 486 2166 C.
826 2124 888 2164 tutes
896 2114 987 2164 licetiu
993 2120 1119 2178 proseuta
1127 2115 1178 2164 sint
1187 2132 1283 2174 sueves,
1291 2126 1376 2178 semper

264 2184 288 2230 4.
310 2184 382 2245 Vulgo
402 2184 429 2229 s'd
440 2179 547 2244 suriunt]
565 2180 606 2229 Ad
623 2179 794 2245 purgstionem
826 2189 908 2228 tamen
928 2196 1011 2229 secum
1026 2184 1137 2243 juuotsm
1154 2181 1248 2230 babent
1306 2179 1375 2227 niseu-

232 2246 333 2311 pcccsti,
346 2247 367 2295 si
380 2246 441 2293 nihil
452 2245 519 2294 aliud
529 2246 654 2304 hebemus,
662 2260 792 2309 argumen-
826 2243 893 2293 tium.
916 2246 1012 2294 C.—Et
1021 2249 1101 2294 mucio
1110 2249 1268 2307 tsprmms'u
1291 2245 1374 2292 Utun-

232 2322 285 2361 tum
304 2312 335 2360 ab
353 2310 465 2375 exemplo
485 2309 588 2358 eliorum
604 2310 731 2368 sumimus,
751 2310 792 2373 qui
826 2319 878 2359 tum
889 2310 1020 2373 presentis
1029 2311 1157 2373 cogitares,
1168 2307 1375 2375 nequedefutmit

232 2376 486 2425 idemfactituverunt.
516 2375 564 2423 Sed
576 2374 793 2439 multomagisvs·
825 2390 909 2424 curem
919 2390 1024 2437 gereres.
1047 2375 1077 2423 E.

231 2440 273 2499 let,
285 2439 307 2489 si
317 2442 348 2489 ub
356 2440 469 2505 exemplo
477 2438 587 2489 omnium
597 2438 708 2488 sumitur.
731 2440 794 2487 C.-
860 2441 898 2487 ll.
920 2442 976 2502 Gaeps'
994 2438 1117 2502 ratim]
1137 2439 1173 2488 Η.
1191 2456 1214 2490 e.
1232 2438 1314 2490 inveni
1330 2450 1374 2486 mo·

235 2508 307 2569 Vulgo
323 2502 430 2568 suriunt]
452 2505 524 2560 Quod
547 2504 687 2553 meretrices
708 2520 794 2553 omnes
824 2504 891 2554 dum.
914 2505 941 2552 C.

231 2580 315 2619 emant
330 2569 503 2619 adolescentes
543 2568 577 2617 Et
592 2569 791 2633 argumentetur:
859 2572 896 2617 12
918 2572 1004 2627 Primo,
1024 2572 1069 2617 tibs'
1087 2587 1132 2618 sos
1149 2572 1218 2619 bosut
1232 2586 1276 2633 per
1291 2576 1313 2618 te
1326 2566 1374 2615 usli

231 2634 295 2699 quia,
308 2634 372 2697 quod
383 2634 495 2683 omnibus
506 2632 571 2694 licet,
583 2634 626 2682 uni
637 2633 701 2683 licet.
725 2634 757 2682 E.
824 2633 894 2697 dare]
907 2634 941 2682 Η.
953 2650 974 2682 e.
989 2644 1016 2682 tu
1028 2650 1077 2683 uon
1092 2634 1235 2698 permisisti,
1251 2629 1373 2684 mismo-'r

264 2702 286 2749 5.
298 2699 387 2764 Guifit]
397 2697 519 2755 Quoniam
528 2698 553 2747 id
563 2708 586 2747 te
596 2700 697 2763 propius
705 2698 792 2763 tsugit,
824 2699 870 2748 bus
886 2698 1066 2748 obsistentibus.
1101 2698 1154 2757 vet,
1171 2700 1222 2749 Tui
1241 2714 1318 2749 mores
1332 2709 1374 2745 nou

231 2764 283 2813 sive
295 2776 337 2814 tus
347 2764 425 2828 magis
436 2764 516 2813 refert.
550 2766 623 2813 Haud
633 2767 707 2812 minus
717 2761 791 2839 repre]
823 2763 1016 2829 postrsluverunt,
1035 2780 1076 2813 me
1094 2764 1153 2813 dure
1176 2764 1223 2814 tibi
1241 2766 1305 2813 bons
1320 2774 1373 2816 Μ,

231 2830 324 2879 Verum
336 2829 441 2878 amicum
456 2829 508 2893 ugit
524 2828 693 2887 Menedemus,
705 2842 747 2892 qm
757 2844 791 2876 te·
824 2832 862 2877 cui
872 2831 955 2887 decuit,
966 2829 982 2877 i.
995 2843 1016 2878 e.
1030 2831 1125 2891 justum
1137 2828 1185 2878 fuit
1197 2829 1305 2879 medere
1319 2828 1374 2875 tous

232 2910 307 2957 quum
315 2910 346 2943 ex
357 2894 511 2944 incommodo
519 2892 592 2943 amici
600 2893 708 2942 dolorem
718 2893 791 2958 cupit.
824 2908 886 2952 mes,
903 2893 961 2956 quis
978 2897 1034 2956 jure
1049 2894 1155 2943 debebss
1170 2894 1234 2943 mibi
1249 2892 1373 2944 mecedem

231 2958 610 3071 0.-Β1ιιὶιιςιιιψςτεριιεις.
643 2961 675 3008 Id
690 2963 737 3021 qut,
751 2976 792 3007 se-
824 2958 873 3007 nisi
890 2959 1042 3007 obstitissent
1057 2974 1143 3007 mores
1171 2960 1286 3008 u—vtt
1294 2950 1372 3015 deod]

230 3028 458 3083 summensteten
471 3027 542 3085 cupio.
591 3040 642 3085 ,sm
657 3026 684 3072 id
698 3028 740 3087 qul
755 3032 794 3072 est
824 3023 890 3078 Quis
908 3024 989 3089 primo
1009 3024 1054 3072 tibi
1071 3039 1121 3073 non
1139 3023 1211 3073 licuit
1229 3024 1293 3073 dere.
1325 3020 1371 3069 11oe

230 3104 275 3137 cur
286 3088 366 3146 facist,
379 3088 467 3137 nescio.
492 3088 520 3136 B.
824 3087 891 3137 enim
912 3088 1033 3152 optimum
1055 3100 1093 3137 est
1115 3089 1267 3153 perentibus,
1288 3096 1373 3157 sempe}

264 3153 286 3204 l.
301 3153 364 3207 Quid
374 3151 520 3216 missurus]
534 3153 601 3202 Bene
612 3155 719 3202 memus.-
735 3152 794 3216 quis
824 3152 882 3202 liliis
900 3154 965 3202 bone
983 3153 1086 3202 medere.
1120 3154 1170 3203 Sed
1189 3154 1237 3204 buc
1251 3168 1305 3202 cum
1319 3147 1371 3199 urb!

231 3217 282 3266 lilio
293 3219 370 3279 msjor
381 3228 419 3267 est
434 3227 511 3282 puter.
539 3219 667 3269 c-osto
676 3234 712 3267 me
727 3222 793 3266 lucu·
824 3224 874 3265 uon
885 3217 989 3276 licuerit,
1000 3219 1112 3283 proximo
1120 3218 1164 3267 tibi
1173 3219 1217 3282 qui
1225 3228 1278 3268 erst
1287 3212 1371 3268 ualidi

229 3282 281 3397 ius]
300 3282 368 3331 Serv.
386 3283 444 3331 AEn.
460 3282 502 3331 lib.
522 3282 538 3331 i.
561 3282 593 3331 sd
615 3298 713 3331 versum
733 3284 791 3332 410.
823 3282 870 3331 boc
887 3292 925 3331 est
943 3283 1028 3395 lsEpiro,
1046 3283 1088 3348 qui
1107 3298 1218 3333 sororem
1233 3294 1299 3332 mem
1314 3279 1371 3329 dunt

253 3378 260 3394 .
823 3362 932 3396 uxorem.
980 3383 986 3397 .

264 3414 286 3462 8.
301 3414 415 3476 &sicquid
425 3428 466 3475 ego
476 3412 545 3476 liujus
554 3411 618 3475 feci]
630 3412 709 3475 Hujus
720 3414 791 3462 sbso·
858 3414 895 3461 lt
907 3415 948 3461 Aa
958 3412 1085 3477 moderes]
1103 3414 1172 3462 Bene
1183 3416 1217 3462 ud
1228 3404 1369 3475 prout-ud

229 3478 298 3527 luter
326 3486 355 3526 ut
381 3492 426 3541 per
448 3476 554 3539 ἔκλειψιν
582 3476 646 3527 desit
671 3481 714 3526 ret.
761 3479 791 3527 ln
823 3477 1289 3543 quosspecmtpostfiliumboeredims
1309 3475 1335 3523 C.

231 3542 337 3607 Hecyra,
360 3544 398 3591 Ne
420 3546 476 3605 quid
496 3546 528 3591 stt
549 3542 619 3605 liujus
635 3558 679 3591 oro.
713 3541 790 3603 Alibi,
857 3536 1369 3606 ll.1ttreastuuutaettpmtutn]0im

230 3607 557 3671 Nllsilmsistiussucturum,
570 3616 645 3669 poter.
679 3610 731 3670 Ego
745 3611 790 3656 Ιιιι-
822 3606 997 3670 victimasque
1008 3607 1137 3658 vestitum:
1154 3620 1180 3658 et
1192 3604 1368 3657 teemmhsteu

224 3671 338 3735 jussum]
359 3672 415 3721 Sem
434 3687 462 3720 er
477 3672 558 3735 gravis
576 3671 683 3735 inceptio
699 3672 790 3720 cretio-
823 3687 871 3735 quo
882 3681 907 3720 te
917 3673 1029 3737 recipies
1052 3672 1082 3721 Ε.
1351 3727 1357 3739 ι

229 3736 276 3796 nis,
287 3752 396 3800 quseexo
425 3736 743 3801 iumsumitupronomine.
761 3738 791 3785 C.
859 3738 895 3785 15.
911 3740 997 3793 Vtetur,
1013 3734 1122 3802 uestitus]
1140 3738 1263 3796 Ostendit,
1305 3734 1311 3745 '
1341 3735 1367 3805 ¹3⁸

228 3806 432 3867 ——Qus'cqus‘dego
447 3800 528 3865 liujus]
544 3801 665 3864 Quicquid
682 3816 728 3865 ego
742 3802 792 3851 tale
822 3800 883 3850 illud
894 3802 1158 3866 presidiumstultitioe.
1178 3805 1258 3853 Victus
1290 3800 1296 3811 '

230 3866 283 3915 feci.
314 3868 496 3931 E.-Qus'cquid
510 3867 579 3931 ltrq’us
590 3866 654 3930 fici]
672 3866 790 3915 Priscian.
823 3868 855 3915 sd
871 3866 947 3915 vitum
966 3866 1164 3925 sustentandum
1188 3871 1282 3917 serdus
1298 3861 1366 3913 ertit!

229 3930 271 3979 lib
282 3931 333 3980 xiv.
353 3932 382 3980 L.
823 3932 876 3980 sive
886 3942 987 3980 ornatus
995 3931 1027 3980 sd
1038 3933 1170 3996 mgendum
1179 3947 1275 3997 corpses.
1291 3932 1364 3985 litut·

262 3998 286 4044 9.
297 3999 380 4044 Ans'nm
390 3996 482 4061 omisso]
494 3999 636 4061 Negllgessti
670 3994 746 4053 Alibi,
757 3998 793 4044 At
824 3995 871 4059 tes]
889 3996 964 4054 Alibi,
975 4014 1048 4045 ssesss
1057 4006 1161 4060 receptus
1172 4001 1254 4059 fllia.
1281 3995 1312 4043 Bt
1324 3990 1363 4038 lst-

229 4063 289 4108 elsim
299 4070 386 4109 metuas
396 4065 500 4111 scabre
511 4066 559 4109 sisu
568 4064 694 4111 melotes
703 4064 789 4123 paullo.
822 4061 963 4123 quentutivo
978 4077 1037 4110 usus
1054 4073 1099 4120 est,
1115 4061 1181 4125 quod
1196 4076 1245 4111 nou
1259 4074 1316 4115 lm
1328 4048 1363 4102 ⁸⁸¹

229 4124 789 4189 mmuaqmmm,prtmatam]su1m-
821 4126 1226 4191 bequenterpoteritserecipere.
1248 4127 1275 4174 C
1332 4183 1337 4192 Ι

230 4188 286 4247 tius,
297 4190 370 4239 Cutil
382 4190 420 4239 36.
435 4194 492 4243 Qua
497 4196 574 4253 prtum
580 4194 686 4240 mortales
696 4194 789 4240 meust.
856 4193 894 4239 18.
909 4190 1001 4255 Visere]
1018 4192 1082 4240 Cum
1092 4191 1184 4241 virtute
1193 4202 1220 4241 et
1231 4188 1318 4240 retium
1331 4196 1362 4230 ¹¹¹·

230 4254 265 4304 Et
277 4259 355 4317 primo
369 4256 440 4305 modo
455 4256 486 4305 sd
501 4255 606 4317 leudem,
619 4271 669 4306 nou
680 4256 712 4304 sd
722 4254 788 4305 ordi-
822 4255 925 4320 telligus.
946 4258 1079 4307 C.-Ds'sec
1094 4260 1152 4320 quid
1165 4262 1198 4307 ss't
1213 4251 1296 4316 sim}
1310 4249 1362 4299 ΙΙ·

1406 4391 1413 4450 l

1318 4602 1413 4625 „A
