2834 4759
217 108 278 173 136
653 102 934 169 TERENTll
1217 102 1374 183 [scrust.

280 242 327 306 Et
342 241 460 307 taedet:
484 251 518 305 et
533 261 641 304 amore
656 240 778 304 ardeo:
801 248 835 303 et
849 237 1008 321 prudens,
1025 238 1142 315 sciens,

279 338 396 416 Vivus,
412 338 590 421 vidensque
605 358 724 421 pereo:
749 358 819 413 nec,
836 336 917 420 quid
932 358 1037 420 agam,
1055 337 1133 400 scio.

280 436 367 500 Psn.
385 435 477 509 Quid
491 437 594 519 agas?
618 435 679 497 nisi
694 444 731 498 ut
746 444 779 497 te
795 434 935 497 redimas
951 444 1083 518 captum
1099 454 1196 518 quant
1209 454 1315 517 queas

237 546 269 592 ao
282 532 437 597 Minimo:
461 533 490 596 si
503 554 645 617 nequeas
661 529 805 615 paululo,
819 540 854 595 at
868 532 983 615 quanti
997 553 1118 617 queas:

280 632 329 696 Et
342 654 383 696 ne
399 643 431 696 te
446 629 592 695 afflictes.
638 628 703 693 Pu.
721 628 813 693 Itane
829 628 972 694 suades?
1010 628 1098 693 Psn.
1116 628 1152 693 si
1168 629 1277 713 sapis:

280 729 413 813 Neque,
430 738 648 812 praeterquam
663 748 745 812 quas
760 727 832 811 ipse
847 748 938 791 amor
951 724 1116 791 molestias

282 828 405 904 Habet,
421 826 544 890 addas:
568 836 602 889 et
617 823 699 901 illas,
716 846 797 908 quas
812 824 924 903 habet,
940 835 1029 890 recte
1046 824 1142 889 feras.

281 925 348 989 Sed
364 946 441 988 ecca
455 924 527 1007 ipsa
541 923 720 1007 egreditur,
737 922 840 987 nostri
854 921 947 987 fundi
962 921 1138 988 calamitas.

238 1036 269 1081 ss
281 1022 368 1085 Nam
383 1023 472 1105 quod
487 1043 547 1085 nos
562 1042 680 1105 capere
694 1030 837 1107 oportet,
852 1019 924 1085 haec
940 1021 1115 1105 intercipit.

439 1322 630 1396 ACTUS
668 1322 841 1396 PRIMI
875 1320 1068 1395 SCENA
1101 1322 1151 1395 ll.

517 1502 634 1551 mets.
667 1504 850 1555 l'llAEDRIA.
887 1506 1073 1555 PARMENO.

283 1626 449 1691 Mrsaasu
464 1628 532 1689 me!
556 1647 671 1689 vereor
686 1647 727 1689 ne
743 1625 822 1691 illud
837 1628 967 1711 gravius
985 1626 1140 1691 Phaedria

250 1825 290 1877 2⁷.
308 1827 341 1873 Et
349 1828 457 1885 pudeat,
468 1822 554 1887 scieas]
566 1825 672 1872 Prudens
683 1833 728 1881 est,
741 1824 782 1888 qui
815 1828 953 1874 interbibere
964 1828 1013 1875 solo
1023 1828 1045 1873 si
1060 1828 1111 1873 rirto
1125 1834 1222 1883 scateat,
1237 1828 1375 1874 Corinthien-

217 1888 381 1952 intelligeutia
402 1904 447 1937 sua
468 1886 560 1950 aliquid
580 1888 662 1937 sentit.
695 1892 782 1947 Sciens,
814 1888 987 1952 semfortemet
1001 1892 1136 1953 Pyrenaeum
1144 1896 1228 1952 potest.
1256 1890 1289 1939 D.

218 1951 539 2017 quialicttiusindiciorem
554 1952 685 2015 cognoscit.
716 1954 783 2017 Ergo
850 1956 871 2002 1.
889 1952 1374 2016 Miserommetetc.seueotiorsms]1tli·

214 2020 325 2080 pudens,
337 2033 381 2082 per
392 2032 459 2073 sese;
475 2020 555 2074 sciens,
567 2032 612 2080 per
623 2017 691 2065 alios.
716 2018 747 2065 D.
814 2034 897 2075 orsum,
908 2018 935 2067 in
953 2018 1026 2067 aliam
1044 2028 1153 2083 partem:
1172 2028 1200 2067 ut
1218 2035 1325 2072 messi.
1341 2033 1374 2063 re·

251 2086 290 2131 28.
307 2080 781 2143 Vsuss,rideasqsepereo]Mireetnove,
816 2090 913 2131 trorrsar
932 2082 1029 2131 dicitur.
1060 2083 1238 2131 D.-Misrrars
1258 2080 1323 2144 niet]
1349 2080 1374 2127 ln

218 2150 282 2197 riom
290 2163 374 2209 pereo:
391 2155 417 2194 et
426 2156 557 2210 propterea
572 2145 608 2193 sic
621 2145 692 2203 dixit,
704 2156 733 2194 ut
743 2145 781 2194 in·
815 2146 861 2194 hac
878 2162 952 2195 scena
971 2147 1051 2211 primo
1069 2148 1237 2195 controversis
1255 2157 1306 2195 est:
1322 2144 1373 2191 dein

218 2211 358 2275 telligamus
368 2214 476 2266 occidor,-
492 2221 518 2258 et
528 2214 598 2268 mous,
607 2210 676 2273 quasi
684 2210 783 2273 sapiens
815 2210 981 2259 deliberativa.
999 2211 1172 2260 Controversia
1182 2212 1300 2260 taliaest:
1314 2208 1374 2257 Ado·

219 2285 245 2325 et
255 2276 371 2325 sentiens
402 2278 610 2337 itineribusque
618 2273 700 2349 urso]
713 2274 783 2323 Bene
814 2274 910 2323 lescens
927 2284 1021 2325 amator
1038 2274 1157 2325 missurus
1173 2291 1278 2325 munera
1295 2274 1374 2327 fuerat,

218 2340 312 2390 addidit
322 2344 416 2395 adeas,-
433 2354 489 2387 nam
500 2342 564 2387 omar
573 2339 646 2403 perit,
655 2354 697 2401 qur
708 2338 783 2388 etiam
815 2355 869 2402 quae
876 2340 961 2389 eadem
968 2340 1084 2389 meretrix
1093 2340 1269 2406 postulaverat,
1274 2348 1300 2388 et
1306 2337 1375 2387 multa

218 2404 342 2453 dormiens
358 2402 520 2468 opprimitur;
542 2406 621 2451 videus
637 2412 726 2461 autem,
740 2403 783 2466 qui
815 2402 876 2459 alia3
893 2404 934 2453 eui
951 2403 1013 2453 alter
1029 2414 1124 2453 amator
1138 2404 1288 2469 promiserat
1304 2416 1373 2466 qusu-

219 2467 599 2543 vigilsns'rimpatituretperit.
624 2466 689 2542 Nam
697 2470 781 2542 ridere,
814 2468 871 2543 datu
883 2469 1011 2543 virginem,
1024 2484 1078 2532 qua
1089 2469 1221 2531 aliquando
1233 2472 1287 2532 ejus
1302 2480 1373 2515 mere-

218 2531 782 2658 llilili‘qli'i'itlieiii‘lnfflli'!
815 2533 1106 2671 illoilli‘rdlibi‘ll
1124 2534 1374 2647 titttss'tl'tt

218 2678 262 2725 qne
273 2664 359 2710 ridenti
366 2662 503 2722 Sarquimir
503 2659 605 2721 frontem
615 2662 683 2707 mods
692 2668 715 2707 et
725 2669 781 2707 tem·
814 2675 922 2722 inquam,
941 2671 1035 2710 amator
1054 2662 1117 2711 alius
1139 2678 1196 2710 cum
1222 2659 1371 2726 promisisset,

216 2741 275 2787 poro
282 2729 368 2787 pingit.
386 2724 453 2799 lirqo
463 2727 533 2780 vum,
543 2739 593 2772 non
604 2734 729 2772 mortuus:
747 2728 781 2772 ai·
815 2726 932 2773 meretrix
941 2726 1119 2774 adolescentem
1129 2735 1265 2775 amatorem
1273 2742 1288 2773 s
1299 2740 1324 2773 re
1334 2736 1371 2769 ex-

219 2794 282 2847 dens,
294 2805 344 2837 non
355 2790 485 2837 dormiens.
510 2788 541 2835 D.
815 2787 894 2837 clusit.
923 2790 1179 2852 llealitinjurisrum.
1209 2790 1273 2840 Haec
1284 2796 1372 2837 contro·

253 2854 291 2903 29.
310 2852 420 2915 Captum]
445 2851 582 2909 Sallustius,
606 2852 634 2899 B.
653 2852 676 2899 J.
696 2855 717 2900 1.
742 2854 783 2901 Sin
815 2854 896 2902 versia
913 2852 1035 2902 venialem
1054 2864 1145 2902 statum
1161 2854 1287 2903 continet:
1304 2850 1371 2901 conti-

219 2928 300 2981 roptas
312 2920 554 2981 prousespidiss'bas.
574 2915 647 2968 Quom
658 2933 728 2979 queas
739 2920 782 2964 mi·
816 2928 882 2965 tetur
901 2917 967 2965 enim
985 2934 1011 2966 se
1030 2918 1115 2967 iecisse
1136 2918 1260 2981 injuriam.
1288 2918 1372 2965 Verum

218 2982 291 3047 aimo]
309 2981 479 3031 Perseverarit
494 2980 520 3028 in
532 2980 698 3038 translatione,
711 2996 783 3043 quam
816 2981 876 3029 dicit
892 2981 1044 3041 necessitate,
1057 2983 1120 3045 quod
1133 2984 1193 3032 velit
1209 3000 1265 3032 eam
1276 2980 1373 3047 puellam

216 3046 360 3110 jamdudum
371 3047 459 3095 sumsit
470 3061 484 3093 a
495 3045 559 3093 bello
567 3044 691 3109 (Respicit
699 3060 784 3094 versus
816 3061 832 3093 a
850 3045 929 3094 milite
949 3046 1066 3111 recipere,
1084 3062 1138 3110 quie
1158 3048 1203 3096 sibi
1223 3062 1293 3097 soror
1310 3054 1373 3093 antea

220 3114 243 3161 8.
258 3114 295 3160 to.
310 3113 346 3159 14.
361 3113 397 3159 15.
412 3110 469 3173 16.).
492 3110 523 3157 Ι).
816 3109 903 3158 luerat
932 3110 967 3159 Et
982 3110 1097 3173 quoniam
1108 3128 1206 3176 semper
1218 3109 1319 3161 venialis
1329 3118 1372 3155 sta·

253 3178 291 3224 st,
309 3179 336 3224 Si
349 3173 426 3237 repis]
446 3174 476 3223 ld
487 3184 532 3231 est,
543 3172 565 3221 si
580 3188 609 3222 sa
626 3172 662 3222 iss
673 3173 704 3222 ad
722 3172 783 3222 infe·
818 3183 857 3222 tus
874 3176 919 3223 sub
932 3174 1041 3238 qualibet
1051 3176 1201 3251 purgatione
1217 3179 1373 3243 coniecturam

218 3241 284 3290 riors
292 3238 445 3302 jungendum
456 3248 507 3287 est:
526 3254 583 3287 narn
618 3238 665 3286 iter
680 3253 730 3286 non
743 3238 781 3285 in·
815 3248 910 3297 tractat,
918 3254 949 3287 an
960 3240 1005 3289 hoc
1017 3255 1100 3289 animo
1111 3240 1204 3298 fecerit,
1214 3241 1267 3289 aire
1275 3250 1371 3287 necem·

220 3304 345 3367 telligitur.
374 3303 406 3350 D.
816 3312 873 3362 tate,
890 3302 942 3352 sire
962 3304 1011 3353 alia
1026 3305 1135 3367 qualibet
1151 3320 1231 3353 causa.
1267 3304 1315 3353 liic
1330 3298 1372 3347 erit

253 3371 292 3417 32
309 3369 370 3416 llaec
380 3366 429 3416 levi
441 3366 610 3415 immutatione
621 3382 652 3414 ex
661 3366 783 3415 Eunucho
816 3377 919 3415 tractata
930 3367 1003 3417 etium
1020 3372 1160 3431 conjectura
1171 3368 1292 3425 similiter,
1308 3377 1372 3428 quam

222 3432 354 3482 Menandri
373 3446 431 3480 suut
449 3446 580 3495 expressa:
602 3431 642 3489 ut
661 3426 782 3492 θεομάχει,
816 3430 913 3494 quidem
931 3447 983 3481 rem
1001 3434 1108 3481 breviter
1125 3434 1248 3497 percurrit
1268 3432 1318 3495 ipse
1338 3426 1370 3475 di·

218 3496 279 3558 μηδὲ
291 3494 414 3560 προσάγων
424 3495 459 3556 τᾷ
469 3492 591 3557 πράγματι
597 3498 719 3555 iteratim
731 3492 782 3543 ert·
816 3511 889 3545 cens:
908 3499 968 3553 Νωι,
980 3514 1024 3560 qua
1038 3500 1150 3561 quendam
1164 3500 1219 3560 plus
1235 3500 1334 3561 diligata,
1350 3506 1371 3537 Ν

219 3581 280 3626 pour,
292 3562 348 3612 τοὺς
359 3558 500 3621 oneum
511 3558 576 3622 φέρε.
605 3558 644 3606 W.
809 3559 876 3623 seri.-
893 3563 934 3609 sed
945 3564 979 3609 ito
990 3570 1040 3609 erat
1052 3561 1236 3625 res,saeiendnm
1241 3561 1299 3623 suit.
1317 3556 1371 3605 Hae

253 3629 292 3675 ³4.
310 3629 392 3675 Nostri
395 3624 469 3688 sandi
480 3623 613 3687 munitos]
631 3623 733 3687 Proprie
745 3642 784 3673 rc·
817 3624 983 3674 controversia
1001 3626 1181 3675 aceruationem
1201 3627 1275 3675 habet
1291 3632 1314 3671 et
1332 3618 1369 3667 de·

220 3694 346 3740 mitatem
361 3688 446 3739 rustici
462 3688 606 3752 grandinem
618 3687 710 3745 dicunt,
721 3689 785 3752 quod
817 3689 959 3737 tensionem.
978 3689 1026 3738 Sed
1038 3690 1148 3739 defensio
1157 3696 1371 3756 perseveratusqttt

219 3756 370 3805 comminuat
382 3753 509 3812 calamum,
521 3753 567 3801 hoc
578 3762 623 3811 est,
633 3751 740 3801 culmum
755 3767 784 3801 ac
817 3752 849 3801 ad
865 3753 1048 3803 deliberativam
1064 3754 1206 3803 orationem.
1236 3756 1300 3803 Nam
1332 3758 1372 3797 ett-

219 3831 335 3884 segetem
363 3818 496 3881 D.—l.ege
509 3833 565 3867 cum
583 3816 696 3865 omnibus
714 3816 783 3865 codd.
818 3827 872 3866 rura
884 3828 921 3867 est
932 3818 1049 3867 meretrix
1066 3816 1159 3883 aliquot
1174 3818 1235 3877 dies,
1247 3830 1272 3867 et
1282 3766 1370 3881 podice·

219 3888 266 3935 Sed
276 3904 330 3935 ecco
340 3888 392 3947 ipsa
406 3885 531 3946 egreditur,
543 3882 578 3929 ita
589 3890 617 3930 ut
631 3899 656 3930 ec
666 3881 784 3945 corripis·
817 3892 858 3930 tur
877 3883 961 3931 haberi
977 3882 1094 3947 deinceps
1113 3899 1139 3931 se
1157 3899 1171 3932 a
1189 3882 1300 3932 Plraedria
1320 3876 1370 3951 '5¹9‘

219 3961 266 4000 tur.
285 3948 400 4013 vulgaris
411 3946 486 4011 igitur
497 3946 569 3994 lectio
576 3949 622 3995 Ssd
631 3948 683 4008 ipss
693 3948 784 4009 egredi-
817 3946 924 3995 lescentc
931 3962 976 3995 suo
984 3956 1098 3996 amatore.
1113 3946 1201 3997 Omnis
1208 3958 1287 3997 autent
1295 3954 1372 4009 petitio

219 4024 315 4064 tsruon
328 4024 366 4063 est
377 4011 519 4061 necessaria
549 4012 578 4059 B.
817 4010 1000 4060 deliberativam
1013 4021 1087 4061 tenet.
1116 4012 1183 4076 Ergo
1198 4010 1369 4079 secundumlot·

252 4081 291 4128 at.
308 4076 444 4139 Intercipi't]
461 4074 648 4139 Proprie,quasi
658 4084 734 4123 totum
744 4091 784 4125 ca·
818 4076 900 4125 dinem
912 4076 943 4125 ad
955 4076 1053 4141 singula
1063 4088 1220 4125 revertamur.
1251 4070 1371 4139 Egreditur

219 4144 257 4207 pit
277 4143 339 4203 (imo
356 4144 463 4203 intercipi
482 4140 581 4205 proprie
604 4138 700 4195 dicitur,
722 4140 786 4201 quod
818 4140 935 4189 meretrix
946 4140 1039 4204 primo:
1057 4157 1089 4189 ex
1099 4141 1146 4189 hoc
1156 4141 1269 4197 declarat,
1279 4154 1303 4187 se
1314 4130 1370 4197 quod

217 4206 314 4271 eapitur
331 4217 389 4255 ante
405 4206 523 4268 quemad
540 4204 621 4253 locum
636 4203 784 4252 destinatum
817 4204 909 4264 lecerit,
927 4204 1064 4255 necessario
1083 4205 1177 4263 fecisse,
1194 4204 1283 4261 dicens,
1298 4204 1369 4249 l'erttt

250 4271 365 4320 rvenerit.
390 4270 431 4317 Sic
439 4268 517 4319 literoe
526 4268 640 4332 intercipi
648 4268 784 4329 dicuntur).
817 4286 845 4317 ne
856 4272 1019 4333 itiadgroclur
1028 4270 1137 4319 Plaedrio
1149 4272 1235 4328 tulerit,
1247 4284 1297 4317 nere
1307 4264 1368 4333 ritor-

217 4288 320 4387 llantur
331 4335 358 4383 in
370 4334 506 4394 Aulularia,
517 4334 552 4382 iii.
568 4334 589 4382 6.
604 4334 642 4381 22
662 4332 719 4387 Qsae
730 4336 786 4381 milti
817 4350 873 4391 rum,
886 4342 954 4395 atque
964 4332 1066 4395 egrseri,
1079 4333 1205 4397 acceperit]
1226 4334 1279 4382 Duo
1289 4334 1368 4395 p0⁵l¹¹¹t
