2834 4759
461 182 520 247 IN
542 182 833 251 HECYRAM.

305 350 308 356 ¹
382 364 569 430 ALTER
598 364 912 435 PROLOGUS.

156 518 307 583 Oasroa
317 516 364 581 ad
377 539 435 582 ros
449 517 543 582 venio
557 527 674 581 ornatu
688 518 835 605 prologi:

156 618 259 684 Sinite
273 629 426 683 exorator
441 629 478 682 ut
492 618 562 695 sim,
577 618 693 682 eodem
707 628 744 682 ut
753 620 829 702 jure
845 619 892 683 uti
907 640 1021 684 senem

157 716 282 795 Liceat,
295 741 361 803 quo
370 718 446 802 jure
462 738 533 780 sum
547 738 626 780 usus
641 715 877 781 adolescentior
887 742 901 807 ,²¹

155 815 269 879 Novas
284 817 341 901 qui
354 825 486 881 exactas
502 814 564 879 feei
578 825 615 878 ut
628 814 917 892 inveterascerent,

127 926 143 970 5
155 913 211 978 Ne
225 937 299 978 oum
313 926 411 999 poeta
426 915 587 999 scriptura
598 924 816 979 evanesceret.

154 1010 194 1076 ln
208 1012 270 1090 his,
284 1034 367 1098 quas
381 1013 517 1097 primum
532 1010 642 1076 Caeoili
654 1010 755 1076 didici
768 1034 880 1089 novas,

155 1109 278 1175 Partim
293 1134 367 1175 sum
378 1132 490 1176 earum
504 1121 650 1188 exactus,
663 1111 782 1195 partim
796 1112 850 1175 vix
864 1111 949 1175 steti.

99 1262 122 1309 1.
142 1264 226 1310 Orata
241 1264 274 1310 ad
288 1279 325 1311 noe
340 1266 403 1311 unio
418 1270 501 1311 ornata
519 1260 623 1327 mehgi]
655 1260 784 1325 Tanquam
794 1260 860 1309 aliud
872 1277 946 1325 agens
956 1262 1213 1376 affertexempmqui·

61 1326 161 1389 Magna
182 1336 234 1375 arte
254 1327 294 1375 hie
314 1327 432 1390 Prologus
452 1326 558 1392 scriptus
578 1338 623 1387 est,
655 1326 700 1375 bue
723 1327 842 1385 ostendet,
861 1337 931 1391 turpe
950 1342 1000 1375 noa
1022 1343 1075 1377 esse
1119 1330 1215 1379 erentio

59 1390 141 1439 nimis
157 1392 268 1440 oratorie.
298 1392 363 1441 Nam
374 1392 464 1441 totiens
475 1392 577 1456 expulsa
587 1393 624 1441 ia·
655 1391 780 1439 exclusam
791 1406 843 1441 esse
854 1406 928 1439 uuam
937 1390 1003 1441 illius
1014 1392 1126 1451 fabulam,
1137 1409 1213 1457 quum

58 1455 130 1513 bula,
141 1455 261 1518 quomodo
271 1456 373 1505 honeste
384 1456 492 1505 revocari
503 1457 584 1521 potuit
596 1458 623 1505 in
655 1456 787 1505 multorum
803 1466 929 1521 poetarum
944 1456 1028 1505 mtdtee
1043 1467 1133 1507 exactae
1144 1458 1209 1508 sint:

58 1521 227 1585 proscenium,
246 1520 293 1570 nisi
309 1520 389 1586 primo
402 1521 457 1585 ipsa
471 1520 624 1585 impudentia
655 1520 1052 1583 etinhisssaeeilii,aujutillotem
1086 1538 1210 1587 remagua

59 1599 109 1648 pro
120 1585 209 1635 fiducia
218 1587 383 1662 proferretur?
401 1586 489 1635 deinde
500 1596 567 1635 actor
578 1603 622 1651 pe·
653 1584 849 1635 auctoritast'uit.
876 1590 1045 1637 Adolescentia
1072 1588 1210 1639 Haeccom·

58 1649 195 1700 ritissimus
220 1667 273 1715 ipse
299 1651 435 1708 Ambinon,
457 1651 571 1715 probaret
597 1661 623 1700 et
653 1650 748 1715 paratio
756 1650 978 1727 minusapositivo
988 1662 1064 1710 sonat,
1075 1661 1099 1701 et
1111 1652 1160 1702 rim
1171 1652 1209 1703 di·

58 1716 621 1779 poetametoomoediam‚eujusauctoritaselu-
653 1714 799 1765 minutivam
814 1714 947 1781 exprimit:
974 1726 1014 1775 ut,
1029 1716 1087 1767 AEn.
1105 1717 1136 1767 ri·
1154 1720 1210 1768 ³04.

59 1780 253 1830 cetexverbisl
270 1780 621 1830 tumdeindesubtiliternovo
652 1782 705 1829 Jnnr
721 1784 815 1837 senior,-
838 1783 880 1829 sed
893 1784 1020 1831 cntdadeo
1033 1784 1157 1847 viridisque
1172 1801 1210 1834 ιι-
1261 1838 1267 1846 ,

57 1855 149 1909 poeta,
166 1860 182 1894 ι
201 1856 297 1896 vetusto
313 1854 339 1894 et
410 1862 448 1895 uae
469 1846 621 1895 auctoritatis
651 1854 738 1895 aeetae.
766 1845 1209 1907 D.-Quojnreennarnradoleeeen-

58 1910 163 1958 Caecilio
172 1920 297 1985 peteretur
306 1926 395 1975 exemp
405 1926 453 1968 um,
462 1921 486 1958 et
495 1921 620 1975 peteretur
652 1909 710 1973 tior]
729 1910 778 1959 Hic
796 1910 911 1976 prologus
932 1910 1021 1960 dicitur
1042 1912 1073 1960 ab
1095 1913 1210 1963 Ambivio

57 1974 275 2039 ingeniosissime?
294 1976 358 2024 Nam
367 1976 431 2038 quod
439 1975 494 2023 rudi
503 1975 620 2025 Terentio
651 1974 784 2039 Turpione,
796 1975 853 2040 quia
863 1991 939 2025 senex
949 1975 1028 2026 luerat
1039 1976 1081 2039 qui
1093 1988 1130 2027 est
1141 1978 1167 2027 in
1179 1993 1209 2027 ea

56 2039 173 2104 ωιιιὶςίι,
187 2040 304 2089 accidisse
318 2040 553 2089 memoraturveteri
564 2042 618 2090 Om-
650 2050 729 2095 seton
759 2040 1209 2105 etitergoutiparimodoutatursenex

56 2103 133 2153 cilio:
156 2106 222 2168 quod
236 2105 294 2154 huic
308 2104 391 2164 semel,
402 2103 439 2153 illi
454 2120 534 2181 sepe:
553 2106 620 2169 quod
649 2056 814 2154 benivolentia
823 2104 970 2170 populique
979 2116 1005 2155 et
1014 2106 1161 2155 adolescens.
1177 2106 1208 2157 Ε.

57 2169 119 2218 huie
133 2169 160 2218 in
177 2170 232 2219 aliis
248 2186 379 2234 nunquam,
395 2170 442 2218 hoe
463 2171 500 2219 illt
521 2170 572 2219 sere
592 2170 619 2220 in
682 2171 705 2217 4.
723 2172 801 2219 Novae
811 2174 851 2234 qni
861 2168 1007 2232 cenetensem*
1018 2178 1044 2219 ιιι
1058 2175 1207 2220 inveteratos·

55 2234 191 2283 omnibue:
220 2235 284 2298 quod
299 2235 365 2295 huie,
381 2246 470 2299 praeter
487 2235 618 2299 Hecyram,
649 2233 714 2298 rent]
738 2233 868 2297 Ξύλληψιι.
906 2236 1103 2293 Intreteraererent¹
1127 2236 1208 2285 denuo
1307 2254 1313 2273 ι

56 2312 85 2347 et
104 2310 173 2359 aetas,
193 2309 219 2347 et
237 2301 344 2364 probatae
364 2310 423 2349 suut
441 2309 553 2349 oreterae:
580 2301 617 2350 illi
649 2309 795 2369 egerentur:
814 2298 870 2363 quia
880 2298 987 2349 nondum
999 2310 1061 2359 aeta,
1070 2315 1135 2349 nova
1145 2300 1206 2350 diei·

55 2364 149 2428 partim
160 2374 259 2421 enatae,
270 2364 538 2429 partimvixprobatie.
566 2366 616 2415 lta·
649 2364 785 2413 tursabula
802 2364 1053 2429 Exactae]Expulsas
1077 2367 1206 2415 Innoterat-

55 2445 106 2491 que
117 2428 157 2478 his
167 2430 280 2479 omnibus
288 2430 437 2493 argumentis
445 2429 471 2477 id
481 2440 563 2478 aetum
571 2440 617 2490 est,
648 2428 737 2492 errent]
752 2430 782 2477 ln
793 2428 992 2479 consuetudinem
1003 2428 1123 2490 venirent,
1135 2446 1206 2495 speo-

55 2504 87 2542 ut
102 2510 182 2557 neque
203 2494 381 2558 desperandum
396 2494 430 2543 sit
444 2495 476 2543 de
493 2494 616 2555 Terentio,
648 2502 766 2551 tarentur,
778 2505 924 2544 amarentur.
951 2495 1094 2544 D.-Neoat
1109 2498 1149 2559 qni
1165 2513 1206 2545 ea-

56 2559 125 2621 quod
140 2558 257 2623 expulsus
274 2572 312 2608 est
326 2559 388 2621 (alii,
404 2562 524 2621 explano.-
545 2559 616 2619 lorte‚
648 2567 713 2607 natae
722 2557 773 2621 seot'
788 2568 815 2607 at
834 2558 1034 2623 inveteraverant]
1055 2560 1104 2615 Qui
1124 2561 1206 2611 labore

54 2622 191 2687 archum:
209 2638 237 2674 ut
247 2624 405 2674 nihilominus
416 2624 452 2672 illi
467 2633 561 2673 tantum
577 2636 615 2673 at-
647 2638 703 2671 meo
720 2638 794 2672 novas
809 2624 939 2673 oomoeffias
955 2623 1064 2673 exclusas
1079 2625 1110 2674 ud
1121 2626 1206 2691 populi

56 2688 214 2738 tribuendum
227 2691 267 2749 eit,
278 2699 307 2738 ut
320 2688 536 2753 eutparCacilio‚
547 2704 616 2753 mag-
646 2702 719 2737 aures
731 2688 849 2746 revocari,
862 2698 887 2737 et
897 2696 992 2737 veteres
1003 2688 1103 2737 consen.
1128 2690 1157 2739 E.

53 2768 89 2802 no
101 2764 161 2802 tunc
171 2766 257 2817 poeta,
266 2752 555 2803 autultromelioretiam
562 2769 615 2803 esse
680 2754 706 2801 5.
720 2755 758 2802 Ne
774 2770 823 2801 enm
836 2761 905 2815 poeta
919 2756 1035 2815 scriptura
1050 2755 1204 2819 enanuoeret]

53 2817 141 2881 possit.
175 2818 226 2869 Hie
241 2830 323 2868 autem
338 2819 368 2867 L.
381 2817 511 2867 Ambiviue
520 2818 615 2876 histrio,
647 2817 728 2866 Causa
744 2817 800 2867 iacti
816 2817 939 2866 honestior
958 2828 1002 2877 est,
1018 2833 1067 2868 non
1084 2834 1111 2867 se
1126 2830 1206 2884 poetae

52 2883 102 2931 fuit
118 2892 185 2932 actor
203 2884 383 2933 comoediarum.
419 2886 503 2932 Orator
524 2886 556 2931 ad
577 2900 615 2933 noe
646 2881 869 2947 unius‚sedipsius
879 2883 1202 2947 poematisoausalaborare.

51 2947 132 3011 nenio]
142 2951 273 2999 Oratorem
282 2948 368 2998 audire
379 2950 546 3012 oportunius
553 2964 614 3012 geu-
646 2944 680 2995 D.

51 3013 118 3062 tium
134 3024 191 3063 ests
213 3024 333 3063 oratorem
349 3028 399 3061 non
420 3012 479 3061 licet
499 3012 614 3076 injuriam
679 3012 702 3059 t.
720 3013 749 3060 In
760 3014 803 3070 lie,
815 3015 978 3075 qaasprinram
990 3014 1070 3062 Geeili
1079 3016 1152 3063 didici
1162 3032 1202 3063 na·

51 3078 114 3143 pati.
150 3079 211 3127 ldeo
231 3095 290 3143 ergo
306 3094 337 3127 ne
353 3076 497 3142 expellatur,
516 3094 567 3127 non
588 3094 615 3128 se
646 3075 700 3141 aas]
718 3077 742 3125 Α
758 3076 832 3126 simili
848 3086 1024 3141 argumentum,
1036 3078 1100 3142 quod
1116 3079 1144 3127 fit
1156 3096 1205 3155 per

50 3143 191 3207 prologum,
203 3144 247 3192 ted
259 3154 380 3193 oratorem
396 3142 513 3192 nominat.
540 3142 614 3192 Plau·
646 3142 850 3206 eomparationem
867 3142 1021 3191 artificiosam
1036 3153 1062 3191 et
1075 3154 1203 3195 oratoriam

52 3218 93 3257 tus
110 3208 181 3257 Poeu.
198 3208 215 3257 i.
233 3211 254 3257 2
273 3209 326 3259 171.
349 3211 421 3270 inpia
438 3215 523 3257 secrete
538 3216 614 3257 orato·
645 3222 767 3255 rerumne
779 3222 943 3271 personarum.
967 3208 1204 3270 n-ttmm

50 3291 100 3322 mr
110 3278 225 3323 verteras.
249 3274 564 3323 D.—Oratoradooenenr'o
576 3290 613 3321 or·
648 3274 728 3321 Ceeili
738 3275 810 3320 didici
820 3271 901 3336 nnat]
913 3272 1092 3323 Comoediarum
1100 3273 1204 3339 scriptor

51 3347 111 3387 nata
120 3342 226 3402 prologi:
240 3342 420 3388 siniteeeorator
430 3336 486 3399 sira]
498 3336 614 3387 Aliusest
646 3336 760 3385 Caecilius
782 3336 845 3386 fuit:
877 3353 935 3401 ergo
956 3338 988 3387 ad
1009 3336 1074 3387 huno
1096 3339 1203 3389 laborem

50 3403 93 3452 hic
103 3404 218 3468 prologus
229 3420 244 3452 a
254 3403 388 3479 superiore,
395 3403 438 3466 qui
447 3402 495 3451 fuit
503 3418 531 3451 ιιι
563 3402 613 3451 rio-
645 3417 716 3451 suum
725 3400 818 3466 profert
826 3401 964 3467 exemplum
973 3402 1003 3451 de
1012 3402 1088 3452 altero
1096 3412 1203 3463 auowre,

50 3468 86 3517 ris
95 3468 257 3518 exclusionis:
270 3470 482 3532 hreveropropter
492 3483 537 3516 exo
548 3466 613 3517 ιιιίο-
645 3465 688 3529 qui
716 3467 788 3530 epulo
855 3468 934 3524 uerite
957 3478 982 3516 et
998 3468 1104 3517 ostendit
1117 3470 1203 3535 populi

49 3548 110 3582 nem
124 3535 243 3583 tumultus
252 3531 421 3583 convenientis
435 3532 528 3597 populi,
538 3548 612 3597 prop·
645 3482 774 3595 quadorum
808 3548 897 3591 orem,
912 3542 938 3581 et
953 3546 1031 3581 scente
1044 3532 1202 3584 dubiamsor-

50 3609 89 3647 ter
100 3599 247 3663 spectandos
257 3599 410 3663 gladiatores.
428 3600 501 3646 Sinite
508 3606 613 3647 exorator
643 3606 729 3645 tunam
740 3612 809 3645 etse:
827 3597 864 3645 uti
874 3596 992 3646 oomoedia
1003 3597 1145 3649 excludatur
1156 3598 1202 3648 ali-

49 3662 229 3713 er'erevelein:
243 3662 497 3726 emireiuquitquod
511 3678 554 3712 oro
564 3662 612 3711 im-
643 3660 763 3725 quotiens.
787 3661 817 3709 E.

49 3740 156 3792 patrem.
178 3730 208 3779 li.
677 3724 700 3777 7.
712 3728 803 3775 Partim
813 3743 950 3775 taenearum
960 3732 1201 3791 naetmparttnotz

84 3796 109 3843 2.
124 3796 200 3844 Sinite
215 3802 320 3843 aanor·
340 3800 368 3842 at
387 3792 444 3857 nn]
469 3795 552 3841 Orator
574 3800 613 3841 est
641 3790 711 3854 steti]
728 3790 799 3849 Vide,
811 3790 1103 3855 plueesseinexemplo:
1124 3792 1200 3855 siqui-

49 3858 110 3907 dum
118 3858 170 3922 agit
181 3857 251 3922 (orat.
262 3859 322 3907 Mm.
332 3869 358 3906 et
368 3858 423 3907 edd
431 3857 609 3922 antestepln):
642 3856 698 3904 dem
714 3856 805 3919 partim
821 3864 912 3905 exactae
927 3864 986 3905 sunt
1001 3856 1092 3905 Coecilii
1106 3856 1200 3917 fibulae,

48 3932 157 3973 amator
178 3939 252 3987 quum
274 3922 443 3987 impetraverit
461 3922 609 3985 (inpetravit.
641 3920 731 3986 partim
743 3920 786 3969 vix
801 3919 927 3970 admissa:
945 3937 1019 3984 quum
1036 3936 1085 3969 una
1101 3922 1201 3985 Hecyra

50 3985 167 4048 ibidem)
203 3989 242 4036 lta
257 3987 327 4046 illud,
342 3986 463 4037 dicentis:
491 3987 545 4047 hoe,
559 3990 610 4050 jam
642 3986 741 4035 exclusa
752 3984 791 4034 sit.
820 3984 854 4033 Et
870 3995 907 4034 est
922 4001 1015 4043 seusus,
1026 3994 1069 4034 aut
1079 3985 1200 4050 displicui,

49 4052 131 4102 effecti
147 4052 349 4116 significationem
366 4053 447 4101 habet.
481 4052 515 4100 Et
533 4060 611 4100 orator
641 4049 783 4113 inquinant
799 4049 920 4113 aliquibus
937 4050 978 4099 rix
993 4048 1081 4116 placui.
1109 4054 1200 4100 Partim

48 4129 95 4177 est,
105 4116 145 4167 eui
157 4134 230 4167 cauea
241 4116 392 4167 defendenda
403 4115 537 4165 mandatur.
559 4118 608 4165 Eo-
639 4132 689 4164 ιιιιιι
698 4132 777 4164 aarum
793 4114 898 4179 erantne]
919 4116 967 4165 Pro
982 4115 1008 4163 in
1020 4115 1074 4164 aliis
1086 4114 1162 4179 (Cum
1172 4114 1200 4165 iu

48 4188 100 4233 dent
115 4192 142 4231 ιιι
151 4183 209 4245 jare
224 4187 260 4231 ati
274 4199 349 4231 ιιιιιιιι
364 4181 446 4245 tear]
461 4181 503 4239 Ut,
513 4181 572 4230 AEu.
584 4197 608 4231 v.
640 4189 699 4229 vett.
715 4178 784 4229 libris
800 4180 890 4230 sitast
905 4182 999 4238 timidis,
1016 4179 1024 4228 l
1056 4216 1062 4229 .
1077 4188 1130 4230 ante
1144 4184 1201 4231 nttt

49 4249 607 4297 distiteliceatearasnieerariinsontieaniei.
639 4242 719 4309 actis).
747 4244 781 4293 Et
799 4244 872 4294 simul
893 4244 1021 4310 splendida
1051 4246 1131 4296 ocutio
1155 4259 1199 4297 est.

50 4312 198 4361 n-rtentt
210 4313 272 4361 duee
284 4312 379 4361 Faerno
391 4310 469 4361 edidit
480 4314 553 4361 Sinite
567 4328 607 4360 ee-
639 4312 731 4359 Partim
742 4309 883 4361 adverbium
894 4320 938 4361 est.
955 4310 989 4359 Et
997 4311 1094 4375 proprie
1105 4312 1200 4361 locutus

48 4386 125 4427 orator
134 4381 185 4427 ein.
208 4378 238 4426 Z.
639 4385 684 4424 est.
709 4374 775 4424 Nam
790 4376 880 4439 sabulo
898 4385 940 4425 aut
956 4378 996 4439 agi
1014 4376 1134 4439 dicuntur,
1157 4387 1201 4427 aut

88 4445 110 4492 3.
137 4442 186 4498 Qno
205 4444 262 4506 jure
287 4459 336 4491 ιιιιιι
358 4460 412 4492 uene
433 4440 607 4506 adolawentior]
640 4450 709 4490 stare.
734 4440 766 4489 D.
