2834 4759
252 219 322 263 xxx
635 196 747 259 DAN.
775 196 1011 259 Hutnstus

253 328 380 391 Videtur
394 327 495 387 audire
509 332 600 387 ιόδιαν
612 332 748 405 Κρατίνου,
762 340 875 407 etquae
888 329 1002 408 reliqua
1021 328 1053 389 in
1072 327 1166 389 reteri
1185 328 1330 389 eomedit
1346 348 1391 388 oc·

252 422 384 474 currunt,
398 412 449 483 laq
463 416 540 471 κόνιν.
578 408 654 468 Nam
668 409 706 469 ad
720 409 926 488 Aristophanis
938 416 971 470 rh
983 415 1099 470 ὥθιιτον
1112 410 1221 469 frustra
1232 430 1304 469 sane
1321 410 1391 488 arpi·

251 491 337 553 ravit.
372 489 449 556 Quis
463 490 540 549 eninr
553 490 614 549 risu
630 510 687 550 non
700 491 852 561 emoritur,
865 512 933 551 curu
946 492 1134 553 vinositatem
1151 489 1265 551 Cratini
1282 490 1392 569 excepit

253 572 363 633 lrenet

392 664 434 711 Et.
448 655 480 709 Ti
493 655 520 709 di
535 658 658 728 Κρατῖνος
671 656 686 709 d
700 657 787 727 σοφόν
800 656 889 723 ι’στινς
925 665 972 729 Τρ.
986 655 1134 721 ’Aridum

388 734 447 793 '00'
458 738 482 789 ol
496 737 611 793 Λάκωνες
623 736 756 801 ἐνέβαλον.
791 746 832 791 Er.
846 737 877 791 Ti
888 737 993 805 παθόνς
1021 746 1068 811 Τρ.
1079 738 1124 803 ’0,
1137 758 1173 802 rt,

392 816 547 889 ἀραιιιιι
560 812 604 890 (ιι
617 818 668 890 ,ap
680 812 846 890 εεηιει-χηι)

392 897 465 953 ’ldrhrr
476 898 554 954 πίθον
566 896 753 971 καταγνύμενον
764 896 836 954 αἶνον
847 897 937 955 πλέον.

252 990 290 1052 ld
303 1004 366 1051 est:

393 1080 424 1137 Ρ.
438 1080 473 1137 Sa
491 1082 549 1137 iens
561 1090 650 1138 autern
663 1082 789 1138 Cratinus
802 1080 867 1155 qnid
912 1082 952 1137 'tt
982 1081 1035 1137 Ta.
1049 1081 1135 1148 Obiit,

391 1151 462 1208 Cum
514 1153 811 1209 consshucinuerent.
843 1153 873 1209 P.
932 1154 1076 1209 omorho?
1106 1152 1161 1208 Ta.
1174 1152 1257 1220 Quot

391 1222 492 1278 Misere
503 1224 600 1295 pallens
612 1225 692 1294 coepit
706 1224 788 1290 (ferre
800 1224 871 1278 enirn
882 1224 935 1279 hoc
947 1242 1003 1278 non
1015 1224 1118 1295 potuit)

392 1294 564 1366 Frangicum
576 1294 678 1349 videret
689 1296 755 1350 vino
766 1296 877 1366 plenum
888 1294 1000 1349 dolium

252 1383 337 1445 Alter
357 1384 435 1443 enirn
456 1384 558 1443 vitium
580 1382 692 1443 Cratini
712 1383 811 1443 ridet:
839 1383 913 1443 alter
926 1382 1025 1443 Nerii
1037 1383 1194 1442 miseriam.
1231 1380 1390 1441 Ridiculum

251 1480 349 1525 autem
363 1485 380 1523 a
393 1466 509 1524 miseria
518 1464 679 1544 prudenter
690 1462 866 1524 Aristoteles
876 1464 1012 1543 sejungit.
1042 1464 1132 1523 Risus
1141 1464 1218 1522 enim
1230 1482 1298 1523 cum
1309 1461 1391 1522 atroci

252 1545 375 1625 alicujus
388 1545 466 1605 malo
480 1559 530 1604 aut
543 1544 707 1605 calamitate
722 1546 747 1605 si
761 1544 933 1624 conjunctus
944 1546 991 1614 sit,
1002 1544 1136 1605 immanis
1150 1544 1232 1604 litae
1246 1546 1389 1604 barbarus·

252 1625 308 1687 llla
320 1640 417 1686 autem
432 1626 517 1705 plane
531 1638 616 1685 extra
630 1646 717 1686 novas
730 1626 825 1705 legem
840 1625 1013 1686 comoedioe:

390 1719 446 1787 Qui
457 1720 594 1792 perjurum
606 1720 750 1775 convenire
760 1720 821 1775 vult
830 1719 979 1785 homiuem,
992 1719 1073 1774 mitto
1083 1718 1113 1773 in
1125 1718 1285 1785 comitium

392 1790 449 1856 Qui
460 1790 615 1845 mendacem
627 1800 654 1845 et
664 1791 823 1861 gloriosum,
837 1790 908 1861 apud
920 1790 1055 1846 Cloacinae
1066 1806 1180 1844 sacrum.

252 1874 293 1937 Et
307 1898 374 1956 quse
389 1877 494 1938 deinde
508 1892 680 1957 sequuntur.
716 1879 807 1946 Quod
824 1879 956 1958 profecto
969 1892 1015 1939 est
1028 1902 1045 1939 a
1058 1878 1172 1958 pulpito
1185 1878 1222 1937 ad
1236 1878 1390 1957 plaustrum

253 1959 357 2019 redire.
387 1959 479 2039 Legat
492 1974 599 2019 caetere
612 1962 661 2037 qui
674 1959 763 2019 volet.
799 1960 858 2019 Sed
870 1961 943 2030 haec,
955 1964 990 2021 Aa
1003 1964 1199 2036 ἔνπροθιιιρίαι
1211 1962 1293 2035 μέρει,
1305 1957 1391 2016 obiter

253 2040 310 2099 sint
325 2040 412 2099 dicta.
449 2039 534 2099 Nunc
547 2041 654 2118 ingenii
669 2040 824 2100 exercendi
839 2062 926 2100 causa
940 2061 974 2099 ac
982 2040 1087 2120 judicii
1101 2040 1139 2099 ad
1154 2039 1270 2118 singula
1290 2056 1388 2105 eamus,

253 2133 283 2183 et
297 2133 454 2199 utrumque
467 2121 565 2199 paullo
579 2140 667 2198 quam
680 2121 812 2200 plerique
826 2122 990 2182 accuratius
999 2122 1195 2199 inspiciamus.
1226 2120 1352 2179 Primum
1365 2118 1390 2173 in

253 2201 398 2261 comoedia
419 2202 619 2279 tragoediaque
640 2216 685 2261 ert
705 2202 868 2280 dispositio.
904 2202 1008 2280 Neque
1023 2202 1225 2269 dubitandum,
1244 2201 1316 2279 quin
1330 2216 1388 2258 cunr

253 2282 427 2343 Aristoteles
447 2282 484 2341 de
505 2283 696 2361 dispositione
717 2282 847 2361 disputat
867 2283 1027 2362 tragoediae,
1041 2284 1128 2341 etiam
1143 2282 1298 2341 cotnoediae
1311 2300 1346 2338 ea
1358 2278 1387 2334 iis

253 2364 408 2424 convenire
428 2362 566 2441 pleraque
587 2363 808 2432 existimaverit,
831 2364 885 2422 nisi
906 2363 994 2442 quod,
1014 2379 1047 2423 ut
1062 2363 1190 2442 tragicus
1204 2362 1340 2441 disponit,
1354 2359 1388 2416 ita

253 2445 381 2503 comicus
395 2464 511 2522 quoque
526 2444 646 2503 invenit.
682 2443 767 2503 Alter
781 2446 857 2503 enim
870 2445 978 2523 accipit
994 2445 1032 2503 ah
1050 2444 1136 2503 aliis:
1164 2444 1239 2503 alter
1260 2444 1322 2521 ipse
1339 2438 1386 2497 sihi

252 2524 303 2585 dat
318 2524 397 2602 quod
411 2525 624 2604 disponendum
639 2538 702 2583 est:
724 2525 779 2583 nisi
793 2526 818 2584 si
832 2528 869 2584 ah
879 2524 936 2585 alio
947 2524 1081 2584 desumat
1092 2539 1307 2603 argumentum,
1318 2533 1386 2580 certe

252 2606 331 2684 apud
346 2605 477 2664 Graecos.
513 2604 589 2663 Nam
604 2604 701 2664 Larini
715 2605 828 2665 fabulas
849 2604 1032 2675 Graecorum,
1054 2604 1245 2683 dispositione
1266 2604 1386 2682 aliquan·

252 2686 345 2745 tulum
360 2686 530 2764 plerumque
545 2686 695 2745 immutata
709 2700 740 2745 et
753 2687 894 2765 personis,
909 2699 1127 2765 expresserunt.
1160 2686 1203 2745 Ut
1217 2706 1284 2745 cnm
1297 2706 1314 2743 e
1329 2680 1386 2739 hle·

251 2766 353 2825 nandri
371 2766 511 2825 Eunucho
524 2788 605 2827 suam
620 2768 722 2846 paucis
735 2768 895 2827 immutatis
911 2766 1067 2825 Terentius
1087 2768 1244 2845 expressit.
1286 2765 1329 2823 Ea
1346 2782 1386 2818 ra·

174 2898 179 2907 .
252 2848 338 2919 tione,
352 2861 385 2906 nt
398 2848 501 2906 Davus
514 2848 667 2917 Parmeno,
678 2845 809 2926 Chrysis,
818 2848 918 2917 Thais,
930 2846 1146 2907 Chaerestratus
1159 2843 1205 2905 hic
1218 2860 1297 2906 esset
1310 2845 1387 2903 Pha·

252 2927 324 2987 dria.
353 2927 475 2987 Plautus
489 2929 517 2985 in
533 2929 771 3007 tragico-comico
785 2929 1006 3008 Amphitryone,
1020 2948 1102 2987 more
1115 2930 1292 3007 tragicorum
1313 2925 1386 2983 labu-

251 3006 309 3066 lam
329 3010 441 3086 accepit
460 3022 490 3067 et
508 3008 669 3087 disposuit:
699 3009 801 3068 sedet
819 3010 936 3069 nomina
954 3010 1072 3069 retinuit
1085 3029 1123 3067 ex
1137 3022 1231 3087 parte,
1246 3006 1325 3087 quod
1338 3021 1386 3061 non

251 3087 327 3147 solet
340 3089 369 3147 in
383 3089 543 3148 comoedia:
565 3109 602 3147 ex
618 3102 710 3169 parte,
726 3091 804 3149 secit.
842 3088 927 3149 Unde
941 3110 1007 3149 raro
1028 3090 1172 3148 invenisse
1192 3100 1385 3169 argumentum

252 3170 379 3247 tragicus
400 3184 486 3248 poeta
505 3170 621 3239 dicitur,
636 3170 648 3245 (
672 3170 729 3229 uod
744 3184 795 3229 aut
808 3191 825 3229 e
838 3170 978 3230 relatione
992 3170 1114 3229 aliorum
1128 3183 1180 3229 aut
1192 3191 1209 3229 e
1223 3168 1346 3248 scriptis,
1357 3176 1385 3222 ut

249 3248 381 3328 plerique
395 3270 433 3309 ex
447 3250 579 3309 Homero
589 3262 640 3309 aut
650 3190 746 3329 lycio
757 3250 860 3329 Epiro,
872 3250 1035 3331 petebant,)
1049 3264 1151 3309 contra
1165 3264 1264 3310 autem
1283 3246 1383 3308 cornici.

251 3330 436 3401 Aristoteles,
456 3337 487 3390 τὸ
507 3336 535 3390 δὲ
555 3334 651 3406 μύθους
671 3340 761 3397 ποιιῖν,
782 3336 940 3409 Ἐπίχαρμον
959 3338 999 3391 καὶ
1019 3338 1117 3409 φόρμιν
1135 3334 1224 3407 ἦρξαν.
1267 3330 1312 3389 lta
1329 3348 1384 3387 eam

252 3431 364 3480 vocem,
380 3432 438 3470 non
452 3426 485 3471 ut
499 3412 626 3489 quidam,
642 3412 687 3471 hic
706 3413 829 3491 accipio.
864 3418 953 3473 Μῦθον
965 3414 1051 3482 euim,
1066 3426 1101 3471 ut
1116 3414 1226 3490 ubique
1246 3412 1306 3471 sere
1325 3408 1384 3469 Ari·

251 3491 358 3561 stoteli,
372 3511 429 3551 non
443 3492 544 3552 drama
557 3506 610 3562 est,
625 3494 677 3552 sed
691 3514 726 3552 ea
742 3493 826 3564 actio,
841 3514 858 3552 e
873 3513 931 3571 qua
943 3493 1045 3552 drama
1058 3494 1253 3563 constituitur,
1266 3496 1282 3565 ἡ
1295 3497 1383 3568 πρᾶξιν

251 3576 267 3647 ἧ
281 3580 326 3646 τῆς
338 3580 510 3651 πραγματείαν
523 3577 663 3634 σύστασιν·
684 3574 833 3651 quomodo
845 3587 877 3633 ct
890 3576 1004 3653 accipit,
1016 3594 1082 3633 cum
1095 3573 1179 3644 (lixit,
1192 3578 1274 3649 μῦθος
1287 3577 1308 3632 d'
1322 3575 1384 3630 ioris

250 3654 295 3723 eir,
311 3659 361 3730 οὐχ
374 3657 462 3731 ὥσπέρ
476 3681 541 3715 τινες
554 3658 658 3723 οἴονται,
673 3658 717 3715 idn
729 3661 789 3732 περὶ
802 3660 846 3714 ἕνα
857 3655 884 3729 ᾔ.
914 3654 954 3713 Et
968 3656 1038 3733 ipse,
1054 3657 1220 3730 rruhupridovs
1235 3675 1285 3714 eos
1299 3661 1382 3717 totth

251 3735 300 3813 qui
316 3734 363 3793 vel
377 3736 481 3804 varias,
496 3734 544 3793 vel
558 3755 625 3813 quae
644 3749 775 3813 tempore
795 3736 907 3804 eodem,
929 3737 967 3794 ab
986 3734 1053 3805 alio,
1074 3756 1131 3795 non
1153 3756 1220 3807 uno,
1241 3749 1271 3795 et
1290 3732 1382 3793 eodem

249 3828 343 3895 gestae
357 3830 433 3885 sunt,
449 3816 639 3894 conjungunt.
669 3815 799 3894 ideoque
814 3817 942 3876 fabulam
956 3816 1073 3894 eligere,
1088 3832 1119 3875 et
1133 3816 1254 3876 electam
1268 3829 1341 3875 recte
1353 3828 1382 3868 ac

250 3896 351 3955 ordine
371 3896 534 3975 disponere,
552 3910 585 3955 ut
600 3897 693 3975 prima
707 3898 811 3966 virtus,
825 3898 865 3956 ita
878 3898 1003 3975 primunr
1019 3898 1237 3975 maximumque
1250 3916 1322 3975 opus
1334 3904 1381 3950 est·

250 3975 285 4035 ln
306 3978 518 4056 Amphitryone
539 3997 716 4036 maneamus.
759 3977 835 4037 Nam
856 3992 890 4037 ut
909 3992 1112 4057 argumentum
1133 3978 1190 4037 hoc
1210 3978 1327 4057 accepit,
1348 3972 1381 4028 ila

249 4058 312 4135 ipse
326 4079 363 4116 ex
376 4058 463 4117 animi
477 4059 618 4117 sententia
630 4057 784 4137 disposuit.
814 4060 914 4125 Quare
925 4060 1030 4137 potuit,
1041 4072 1074 4117 ut
1089 4058 1191 4128 voluit,
1206 4058 1295 4136 ligare
1307 4054 1380 4114 l'ahu·

248 4138 306 4196 lam
318 4159 352 4197 ac
363 4139 486 4198 solvere.
516 4138 550 4196 lu
562 4158 596 4197 ea
609 4140 697 4216 igitur
711 4140 810 4198 divina
821 4144 910 4201 δίαινε
931 4141 1006 4198 mira
1019 4139 1096 4198 enirn
1111 4140 1222 4198 ratione
1237 4134 1380 4217 impeditur

248 4218 348 4278 fabula
362 4232 391 4277 et
406 4220 556 4279 intricatur
566 4220 652 4279 actio.
677 4220 718 4279 At
728 4222 870 4289 transitio,
882 4241 950 4299 quae
960 4234 1074 4279 nonest
1088 4221 1198 4297 tragica
1207 4220 1260 4280 sed
1272 4215 1378 4278 comica.

248 4298 404 4377 (μετάβασιν
417 4300 534 4360 vocarit
547 4299 747 4378 Aristotelea)
761 4322 828 4380 pars
843 4322 910 4379 qum
930 4302 1089 4379 opponitur
1100 4309 1132 4375 νῇ
1152 4306 1233 4373 θέσει,
1247 4300 1341 4378 (quam
1353 4302 1380 4384 tl

247 4384 326 4441 λύσιν
348 4401 402 4440 seu
428 4380 603 4441 solutionem
630 4387 762 4459 vocant)
785 4402 824 4442 ex
851 4383 996 4443 sententia
1016 4382 1173 4441 succedere
1200 4402 1258 4445 uon
1284 4383 1378 4458 potnit.

249 4462 350 4529 Quare
374 4462 532 4542 impeditus
559 4476 589 4523 et
615 4463 726 4524 oblitus
751 4464 808 4533 sui,
834 4463 876 4523 ire
904 4462 1020 4543 cogitem
1046 4462 1085 4522 ad
1109 4462 1218 4534 deum3
1250 4463 1304 4522 hoc
1321 4466 1375 4516 at:
