2834 4759
414 3 470 96 ru
494 3 895 73 rnonuronnm.
1170 10 1234 75 ter

168 140 215 207 Et
227 141 330 227 magis
344 138 521 227 placerent,
534 163 617 225 ques
631 139 763 207 fecisset
777 141 927 207 tubuas:

166 240 266 305 Nune
281 240 309 303 si
322 239 395 324 quis
410 249 472 317 est,
487 240 544 323 qui
557 238 621 304 hoc
635 240 734 317 dicat,
750 253 806 305 uut
822 242 868 306 sic
883 242 1017 327 cogitet,

166 338 272 405 Vetus
287 338 315 402 si
328 348 427 423 poeta
441 360 507 401 uon
519 334 703 403 lacessisset
716 340 817 423 prior,

122 451 153 497 1⁵
165 437 301 502 Nullum
315 437 457 501 invenire
472 435 643 521 prologum
656 438 818 521 potuisset
831 460 946 515 novus,

165 536 274 610 Quem
288 535 422 610 diceret,
437 535 499 599 nisi
512 533 651 600 heberet
665 535 717 599 cui
731 535 955 602 malediceret:

163 634 199 701 Is
214 635 275 699 sibi
290 656 482 719 responsum
496 632 559 697 hoc
574 632 710 711 habeat3
734 634 766 699 in
781 635 888 699 medio
903 636 1051 699 omnibus

164 732 308 799 Palmum
322 753 394 796 esse
409 733 558 817 positam,
574 732 630 815 qui
644 744 747 796 ortem
761 744 902 798 tractant
916 735 1080 799 musicem.

163 830 223 896 Ille
238 832 281 896 ed
296 830 411 895 famem
426 829 514 896 hunc
528 830 571 894 ab
586 830 695 895 studio
711 832 836 897 studuit
850 833 971 899 reicere
984 860 992 911 ;

76 1032 150 1077 nisse
167 1031 239 1077 nstra
256 1028 382 1076 audacter:
404 1034 433 1075 ut
451 1040 508 1074 cum
529 1022 639 1075 dicemus
705 1025 742 1078 17.
760 1028 786 1075 le
801 1030 847 1076 riti
862 1044 990 1091 responsura
1000 1032 1041 1078 bae
1051 1029 1148 1093 babeat]
1166 1031 1233 1081 Huic

75 1108 129 1152 uos,
141 1096 217 1142 nisae
226 1096 344 1141 audem
369 1092 400 1141 D.
670 1090 706 1139 rei
727 1108 772 1157 per
794 1092 935 1155 qualitatem
957 1092 1016 1157 (pro
1037 1098 1156 1158 quadrais,
1177 1096 1232 1145 edd.

110 1161 148 1208 12
171 1161 207 1207 Et
227 1161 302 1221 magis
327 1153 455 1219 placerent]
483 1155 533 1204 llic
553 1170 638 1205 versus
670 1156 742 1218 vett.)
762 1158 900 1221 respondet,
918 1158 1084 1208 novenarium
1099 1176 1193 1223 cogere,
1206 1172 1234 1210 ut

73 1223 166 1272 {besto
173 1223 298 1288 plerisque
308 1222 368 1271 Mes
387 1221 637 1279 L—Huncremum,
669 1221 705 1270 sic
724 1232 786 1285 eget.
815 1223 844 1271 Io
860 1226 1049 1273 modicensibus
1066 1228 1166 1287 palmam
1185 1244 1233 1276 em

76 1288 208 1353 repetitum
224 1304 256 1336 ex
274 1286 338 1335 And.
355 1286 419 1335 Prol.
436 1288 459 1333 8.
476 1295 591 1348 unquam
607 1287 639 1335 sb
667 1285 779 1350 meten]
792 1286 981 1347 Sensuebicest,
994 1289 1127 1347 Inveniret,
1138 1290 1233 1353 inquit:

76 1352 122 1402 boo
142 1353 197 1402 laco
214 1351 329 1411 alienum,
345 1366 402 1401 cura
422 1350 518 1399 Feeruo
536 1349 638 1413 diisque
670 1351 715 1401 sed
733 1352 827 1411 meluit,
844 1368 918 1416 quum
938 1354 969 1401 de
989 1353 1070 1418 palma
1090 1356 1233 1404 certandum

76 1418 208 1467 delendum
224 1432 365 1471 censemus:
388 1414 524 1480 presertim
540 1432 596 1463 curn
612 1414 638 1463 in
671 1416 711 1474 rit,
731 1416 869 1467 edversmio
959 1418 1035 1467 ndere
1049 1419 1154 1470 laedenti.
1183 1420 1233 1469 Ve-

78 1482 156 1533 tribus
171 1482 349 1545 antiquissimis
365 1481 441 1537 libris,
457 1480 541 1529 bemb.
559 1480 638 1529 Vetic.
670 1496 726 1529 rum
738 1482 842 1531 oratorie
854 1483 919 1531 meni
930 1494 982 1533 este
993 1484 1087 1533 solvere
1101 1500 1151 1533 non
1161 1500 1231 1535 curu-

76 1556 103 1595 et
113 1548 206 1597 Victor.
217 1548 287 1597 ebrit.
308 1546 338 1595 B.
502 1566 506 1574 ·
671 1545 714 1603 rit,
734 1546 780 1595 hoc
800 1556 844 1605 est,
862 1546 956 1596 nullum
977 1548 1234 1615 invenireprologum

112 1615 148 1662 lt.
160 1616 233 1662 Nune
248 1616 270 1661 er·
285 1616 337 1675 quis
351 1618 387 1660 ert
402 1614 443 1673 qut
458 1613 498 1658 iac
514 1613 585 1665 dicat,
597 1618 639 1659 aut
670 1611 779 1675 potuisse
797 1612 956 1661 Terentium:
975 1624 1000 1662 et
1017 1613 1085 1678 (ete.)
1103 1614 1149 1663 hoc
1166 1615 1233 1665 enim

75 1682 110 1726 sie
119 1677 217 1742 cogitet]
233 1679 313 1726 Omne
329 1676 396 1751 quod
405 1674 431 1751 ip
442 1684 551 1723 mentem
562 1674 637 1754 repit,
670 1676 833 1751 objiciendum
839 1677 893 1752 ¹fuit
905 1676 1018 1727 omnibus
1030 1690 1055 1727 et
1066 1680 1142 1736 noris,
1154 1692 1179 1729 et
1189 1697 1231 1729 ve·

77 1740 637 1869 ttmtttwltsttlt
669 1742 1232 1869 luititiorumrattruut]

77 1877 159 1922 sebam
169 1876 276 1934 Armet·
286 1875 367 1929 melas,
377 1879 401 1919 et
415 1873 481 1918 taciti
492 1878 587 1919 mtura
601 1874 636 1917 a·-
668 1870 689 1919 si
701 1880 814 1934 pugnent
825 1871 912 1934 quibus
924 1888 997 1921 cause
1013 1873 1153 1923 certaminis
1170 1890 1233 1940 prse-

76 1940 166 1986 utens.
186 1938 237 1987 Hic
248 1953 335 1986 sensus
344 1949 388 1993 est,
401 1936 474 1983 Nunc
483 1933 505 1982 si
521 1934 576 1997 quis
591 1947 636 1991 est,
668 1944 707 1984 sto
719 1946 762 1983 est.
787 1937 819 1983 D.

78 2003 118 2065 qui
133 2004 179 2052 boc
190 2002 264 2059 dicet,
280 2012 323 2051 eut
338 2010 442 2056 censear,
457 1999 585 2063 lmprobus
600 2010 638 2048 est
704 2002 741 2049 1⁸.
757 1999 802 2052 Qus·
816 2009 889 2050 artem
903 2010 1006 2051 maetam
1022 2002 1142 2066 musicam]
1164 2003 1232 2067 Virg.

78 2066 215 2126 Terentius,
231 2066 274 2130 qui
290 2082 374 2115 omnes
389 2065 503 2130 prologos
513 2064 545 2111 de
561 2063 636 2113 male·
669 2064 728 2113 AEn.
740 2064 756 2113 i.
769 2066 824 2113 605.
837 2082 878 2114 nee
888 2069 998 2130 quiequid
1012 2070 1095 2129 ubique
1105 2077 1140 2116 est
1153 2071 1234 2117 Gentis

79 2132 147 2182 dietis
158 2133 231 2181 iacit:
244 2133 332 2180 bsbeet
341 2131 364 2180 is
371 2131 416 2179 bac
427 2144 570 2193 responsum
582 2128 636 2189 sibi,
669 2132 805 2187 Dardaniae,
818 2147 924 2193 magnam
934 2148 984 2193 (με
995 2148 1077 2194 sparsa
1090 2150 1134 2194 per
1150 2136 1233 2183 arbem.

78 2198 242 2247 adversarium
260 2196 376 2260 coegisse,
396 2194 438 2258 qui
460 2193 635 2258 provocaverit.
670 2194 703 2243 Et
713 2198 907 2257 περιφραστυιῶς,
920 2195 972 2245 &nl
983 2198 1034 2254 rari,
1046 2196 1087 2260 qui
1102 2198 1234 2248 comesdin

80 2262 141 2311 Naso
160 2262 221 2327 quid
240 2262 331 2311 faceret
353 2259 490 2316 Terentius,
511 2274 585 2321 quum
606 2258 637 2307 de
668 2260 786 2309 scribunt.
806 2260 837 2307 D.

79 2328 226 2390 palmeurtis
234 2326 333 2375 musice
340 2324 483 2375 certandum
494 2322 574 2371 videet
583 2338 637 2372 esse
704 2326 740 2373 19.
754 2326 797 2373 Ille
814 2328 846 2373 ad
856 2323 944 2386 samem
959 2328 1018 2374 hanc
1029 2328 1059 2374 ab
1075 2326 1163 2390 studia]
1182 2327 1234 2377 Hic

79 2390 139 2440 sibit
163 2394 393 2453 D.-Nanesiquis
407 2389 454 2453 ert]
469 2389 579 2437 Hecest
595 2387 637 2437 illu
669 2388 775 2437 maxime
787 2390 874 2453 incipit
884 2390 978 2439 solvere
1004 2392 1052 2439 uod
1063 2390 1109 2439 sibi
1121 2392 1234 2456 superius

77 2456 365 2567 propositioqurestionis,
372 2457 436 2519 quod
445 2468 570 2516 nunquam
578 2469 635 2516 pro·
668 2454 722 2533 ipse
733 2454 866 2529 proposuit.
889 2457 933 2503 Ille
940 2406 1065 2531 addenem
1073 2458 1132 2505 luae
1143 2460 1173 2505 ab
1183 2466 1232 2533 stu-

88 2538 145 2584 egris
156 2539 170 2572 e
181 2522 300 2571 'i'erenuo
308 2531 414 2586 ponatur
424 2535 497 2568 ceusu
512 2533 560 2581 qua
574 2518 637 2567 solet
667 2517 719 2582 dra]
738 2518 811 2567 Nunc
822 2519 881 2583 quid
898 2531 941 2579 eet,
959 2532 1045 2583 inquit,
1056 2532 1154 2586 poetam
1169 2534 1233 2571 mtu-

80 2587 191 2651 prologus
202 2586 260 2645 dici,
275 2599 302 2661 ut
317 2597 413 2650 poetam
431 2583 592 2640 commendet,
608 2593 637 2632 ut
669 2599 764 2649 perere,
777 2584 824 2659 pisi
836 2583 867 2632 ed
877 2583 965 2633 famem
976 2586 1094 2647 chicerel
1108 2601 1164 2635 nem
1173 2603 1232 2701 poe·

77 2647 639 2777 tetdttltlittiuffltittttltdt
669 2648 1175 2778 tritt?eltltt‘tiltttlttl?
1189 2664 1234 2766 lt

80 2778 178 2832 dixisset
197 2780 252 2845 (Aa
269 2784 329 2829 bone
344 2784 490 2843 quostiam
510 2780 638 2826 rolmden
669 2782 703 2827 ad
712 2776 801 2840 samem
818 2782 878 2827 bunc
893 2782 923 2827 ab
937 2779 1026 2843 studio]
1045 2780 1096 2828 Cur
1107 2780 1234 2830 lacessitus

79 2848 143 2905 dixit,
156 2848 198 2912 Ζ.)
214 2861 378 2911 supervacuos
394 2860 447 2893 esse
461 2843 638 2906 quodammodo
669 2842 821 2907 respondes?
838 2854 961 2893 certamen
974 2855 1018 2901 est,
1029 2844 1117 2907 inquit.
1137 2850 1175 2893 Ab
1183 2855 1233 2895 stu·

80 2911 196 2977 prelagoe,
209 2928 289 2974 neque
304 2910 341 2958 illi
350 2909 475 2959 comoediae
486 2909 546 2968 (illis
557 2924 637 2955 ronce-
670 2911 709 2956 dr'o
720 2908 820 2971 rtudait]
834 2909 936 2957 vetuste
947 2910 1058 2969 (Venurte
1067 2908 1089 2975 .·)
1101 2920 1135 2968 ut,
1146 2913 1234 2961 luserat

80 2978 129 3024 dias
148 2978 189 3039 Z.)
205 2975 338 3026 contineri:
365 2975 446 3023 omnis
466 2973 532 3023 enim
549 2972 637 3035 palme,
670 2976 755 3031 Mam,
772 2983 804 3031 er,
819 2990 919 3035 pugnarn
935 2978 1053 3037 pugnavit.
1077 2975 1187 3024 D.-Itle
1203 2980 1236 3026 ed

81 3041 156 3091 omnir
172 3041 282 3099 uictoris,
299 3056 372 3089 omne
388 3050 520 3094 certamen,
538 3036 564 3084 ln
583 3036 638 3101 ipse
662 3037 751 3100 samem
761 3041 791 3087 ab
802 3041 879 3087 studio
889 3042 960 3087 voluit
976 3042 1034 3087 ianr
1050 3041 1148 3103 reicere]
1168 3042 1234 3091 Nota

79 3103 157 3155 utun
164 3107 311 3157 continetur.
329 3104 461 3153 Comoediae
469 3112 528 3152 sunt
537 3100 585 3149 illae
596 3104 638 3151 ubi
669 3102 803 3152 adversarii
814 3103 971 3160 voluntatem,
983 3106 1047 3167 quod
1059 3105 1165 3169 maligne
1177 3122 1233 3172 per-

80 3168 154 3221 rirms
170 3184 196 3221 et
217 3170 344 3234 ingenium
421 3168 441 3217 it
461 3166 589 3233 pervenire
607 3167 638 3216 ed
668 3178 768 3217 secutus
780 3167 819 3225 ait,
832 3168 867 3217 uti
879 3168 1010 3217 Terentius
1021 3186 1035 3217 u
1047 3169 1110 3219 ieme
1122 3171 1233 3233 rejicere·

80 3233 185 3295 gloriam.
211 3236 262 3285 liic
280 3186 421 3297 (Ηὶηιῗΐ

81 3303 150 3349 aredio
157 3306 258 3363 palmam
263 3303 365 3349 omnibus
374 3302 480 3361 peritam,
488 3302 527 3361 qur·
536 3305 638 3347 racem
669 3308 788 3361 questum
800 3298 935 3347 habebant:
953 3310 1019 3347 certe
1031 3300 1122 3363 optime
1132 3316 1233 3365 respon·

78 3372 149 3413 vum
159 3371 274 3417 mancam.
293 3365 350 3412 Non
361 3363 490 3429 principie,
502 3376 581 3423 neque
593 3378 636 3410 er·
669 3362 713 3420 dit,
726 3362 798 3411 etium
820 3362 949 3411 adversum
965 3364 1030 3425 quod
1048 3364 1117 3422 dixit,
1133 3368 1181 3414 Hie
1195 3384 1233 3415 re·

82 3430 224 3480 reminsem
235 3441 349 3495 opartere
359 3429 521 3485 considerare,
537 3428 580 3475 sed
596 3426 637 3475 illa
669 3431 778 3489 spondere
797 3430 875 3485 saluit,
895 3445 939 3476 san
957 3432 1073 3478 lacessere.
1106 3430 1147 3478 Fit
1167 3432 1234 3481 enim

79 3508 132 3553 que
147 3510 203 3545 rum
220 3494 307 3552 media,
319 3511 373 3558 que
384 3493 528 3542 comoedium
545 3502 637 3551 urent,
666 3494 760 3555 justum
776 3508 831 3541 cum
849 3492 1024 3557 respondemus
1040 3493 1120 3557 potius
1132 3496 1233 3543 meledi-

82 3558 120 3605 ubi
130 3576 169 3609 ers
179 3560 273 3610 musica
284 3570 334 3608 tota
346 3572 463 3607 vereatur.
486 3558 517 3606 E.
669 3558 712 3614 cis,
722 3572 794 3621 quem
806 3557 941 3605 maledictis
950 3557 1053 3621 aliquem
1066 3574 1233 3622 provocemus.

114 3624 149 3672 14.
157 3626 295 3675 hamum
312 3622 390 3687 prior]
403 3626 455 3672 Aut
466 3626 592 3673 wercum
610 3639 636 3673 s·
671 3622 711 3670 lta
722 3636 777 3670 cum
794 3622 861 3685 peris
872 3622 1008 3678 referimus,
1020 3623 1112 3671 crimen
1128 3635 1165 3672 est
1178 3624 1233 3673 nul·

82 3686 177 3747 burdet,
187 3703 229 3739 eut
238 3694 309 3752 prior.
333 3690 364 3737 D.
669 3687 728 3735 lum.
746 3684 818 3741 Quod
830 3686 948 3747 adjunxit.
963 3690 1029 3739 Quod
1038 3691 1068 3736 ab
1080 3690 1120 3736 illo
1129 3692 1234 3750 albeum,

114 3753 149 3802 15.
166 3758 262 3804 Nullum
285 3759 385 3803 invenire
403 3752 533 3817 prologum]
556 3756 636 3802 Prola-
669 3756 707 3800 bie
718 3754 763 3799 sibi
779 3754 877 3799 relatam
890 3758 964 3812 patet.
993 3751 1155 3801 Commendet
1167 3770 1232 3803 nunc

80 3831 132 3877 m
142 3820 219 3877 raado,
232 3836 281 3869 nan
293 3818 427 3875 hominem,
442 3819 485 3866 sed
498 3818 570 3866 verbs
587 3819 636 3881 sig·
668 3826 775 3881 poetam,
787 3831 842 3863 cum
854 3816 985 3879 subjungit,
999 3818 1035 3865 De
1051 3819 1091 3865 illa
1101 3817 1154 3879 jam
1163 3821 1234 3879 finem

82 3880 167 3932 nificat.
185 3883 276 3948 Novus]
299 3884 348 3932 liic
364 3883 429 3947 quod
444 3898 519 3946 supra
535 3893 636 3947 praeter·
663 3880 754 3946 saciare
770 3883 869 3939 dicendi,
887 3884 1000 3943 cumipse
1017 3884 1045 3931 de
1062 3899 1087 3931 se
1106 3900 1150 3931 non
1161 3881 1233 3945 sarit.

82 3944 238 4004 misit-reteri
254 3949 384 4013 supposuit
400 3948 526 4009 (opposuit)
539 3963 636 3997 norum.
670 3946 721 3994 ilic
737 3945 845 4009 graviter
862 3956 886 3993 et
902 3944 971 3993 illum
988 3961 1089 4009 peceare
1101 3946 1176 3997 multa
1188 3949 1230 3999 do·

82 4008 236 4064 D·-Versus
245 4016 324 4079 gretia
338 4028 430 4078 repone
442 4021 520 4074 posset
535 4028 580 4077 pro
593 4030 636 4075 po·
668 4011 728 4068 cuit,
740 4022 765 4058 et
776 4025 802 4059 se
813 4020 955 4059 contentum
967 4026 1020 4059 esse
1029 4013 1183 4077 respondere.
1202 4016 1232 4064 lt.

83 4077 164 4126 miset.
188 4080 214 4127 B.
317 4116 320 4121 .
669 4076 803 4133 —Versue
820 4074 969 4139 provulgari
982 4075 1083 4138 rejicere,
1103 4077 1232 4129 lectionem

115 4140 513 4204 leieitaberetcus'rneleds'rerrt]
523 4142 635 4191 Mirelra·
668 4142 825 4255 probatorum
836 4140 905 4189 codd.
914 4140 994 4204 poscit
1004 4146 1105 4198 reterref
1122 4154 1150 4192 ut
1163 4144 1230 4209 virg.

83 4204 635 4271 tmr:qus·idutiumn0nsit,meledicendum
691 4206 721 4255 cl.
731 4205 766 4254 iii.
775 4205 814 4254 96.
830 4208 917 4270 Tityre,
925 4210 1163 4269 pascentisaflunrire
1172 4212 1231 4259 reice

83 4271 500 4338 armamentarium.
509 4271 588 4338 vett).
602 4274 633 4322 D.
667 4273 774 4335 mellae.
798 4270 825 4319 Β.

428 3234 503 3297 igitur
522 3230 593 3289 dixit,
613 3236 638 3281 r'rr
670 3243 724 3282 tur:
742 3232 881 3281 vendebant
897 3234 962 3283 enim
979 3234 1116 3292 comoediss,
1136 3250 1161 3285 et
1176 3236 1235 3286 inde
