2834 4759
420 178 489 241 ΠΕ
504 176 749 241 THEATRO.
1118 182 1162 243 liii

82 306 159 367 Eram
173 318 204 367 et
219 304 376 379 deultum
389 310 441 387 qui
461 309 538 369 duos
557 328 649 389 equos
669 310 781 385 absque
792 308 939 388 ephippiis
951 309 1106 389 agitantes,
1120 332 1161 373 ex

53 386 124 446 altero
145 390 172 447 in
197 386 319 448 alarum
339 390 463 451 achinde
486 390 561 449 mira
582 389 754 469 pernicitate
777 389 969 449 desiliebant:
996 392 1164 473 csrpbippor

53 466 129 527 Greci
144 484 251 528 vocant.
293 470 372 529 Hinc
392 470 545 530 &morio
564 470 665 530 boda
684 471 716 531 in
734 472 922 549 proverbium
936 472 1028 533 abiit:
1050 485 1082 532 et
1093 473 1162 551 equi

51 548 173 608 desultorii
185 551 261 620 dicti,
275 551 314 610 sd
327 552 357 610 id
370 566 517 612 certamen
531 552 752 612 accommodati.

81 630 171 688 Geletn
187 644 215 690 st
227 631 412 703 celetizontas,
431 632 544 710 equites
564 633 695 692 scantin
714 632 872 691 certamine
891 632 986 692 coruli
1006 653 1064 693 non
1086 634 1161 713 bigis

50 722 87 768 aut
103 711 235 790 quadrigis
255 726 379 783 utentes,
400 714 454 773 sed
474 734 550 791 equo
565 734 625 772 uno
638 712 815 771 insidentes:
837 712 1001 791 cujusmodi
1014 727 1162 775 certamen

49 790 115 849 hodie
127 812 232 870 qaoque
245 794 389 853 nonnullis
403 796 431 853 in
446 794 518 853 locis
532 794 706 853 celebratur.

77 870 136 930 iudi
150 872 315 952 gladiatorii
333 874 505 953 plerumque
526 887 593 953 post
613 874 745 933 scenicos
758 873 877 933 fiebant.
918 874 954 933 ln
973 874 1009 935 iis
1028 874 1161 936 decerta·

49 952 100 1009 bant
121 952 225 1031 gladiis,
249 954 450 1034 populumque
475 956 560 1015 celeri
587 956 746 1033 agitatione
771 954 935 1033 gladiorum
963 955 1159 1017 oblectabant.

49 1028 217 1093 Ghdiatorum
234 1052 334 1095 autern
355 1056 469 1115 genera,
492 1036 622 1105 Retiarii,
638 1035 802 1104 Secutorcs‚
822 1035 1026 1108 Mirmillones,
1042 1036 1162 1116 Hopto·

47 1113 126 1183 ordi,
135 1114 276 1175 Thraces:
299 1138 424 1195 quorum
438 1116 573 1195 exempla
586 1116 665 1195 apud
678 1130 813 1177 auctores
822 1118 927 1175 crebre
938 1130 1015 1177 sunt.
1044 1117 1163 1179 Horum

48 1192 196 1255 institutores
216 1218 251 1255 ac
269 1198 404 1276 magistri
418 1198 532 1257 lmistoe
545 1200 733 1257 vocabantur.
770 1196 839 1257 Non
852 1198 930 1257 enirn
944 1198 1038 1276 ignari
1050 1198 1163 1277 gladia·

48 1274 109 1333 toris
127 1277 191 1336 artis
212 1278 372 1356 prodibant
396 1280 425 1337 in
448 1278 598 1356 publicum
622 1276 832 1357 spectaculum,
855 1277 894 1337 sd
913 1279 1037 1357 premia
1057 1298 1160 1339 conse·

49 1356 142 1427 meda.
186 1357 292 1437 ltaque
318 1359 397 1437 apud
423 1360 541 1419 lanistas
568 1359 649 1437 prius
673 1360 887 1417 exercebantur
912 1358 941 1417 in
964 1357 1160 1417 umbratilibus

49 1437 131 1513 not,
148 1458 218 1517 quas
241 1439 428 1499 mlier
448 1438 547 1499 Graeei
567 1452 727 1499 uocatum:
755 1438 836 1515 quod
859 1438 1027 1517 hujusmodi
1052 1458 1161 1518 pugnae

54 1515 167 1579 bodera
187 1522 339 1579 subtecto
359 1520 423 1579 fieri
444 1520 529 1580 solita
547 1533 639 1590 erant,
654 1540 713 1579 non
733 1520 766 1579 u't
785 1540 856 1579 vera
876 1540 983 1599 pugna,
998 1520 1028 1579 in
1049 1520 1111 1579 sole
1131 1534 1162 1580 et

53 1595 144 1669 pdsrrc.
188 1600 371 1679 Hujusmodi
395 1601 508 1661 lanistae
535 1614 603 1660 sunt
625 1600 703 1679 apud
724 1620 788 1672 nos,
810 1600 862 1677 qui
897 1600 1045 1679 gladiandi
1068 1614 1162 1661 arteni

53 1677 148 1750 potabor
167 1682 364 1759 profitentem
387 1683 437 1760 qni
456 1683 562 1741 docent
581 1702 681 1741 omnes
699 1701 837 1740 numeros
850 1681 1008 1761 impetendi
1024 1682 1161 1741 cedendi·

51 1761 210 1829 iitrvoloera
228 1763 374 1822 inferendi
389 1763 568 1840 vitandique,
591 1774 642 1821 aut
666 1762 718 1821 ubi
738 1763 869 1839 punctim
892 1762 1029 1822 caemmve
1054 1763 1161 1824 ferieu-

49 1835 104 1897 don.
144 1842 213 1902 bridi
233 1864 307 1903 vero
329 1844 439 1914 scenici,
462 1845 561 1920 quiet
587 1862 692 1922 agones
714 1841 812 1901 musici
836 1855 867 1901 et
886 1842 1055 1921 Dionysieci
1080 1843 1161 1903 dicc-

48 1917 132 1991 bsntnr,
144 1926 222 1999 quasi
241 1924 352 1983 Libero
369 1925 446 2003 patri
462 1924 560 1993 dicati,
579 1923 616 1983 ad
633 1923 853 1991 comoediarum,
875 1924 1093 2002 tragoediarum,
1109 1938 1162 1985 aut

48 2010 174 2076 satyrarum
199 2006 404 2065 recitationem
431 2006 635 2083 pertinebant:
667 2004 737 2063 item
764 2003 802 2061 ad
826 2018 928 2061 cantus
952 2018 983 2063 et
1006 2017 1160 2083 menium

47 2098 108 2139 nens
118 2085 151 2143 ob
162 2085 191 2143 id
204 2087 235 2145 in
250 2087 367 2145 theatro
382 2086 543 2163 composita
556 2098 643 2162 atque
658 2097 793 2143 extructa
806 2104 841 2143 ee
854 2084 975 2154 ratione,
989 2105 1076 2161 quarn
1090 2106 1161 2145 mox

47 2157 217 2225 describemus.
246 2166 311 2232 Qui
326 2186 357 2225 se
370 2167 401 2225 in
414 2167 459 2225 his
473 2166 549 2225 ludis
562 2166 750 2231 exercebant,
761 2165 863 2223 scenici
876 2165 963 2224 etiam
977 2165 1160 2238 dicebantur,

46 2252 66 2296 et
75 2240 222 2322 Dionysiaci
235 2247 375 2307 artifices.
410 2246 560 2315 badenim,
574 2259 626 2305 aut
640 2246 830 2304 certaminum
845 2246 899 2303 diis
912 2260 1159 2314 consecratorum,

46 2336 139 2393 quatuor
156 2342 236 2386 erent
258 2328 340 2406 apud
361 2326 483 2386 Graecos
508 2346 625 2405 genera.
668 2326 762 2385 Erant
782 2326 858 2385 enim
881 2325 1002 2396 Nemea,
1027 2327 1160 2396 Isthmia,

46 2396 131 2476 Pythis,
143 2418 170 2466 et
183 2407 344 2487 Olympia:
365 2428 433 2485 quie
453 2409 582 2466 omnium
603 2420 686 2466 erant
705 2408 833 2466 maxima
848 2406 1023 2484 spectacula.
1066 2406 1101 2465 ln
1114 2407 1160 2466 his

46 2478 100 2541 ludit
110 2492 341 2566 proponebantur
355 2490 516 2548 victoribus
530 2508 634 2567 magna
651 2488 781 2566 praemia,
796 2508 863 2563 quoe
876 2489 927 2564 qui
947 2487 1160 2557 custodiebant,

45 2557 147 2643 luditque
171 2583 329 2647 praeerant,
356 2576 496 2645 Bpobmoi
521 2567 643 2636 Graecis,
672 2568 784 2627 Latinis
811 2567 1003 2647 dengnotores
1030 2566 1160 2647 appella·

44 2641 130 2715 latur,
142 2668 263 2725 quorum
285 2650 414 2709 officium
435 2662 507 2719 erat,
527 2648 744 2708 multitudinem
764 2649 898 2719 retinere,
918 2650 1115 2718 obambulare,
1129 2662 1161 2707 et

43 2731 368 2881 bbttffltt
380 2729 755 2889 ,ttt²tt.¹3..“,¹.‘.¹t.¹.⁰;.‚
769 2729 1160 2870 ..ltfl‘nttt'tttttt

43 2900 196 2958 pecatores.
240 2892 369 2951 Musieis
388 2912 503 2969 quoque
523 2894 666 2969 agonibus
679 2904 763 2950 erant
776 2891 868 2959 crite
883 2889 914 2949 id
931 2904 985 2959 est,
1001 2890 1127 2969 judices,
1141 2912 1161 2951 a

43 2966 121 3037 quibos
131 2972 227 3043 critici,
242 2974 275 3031 id
289 2986 344 3043 est,
359 2990 523 3051 poematum
542 2972 657 3050 judices
672 2972 743 3031 dicti
758 2984 833 3030 sunt
875 2970 1025 3042 drudorum,
1040 2972 1089 3048 qui
1103 2972 1160 3031 diis

43 3054 265 3124 amabantur,
291 3052 372 3131 apud
399 3053 546 3113 Romanos
571 3065 695 3129 quatuor
719 3064 802 3111 erant
824 3053 947 3129 species.
989 3052 1050 3111 Eos
1073 3051 1159 3112 ludos

42 3124 117 3186 *iilos
128 3135 238 3193 curules
258 3154 383 3193 munere
401 3134 519 3212 publico
533 3132 689 3211 quotannis
700 3136 850 3191 curabant.
891 3132 1082 3211 Megalenses,
1097 3134 1160 3193 sive

42 3211 113 3284 mgni
131 3212 188 3273 lodi
208 3214 292 3283 dicti,
314 3214 393 3293 quod
416 3216 529 3293 magnis
550 3214 606 3273 diis
627 3213 788 3273 consecrati
808 3226 923 3272 essent:
951 3214 1057 3289 quibus
1081 3214 1159 3273 ludis

42 3302 138 3359 intuor
149 3308 221 3355 actae
234 3308 307 3355 sunt
320 3294 449 3354 Terentii
463 3294 638 3354 comoediaet
660 3294 783 3362 Andria,
799 3294 968 3363 Eunuchus,
980 3294 1159 3353 Heautonti-

42 3382 202 3445 morumenos,
226 3376 358 3455 Hecyra.
398 3374 546 3443 Funebres,
571 3388 621 3433 aut
643 3373 790 3433 funerales
817 3374 889 3443 lodi,
913 3375 951 3433 ad
974 3375 1159 3435 retinendum

42 3450 152 3523 tmolum
178 3456 304 3515 instituti
330 3470 406 3525 sunt,
435 3457 505 3515 dum
532 3476 640 3534 pompa
667 3456 788 3522 funeris,
815 3456 934 3514 decreta
961 3457 991 3514 in
1017 3456 1159 3516 honorem

42 3531 129 3617 Potoni
140 3536 201 3607 riri,
217 3537 302 3615 plene
316 3556 350 3596 ac
369 3536 486 3616 publice
501 3537 708 3596 instruebatur.
751 3535 809 3593 His
821 3534 900 3595 indis
912 3549 977 3595 aeta
990 3550 1036 3595 est
1048 3556 1158 3595 comoe·

43 3604 77 3664 lu
91 3612 208 3676 Terentii
229 3616 370 3695 Adelphi.
411 3617 530 3687 Putat,
552 3618 614 3675 sive
637 3616 763 3675 Romani
786 3616 848 3673 ludi
871 3636 926 3695 pro
947 3616 1041 3675 salute
1064 3616 1158 3695 plebis

43 3686 186 3755 edebentur:
207 3700 319 3776 quibus
335 3698 411 3757 ludis
424 3712 490 3757 acta
503 3710 549 3757 est
563 3697 711 3756 Phormio.
753 3696 937 3775 Apollinares
950 3696 1013 3756 ludi
1027 3697 1159 3776 Apollini

44 3778 178 3849 onerat,
191 3795 243 3838 aut
257 3779 287 3838 in
301 3779 440 3839 honorem
450 3779 598 3857 Apollinis
612 3778 748 3837 instituti.

222 3972 281 4037 De
301 3972 452 4037 ilustris
466 3980 498 4036 et
511 3970 772 4058 Amphitheatris
787 3969 943 4055 antiquis.

72 4089 127 4156 Quo
143 4096 242 4157 melius
264 4110 298 4158 et
318 4098 498 4158 commodius
517 4110 722 4177 spectarentur
743 4096 908 4165 comoedica,
928 4095 1090 4173 tragoediae,
1109 4114 1162 4161 aut

45 4162 95 4254 itii.
106 4176 159 4236 sive
178 4178 196 4236 ii
216 4178 392 4258 gladiatorii,
406 4182 469 4239 sive
483 4180 570 4238 etiam
585 4180 702 4247 scenici,
718 4179 766 4237 vel
785 4176 904 4235 alterius
922 4176 1038 4254 generis
1052 4194 1160 4251 essent,

45 4253 148 4315 luitura
157 4263 274 4319 suntab
287 4261 422 4339 antiquis,
434 4279 502 4337 quae
515 4260 628 4318 theatro
643 4262 834 4323 vocabantur,
845 4254 1024 4315 acommoda
1034 4258 1162 4319 videndo

46 4340 270 4494 :guamo
291 4342 334 4399 sic
355 4339 509 4419 appellata.
553 4338 629 4401 Narn
652 4352 722 4397 ante
742 4340 924 4395 theatrorum
948 4352 1045 4403 usmn,
1066 4358 1163 4396 scenae

255 4420 417 4483 ductilibus
430 4422 669 4490 exstruebantur,
682 4438 717 4479 ac
729 4436 785 4495 per
794 4411 923 4487 compita
936 4413 1046 4481 ductae,
1055 4416 1165 4491 populo
