2834 4759
354 196 540 265 ELOGIA
569 198 816 263 votauota.
1126 200 1162 267 ai

41 328 250 423 elegantiamjn,
265 328 455 391 masone
480 342 665 401 merent,
689 350 779 409 quant
804 329 960 391 veritatem
985 329 1160 410 interpretu-

41 426 118 470 Μ
313 490 403 555 Idem
419 492 461 555 ad
477 492 608 557 Suniam
622 501 656 556 et
670 489 852 556 Fretellam.

71 592 146 652 Hanc
164 614 226 652 esse
244 592 375 673 regulam
392 594 461 652 boni
476 595 649 672 interpretis,
664 608 697 653 ut
712 594 820 655 idioma
832 595 951 654 alterius
963 594 1081 673 linguae,
1094 614 1158 653 suae

39 672 126 751 lingua
144 674 288 752 exprimat
309 676 486 753 proprietate
500 698 506 710 ·
535 676 613 753 quod
633 676 752 753 quidem
766 690 796 735 et
809 675 940 735 Tullium
954 677 983 735 in
997 674 1159 753 Protagora

38 753 155 822 Platonis,
174 768 204 813 et
223 756 252 813 iu
274 754 468 815 OEconomico
490 756 704 835 Xenophontis,
726 758 807 815 etin
827 756 1034 817 Demosthenis
1057 768 1158 815 eontra

38 833 182 893 AEsehinem
202 837 333 895 oratione
352 836 457 896 iecisse
471 838 677 906 convincimur,
692 850 723 896 et
736 836 882 907 Plautum,
896 838 1076 907 Terentium,
1090 835 1158 895 Cae·

38 915 178 993 aliumque,
192 916 405 976 eruditissimos
420 919 499 977 viros
513 918 542 976 in
557 916 671 977 Graecis
685 919 837 977 comoediis
851 918 1069 979 nanslereudis.

411 1028 504 1095 ldem
518 1028 561 1095 ad
578 1028 759 1099 Paulinum.

68 1130 155 1190 Habet
166 1132 397 1213 unumquodque
408 1133 589 1213 propositum
603 1132 750 1211 principes
760 1152 839 1192 suos.
861 1132 986 1192 Romani
996 1132 1085 1191 duces
1094 1130 1158 1190 imi-

37 1222 116 1269 tentur
132 1212 278 1283 Camillos,
295 1212 453 1283 Fabricios,
469 1213 607 1291 Regulos,
621 1212 791 1291 Scipiones:
811 1212 977 1292 philosophi
995 1225 1158 1291 proponant

40 1292 81 1349 sihi
91 1292 288 1375 Pythagoram,
301 1294 459 1366 Socratem,
472 1293 634 1363 Platonem,
648 1294 857 1356 Aristotelem:
876 1309 974 1377 poetae
984 1292 1159 1357 aemulentur

41 1370 184 1443 Homerum,
198 1374 369 1455 Virgilium,
385 1374 591 1447 Menandrum,
605 1374 786 1437 Terentium.

315 1486 436 1551 Paulus
453 1485 590 1551 Orosius
603 1485 659 1551 lib.
674 1488 715 1550 iv.
733 1509 804 1571 cup.
818 1487 868 1550 19.
970 1552 975 1561 ,

74 1586 149 1665 Scipio
157 1588 221 1667 jam
236 1601 310 1656 tunc
320 1602 514 1667 cognomento
525 1588 690 1659 Africanus,
703 1588 885 1667 triumphans
898 1590 1001 1648 urbem
1012 1589 1160 1666 ingressus

46 1680 159 1745 estquem
170 1670 342 1737 Terentius,
352 1672 402 1747 qui
412 1684 513 1749 postea
524 1670 662 1742 comicus,
671 1690 708 1728 ex
720 1670 867 1733 nobilibus
878 1668 1160 1747 Carthaginiensium

45 1750 136 1824 captivis
154 1751 294 1829 pileatus,
312 1750 393 1829 quod
413 1751 535 1810 indultae
549 1750 604 1810 sibi
617 1750 762 1811 libertatis
776 1750 887 1831 insigne
901 1751 965 1817 fuit,
980 1750 1160 1829 triumphan-

44 1840 85 1887 tem
96 1845 151 1909 poat
164 1853 287 1891 currum
302 1844 419 1891 secutus
434 1846 488 1891 est.

68 1910 151 1971 Livius
170 1912 223 1971 lib.
246 1932 324 1971 xxx.
350 1932 408 1971 non
429 1913 573 1972 cornicum
596 1913 672 1972 hunc
694 1912 839 1991 intelligit,
859 1912 911 1971 sed
932 1910 968 1971 ad
990 1910 1160 1971 Terentium

99 1990 264 2052 Culleonem
288 2008 450 2053 senatorem
472 1992 558 2053 Rom.
581 1993 679 2063 refert,
699 1994 750 2070 qui
768 1992 846 2072 pileo
864 1994 951 2071 capiti
966 1992 1101 2071 imposito
1115 2010 1163 2049 se-

99 2089 175 2133 cutus
195 2089 243 2134 est
259 2074 429 2152 Scipionem
449 2074 692 2153 triumphantem
716 2090 795 2133 certe
814 2074 851 2133 tle
870 2074 1011 2135 alterutro
1026 2072 1162 2141 Quincti·

97 2152 160 2213 bani
173 2156 264 2215 etiam
279 2154 362 2214 locus
376 2176 414 2213 ex
428 2154 550 2214 declam.
566 2156 607 2214 ix.
622 2154 826 2233 intelligendus
840 2169 895 2214 est.

316 2266 470 2333 Sidonius
484 2265 664 2353 Apollinar.
682 2264 790 2332 Carus.
805 2290 862 2331 xx.

220 2366 297 2433 Quid
310 2384 361 2421 vos
373 2366 472 2439 eloquii
484 2384 578 2423 canam
590 2366 689 2433 Latini,

220 2439 351 2507 Arpinas,
366 2436 502 2500 Patavina,
517 2436 675 2501 Mantuano,

219 2508 259 2562 Et
270 2517 298 2562 te
311 2509 416 2562 comica
427 2508 474 2579 qui
486 2508 566 2562 doces
577 2506 697 2573 Terenti,

221 2578 261 2632 Et
273 2588 311 2642 te,
325 2586 446 2648 tempore
458 2578 504 2649 qui
516 2585 590 2634 satus
601 2596 705 2643 murro,

223 2646 334 2714 Graios,
349 2647 453 2713 Plaute,
466 2650 533 2703 sales
544 2650 636 2719 lepore
647 2648 754 2703 transis.

272 2752 417 2818 Rufinus
432 2754 656 2837 grammaticus
672 2752 913 2818 Antiochensis.

223 2852 349 2925 Agnovit
360 2862 478 2907 metrum
490 2862 630 2977 servataepue
641 2852 783 2907 Terentius
795 2861 897 2917 artem

223 2924 298 2978 Nam
312 2924 439 2994 prologos
451 2924 572 2977 trimetro
603 2924 678 2977 idicit
689 2941 850 2999 componere
864 2940 953 2989 versu,

223 2996 426 3066 Scenarumque
437 3004 512 3049 actm
524 2996 626 3065 primos
637 2994 705 3065 pods
717 2994 817 3051 claudit
828 2993 931 3049 eodem.

169 3100 304 3165 Servius
319 3102 351 3164 in
367 3098 446 3165 illud
460 3099 516 3165 lib.
531 3102 553 3163 i.
576 3100 711 3165 AEneid.
727 3099 865 3165 Talibus
880 3101 1016 3165 incusat.

69 3200 211 3297 Sciendum
237 3217 284 3263 est
312 3202 493 3297 Terentium,
516 3217 638 3297 propter
662 3204 755 3263 solam
780 3205 1000 3283 proprietatem,
1027 3205 1164 3263 omnibus

43 3299 218 3424 hillini&
238 3298 456 3364 praeposrtum3
491 3286 599 3363 quibus
619 3298 674 3355 est,
695 3298 836 3363 quantum
855 3284 896 3345 ad
915 3299 1023 3347 cetera
1044 3297 1165 3367 spectat,

323 3443 372 3511 Fl.
390 3444 557 3531 Sosipater
573 3443 740 3511 Charisius
753 3444 810 3510 lib.
826 3446 861 3512 ii.

69 3546 136 3621 Ἧι,
148 3561 181 3615 ut
197 3550 240 3609 ait
256 3547 352 3608 Varro
367 3548 404 3607 de
418 3548 523 3611 Latino
537 3568 670 3611 sermone
683 3547 737 3608 lib.
753 3569 781 3608 v.
802 3548 874 3607 nulli
891 3548 941 3607 alii
960 3568 1077 3609 servus
1098 3568 1167 3608 con·

44 3627 105 3684 teuit
123 3650 203 3705 quam
223 3630 355 3689 Titinuio
366 3642 399 3697 et
412 3629 563 3689 Terentio.
578 3652 580 3657 ·
598 3633 672 3701 Πάθη
686 3648 758 3689 vero
772 3629 897 3701 Trabea,
911 3630 1015 3707 inquit,
1034 3642 1066 3692 et
1088 3629 1168 3689 Atti-

46 3701 96 3776 liur,
108 3723 134 3767 et
146 3710 280 3771 Caecilius
295 3708 380 3769 facile
395 3725 556 3770 moverant.

319 3820 436 3886 Isidor.
454 3820 581 3906 Origin.
597 3820 654 3885 lib.
674 3821 696 3885 i.
721 3844 792 3906 cap.
812 3822 866 3886 39.

77 3918 184 3985 Fabulae
196 3938 294 4005 poetae
308 3925 449 4003 quasdam
464 3924 626 3983 delectandi
639 3944 728 3983 causa
742 3924 898 3995 linxerunt,
913 3925 1053 4003 quasdam
1067 3926 1104 3984 ad
1117 3946 1169 3985 na·

50 4010 111 4060 taras
126 4026 226 4077 rerum,
245 4006 398 4066 nonnullas
417 4006 456 4065 ad
474 4024 570 4063 mores
589 4006 738 4064 hominum
753 4006 933 4084 interpretati
949 4020 1026 4066 sunt.
1063 4005 1169 4065 Delec-

50 4081 111 4175 tandi
128 4106 208 4146 eausa
229 4087 320 4157 fictas,
341 4100 374 4145 ut
392 4107 441 4145 eas
461 4106 533 4164 quas
554 4086 643 4164 vulgo
657 4086 768 4156 dicunt,
783 4086 831 4145 vel
845 4108 917 4165 quas
931 4085 1054 4147 Plautus
1067 4102 1097 4146 et
1111 4088 1170 4146 Te-

50 4178 137 4225 rentius
149 4180 381 4247 composuerunt.

163 4262 215 4329 Ex
229 4266 362 4348 antiquo
377 4262 459 4326 Cod.
477 4262 543 4327 Ms.
560 4262 592 4325 in
609 4260 814 4326 Bibliotheca
829 4262 931 4349 Regis
947 4262 1034 4328 Gall.

231 4362 320 4419 Natus
331 4364 361 4417 in
373 4364 483 4418 excelsis
494 4362 573 4419 tectis
585 4362 757 4433 Carthaginis
768 4362 830 4418 altae

268 4433 398 4491 &ruanis
409 4433 524 4491 ducibus
535 4433 631 4490 bellica
642 4432 733 4507 prede
743 4431 793 4487 t‘ui.
