2834 4759
278 110 378 185 Quod
395 108 422 173 ri
433 108 565 173 abesset
578 105 718 191 longius,

278 207 376 272 Prius
390 226 456 270 nox
469 204 688 289 oppressisset
701 202 776 281 illic,
790 226 887 288 quam
901 204 967 269 huc
981 205 1101 269 revorti
1115 212 1231 288 posset
1244 203 1358 267 iterum.

237 321 268 367 10
279 304 378 370 Nunc
393 305 451 369 ubi
464 326 514 368 me
529 300 592 367 illic
607 324 672 366 non
683 302 816 379 videbit,
825 303 893 387 jam
907 302 973 367 huc
987 314 1144 379 recurret,
1160 312 1212 366 sat
1226 302 1302 367 scio.

278 403 449 488 Rogitabit
459 423 522 478 me,
538 402 594 465 ubi
610 401 743 479 fuerim,
767 422 863 486 quem
884 423 946 485 ego
961 400 1060 465 hodie
1075 410 1145 465 toto
1159 422 1227 463 non
1241 400 1305 463 vidi
1317 398 1370 461 die.

277 501 368 575 Quid
391 501 521 564 dicam?
567 498 626 562 Su.
650 496 784 563 Nihilne
806 500 840 562 in
861 510 1000 563 mentem
1018 501 1094 563 esti
1131 497 1191 562 Cr.
1211 496 1371 581 Nunquam

342 600 525 684 quicquam.
561 598 620 661 Su.
637 596 747 661 Tanto
761 598 908 682 nequior.
1409 593 1410 596 ’

279 696 541 773 ΟΙῑεηε,αιῐιὶοιιε,
552 694 684 780 hospes,
694 695 949 760 nemo'stvobisi
973 694 1033 760 Cr.
1045 695 1143 759 Sunt:
1163 694 1244 779 quid
1257 695 1371 779 postea?

280 796 339 860 Sa.
362 794 464 860 Hisce
485 814 585 878 opera
607 804 644 857 ut
666 793 744 857 data
766 794 818 857 sit.
855 794 916 858 Cr.
940 793 1026 868 Quae
1047 816 1113 858 non
1132 794 1210 858 data
1232 794 1295 857 sitt
1320 812 1374 854 mou

343 904 453 979 potest
468 892 550 957 fieri.
590 891 649 955 Su.
666 890 793 955 Potest.

239 1006 268 1051 tt
281 992 341 1058 Cr.
358 990 525 1056 Interdiu:
550 990 609 1054 sed
624 989 650 1053 si
668 989 722 1054 hic
736 1002 904 1074 pernocta,
920 1012 1027 1056 causae
1042 990 1118 1074 quid
1136 990 1254 1069 dicam,
1270 990 1363 1073 Syrel

281 1092 341 1156 St.
363 1089 458 1154 Vah!
482 1111 579 1175 quam
593 1086 706 1153 vellem
720 1090 816 1152 etiam
832 1101 930 1154 noctu
948 1090 1056 1153 amicis
1072 1110 1205 1175 operam
1219 1110 1289 1152 mos
1302 1095 1375 1151 esset

347 1189 427 1253 dari.

281 1287 370 1362 Quin
386 1300 422 1352 tu
438 1289 560 1351 otiosus
577 1308 627 1351 es:
651 1310 714 1372 ego
727 1286 812 1352 illius
828 1308 957 1352 sensum
971 1285 1108 1371 pulchre
1123 1285 1238 1351 calleo.

282 1388 393 1461 Quum
409 1385 504 1450 fervit
519 1408 678 1462 maxume,
696 1396 761 1450 tam
773 1385 946 1472 placidum,
959 1408 1056 1469 quam
1071 1408 1163 1450 ovem
1176 1384 1294 1450 reddo.
1325 1382 1374 1445 Cr.

348 1484 557 1558 Quomodo?

239 1656 315 1711 mium,
328 1662 352 1701 et
364 1652 453 1701 malum
465 1651 628 1714 miserumque
640 1660 693 1708 ectr
711 1666 798 1701 secun·
831 1649 945 1715 garitae
960 1650 1003 1713 qui
1017 1659 1125 1725 agrestes
1140 1650 1372 1711 inhumanosquert·
1409 1649 1410 1652 ’

239 1719 298 1767 dum
309 1717 375 1766 illam
387 1718 542 1773 sententiam,
555 1719 591 1765 Ne
601 1720 658 1780 qaid
667 1720 742 1765 nimis.
766 1716 798 1763 D.
831 1716 973 1779 prehendat,
992 1726 1017 1763 et
1033 1714 1188 1763 insociabiles
1208 1715 1271 1773 aliis,
1291 1723 1374 1778 propter

273 1784 295 1831 8.
315 1785 381 1834 Quod
395 1787 416 1830 εἰ
432 1785 520 1830 abesset
535 1779 636 1845 uagitu]
649 1781 736 1830 Amori
747 1795 798 1828 ma·
832 1780 987 1844 asperitatem
999 1779 1083 1828 rustici
1095 1779 1168 1828 senis.
1193 1781 1226 1828 D.

239 1846 284 1911 gis,
299 1862 371 1910 quarn
388 1846 423 1895 rei
440 1846 546 1896 consulit
562 1846 708 1895 adolescens.
734 1846 799 1893 D.-
866 1838 1375 1918 14.11uceoperaataaustt]dsupedom

242 1912 292 1961 Hic
308 1928 393 1961 versus
408 1922 445 1960 est
461 1911 579 1960 iambicus
595 1910 705 1960 dimeter.
734 1911 803 1959 Sicut
834 1910 984 1967 subauditur,
1012 1913 1090 1958 mist
1110 1913 1136 1957 ia
1156 1919 1273 1958 neuun.-
1298 1906 1323 1954 rd
1341 1913 1375 1957 αἱ,

240 1977 308 2042 prior
320 1988 356 2026 est
368 1976 485 2025 iambicus
496 1976 640 2025 octonarius
668 1977 697 2024 B.
834 1974 913 2038 cogita
934 1974 987 2023 dari
1010 1974 1131 2038 potuisse:
1158 1986 1185 2023 et
1206 1975 1289 2023 datam
1308 1968 1375 2041 dicito

274 2043 296 2091 9.
309 2044 396 2091 Iterum
407 2044 491 2090 reverti
501 2057 551 2089 mon
563 2050 600 2089 est
613 2044 647 2089 dir
658 2045 750 2099 reruni,
760 2040 800 2103 qui
836 2038 892 2094 Quae
903 2057 947 2087 nou
958 2043 1014 2087 dota
1024 2042 1055 2087 rit
1062 2038 1088 2103 t]
1107 2039 1156 2087 llic
1171 2040 1203 2089 de
1215 2040 1280 2087 facto
1291 2044 1375 2099 questro

241 2116 280 2155 cst
295 2122 363 2155 error
380 2107 484 2161 Faernic
507 2107 550 2155 sed
567 2116 669 2165 vetuste,
685 2122 730 2169 pro
742 2105 801 2153 sim·
835 2115 880 2162 est,
897 2103 924 2152 in
939 2119 987 2167 qua
1003 2104 1100 2167 quidem
1113 2104 1220 2166 (quidam
1236 2104 1274 2152 ed.
1291 2102 1330 2150 Du
1343 2096 1375 2153 B.)

241 2171 338 2247 pliciter
353 2175 435 2221 redire.
463 2170 498 2219 Ut
513 2171 622 2235 supra,i.
641 2172 661 2219 l.
678 2172 717 2219 46.
736 2170 800 2218 Eun
832 2169 959 2245 disputant
977 2170 1086 2233 quaedam
1104 2179 1162 2217 tuno
1177 2168 1304 2234 possibilia
1318 2160 1376 2211 intel·

241 2250 273 2286 tv.
287 2238 308 2284 2.
322 2238 345 2285 6.
370 2237 398 2285 Β.
833 2234 884 2297 ligr,
897 2234 993 2297 quando
1004 2234 1142 2282 laetasint:
1161 2250 1237 2296 quum
1249 2241 1326 2282 autem
1337 2240 1375 2299 nott

276 2304 313 2349 10.
331 2303 384 2349 Jom
398 2304 442 2349 buc
451 2308 561 2357 recurret,
573 2308 610 2348 rat
620 2298 680 2361 scio]
693 2298 759 2347 Mire
771 2300 801 2347 de
834 2300 903 2357 liunt,
916 2315 965 2347 non
982 2299 1054 2346 ruodo
1068 2314 1117 2346 mon
1133 2298 1196 2356 fleri,
1211 2298 1256 2347 sed
1271 2312 1301 2345 ue
1312 2305 1376 2358 pm·

242 2382 308 2425 aene,
325 2374 427 2415 recurret
448 2365 517 2425 dixit,
539 2375 567 2413 ut
588 2366 641 2427 ejus
660 2364 802 2413 instantiam
834 2362 892 2411 bilia
903 2364 999 2427 quidem
1012 2363 1191 2412 essedicenda=
1210 2352 1377 2427 quilocmnd

242 2430 426 2479 demonstraret.
450 2431 481 2478 D.
834 2431 938 2477 δυνατῶν
959 2428 1055 2477 dicitur.
1090 2428 1126 2476 Cf.
1148 2428 1199 2477 Cic.
1222 2429 1288 2477 Fam.
1306 2424 1336 2471 im
1357 2420 1375 2464 4·

278 2496 313 2543 ll.
328 2496 380 2543 Etsi
393 2496 477 2544 Bemb.
490 2494 706 2558 habetRogr'tads't,·
719 2508 803 2542 uersus
834 2492 926 2556 Potest]
946 2494 1038 2543 lterum
1058 2492 1209 2553 subauditur,
1221 2496 1284 2555 fleri,
1294 2497 1319 2537 at
1331 2488 1377 2533 doit

243 2568 324 2608 tarmen
346 2560 431 2624 probat
451 2560 519 2608 codd.
544 2570 681 2608 nostrorum
702 2568 728 2607 et
747 2557 801 2607 edd.
834 2562 882 2606 eit.-
899 2559 975 2607 velut
991 2562 1099 2608 dedatur
1112 2562 1176 2607 dota.
1202 2557 1377 2617 u-lngenum

242 2634 301 2674 vett.
314 2626 420 2688 nogant.
455 2624 595 2673 Nemeum
617 2627 656 2672 udi
676 2635 802 2673 accentum
835 2623 975 2672 adolescens
998 2634 1071 2687 negat
1092 2622 1199 2672 mentiri.
1241 2616 1375 2671 Mmmder:

242 2689 284 2737 hic
300 2690 389 2738 habeat
404 2690 429 2737 in
441 2688 532 2754 syllaba
548 2690 637 2753 priore,
654 2689 694 2737 ald
705 2688 750 2753 sue
766 2698 804 2736 est
834 2690 945 2750 ’Apmdr
965 2692 1015 2736 ’στι
1036 2686 1127 2737 πάντας
1150 2686 1291 2737 ἐπίστασθαι
1316 2673 1376 2729 ‘fili'

242 2754 480 2819 proceleusmaticus,
490 2754 579 2817 dactyli
592 2764 687 2817 tempus
698 2754 803 2809 habentu
834 2751 973 2815 Ἐλευθέρου
980 2753 1028 2813 ’γὰρ
1037 2752 1148 2816 drbphsr'
1158 2753 1238 2812 ἀληθῆ
1246 2750 1330 2811 reyeo.
1347 2740 1375 2787 W·

244 2830 270 2868 et
277 2820 339 2869 irato
348 2820 458 2883 apprime
467 2820 581 2867 convenit
589 2819 673 2882 rapide
682 2817 756 2880 loqui.
774 2818 802 2866 B.
870 2820 906 2867 15.
916 2816 1034 2881 interdiu]
1045 2818 1125 2866 Bene:
1138 2818 1196 2882 quia
1205 2813 1304 2867 amatori
1311 2820 1376 2859 mm·

279 2886 315 2932 12.
328 2888 422 2933 Nihilne
434 2888 458 2931 in
469 2893 562 2933 menum
573 2882 640 2946 etti]
655 2882 695 2931 Sic
706 2884 752 2930 hoc
762 2898 802 2930 ac·
835 2898 874 2931 me
886 2894 957 2931 nocte
968 2898 1029 2947 opus
1040 2894 1083 2931 est.
1107 2883 1138 2931 D.

243 2948 383 3013 cipiendum
395 2960 439 3006 est,
447 2959 475 2997 ut
486 2948 633 2997 adolescenti
644 2948 721 2996 libero
732 2947 801 2995 mali·
869 2949 906 2995 lo.
922 2950 989 2997 Vah!
1005 2964 1073 3011 quam
1080 2950 1158 2996 uellem
1167 2952 1239 2996 etiosa
1245 2940 1320 3003 mit]
1332 2936 1376 3011 ΗΕ

244 3014 302 3061 timn
322 3022 441 3077 putemus,
462 3028 510 3061 non
533 3012 678 3077 sapientiam
700 3013 801 3060 deesset
835 3012 961 3075 utriusque
978 3027 1089 3076 persona
1106 3013 1229 3071 convenit,
1247 3008 1289 3059 sed
1303 3002 1375 3053 melu!

243 3078 304 3125 adeo
316 3077 341 3126 in
353 3078 397 3127 hac
408 3093 436 3126 re
447 3078 562 3141 magister
573 3089 611 3126 est
621 3092 712 3126 seruus.
734 3079 803 3125 Nus·
835 3088 862 3125 et
877 3078 945 3141 Syro,
962 3077 1099 3153 etfacetius
1116 3076 1214 3154 dicitur.
1247 3076 1280 3124 lit
1294 3068 1375 3134 quidam

244 3140 803 3271 attundeturtetrici
836 3132 1374 3272 {adrumetinus

245 3283 297 3320 turn
307 3272 668 3329 estutecontrariodicimus,
681 3279 745 3320 tanto
756 3288 803 3319 sue-
836 3271 862 3319 in
881 3272 928 3329 bis,
948 3287 1002 3334 qum
1021 3286 1070 3320 nou
1092 3271 1205 3321 videmus
1224 3270 1282 3321 lieri
1320 3263 1374 3335 ΒΨ

245 3340 296 3385 tter.
331 3336 550 3401 D.-Optirnorum
574 3336 691 3385 librorum
718 3346 756 3384 est
780 3340 805 3384 ia
836 3335 911 3399 igitur
930 3336 1058 3385 deficiente
1078 3348 1230 3401 argumento,
1251 3348 1303 3384 cum
1322 3320 1373 3376 alud

244 3409 338 3450 menum
355 3410 396 3449 est.
430 3400 519 3450 Caeteri
536 3400 606 3459 male,
624 3404 649 3450 ia
668 3409 741 3450 mente
761 3409 803 3449 est.
836 3416 885 3449 non
908 3402 1037 3459 inveniret,
1060 3401 1086 3450 in
1109 3414 1166 3451 rota
1188 3412 1314 3451 conversus
1333 3398 1372 3437 3¹³

246 3466 310 3514 Vide
319 3482 363 3514 noe
371 3465 401 3514 ad
409 3466 542 3515 Heautont.
552 3482 573 3515 v.
583 3469 604 3513 2.
614 3468 652 3515 33.
675 3468 751 3514 Porro
758 3480 804 3529 pro
836 3466 901 3514 unde
910 3466 1024 3514 videntur
1034 3466 1112 3529 maffl's
1122 3467 1174 3515 brec
1182 3470 1257 3516 rerba
1264 3454 1373 3520 ctesiph&

244 3532 540 3595 uuupomlegenusquom.
559 3530 804 3594 Namnurquaminre
835 3531 874 3579 nis
891 3546 951 3579 esse.
976 3531 1116 3586 D.-anus
1132 3536 1210 3580 vellen
1226 3525 1301 3588 noch]
1318 3524 1374 3583 Sym·

244 3596 475 3661 presentercilicet:
488 3608 806 3659 nonnunquam,utsemper
837 3596 915 3644 mach.
932 3596 973 3645 lib.
989 3596 1006 3643 i.
1022 3596 1102 3661 Epist.
1119 3598 1157 3647 17.
1201 3601 1241 3646 Aa
1255 3595 1295 3643 tili
1305 3594 1373 3652 put!

245 3661 360 3710 stolidum
372 3677 398 3710 se
408 3672 433 3709 et
443 3660 544 3710 bardum
557 3677 609 3709 asse
621 3662 731 3709 fateatur.
756 3660 784 3708 B.
837 3663 933 3723 exempli
943 3664 1035 3709 videtur
1045 3666 1070 3709 in
1080 3665 1170 3719 ωωίω,
1182 3679 1233 3709 catur
1244 3661 1295 3708 ait?
1315 3654 1372 3702 (Μ’

281 3729 317 3775 la.
331 3730 415 3784 ctum,
427 3730 520 3783 amicus,
536 3730 620 3787 hospes,
635 3743 698 3774 nemo
714 3733 750 3773 ert
766 3742 803 3773 ao-
837 3728 915 3774 uellem
926 3730 996 3774 adast
1009 3735 1075 3774 naen
1086 3730 1167 3774 amida
1176 3742 1266 3789 wan
1279 3714 1372 3769 „aut

247 3790 315 3855 tat]
336 3792 400 3839 Vide
418 3792 560 3853 magistrum
578 3790 608 3839 ad
624 3790 765 3854 nequitiam,
777 3799 806 3838 ut
837 3793 908 3838 dari!
930 3790 958 3838 1.

246 3856 351 3921 simplici
367 3856 515 3905 adolescenti
531 3856 664 3905 mentiendi
680 3854 743 3903 viam
759 3854 805 3903 de·
871 3856 908 3905 1⁷.
922 3853 1187 3918 catedcutidescio.
1213 3856 1245 3904 D.
1318 3910 1324 3920 ,

245 3930 371 3980 monstret,
380 3922 539 3970 ethonestum
549 3930 628 3969 tentet
636 3920 722 3968 afferre
731 3934 803 3983 argm-
871 3922 908 3967 la.
918 3916 1371 3983 ouanserdtsmne]'rertiacou¹¹t¹·

246 3996 356 4033 mentum
368 3984 399 4033 ad
406 3986 565 4044 mendacium,
573 3995 673 4050 propter
681 3984 803 4042 clientem,
837 3984 904 4033 tione
919 3983 990 4042 dixit,
1002 3985 1067 4033 unde
1074 3984 1167 4048 fervere
1178 3984 1272 4040 dicitur,
1281 3974 1369 4031 ΜΨ*

246 4048 359 4107 amicum,
380 4060 423 4099 aut
442 4051 562 4115 hospitem
584 4050 610 4098 in
630 4052 690 4099 urbe
709 4064 805 4097 cesama
836 4049 918 4098 medis
940 4050 1038 4114 syllaba.
1083 4053 1132 4102 Quo
1154 4049 1251 4112 modat]
1279 4040 1368 4102 Miflmlt

246 4113 339 4161 uisumc
356 4114 805 4178 quodtarnaunecsicintelligitrudis
837 4114 894 4176 quia
916 4115 987 4164 timet
1008 4130 1072 4173 eum,
1095 4130 1167 4177 quem
1186 4116 1234 4163 iste
1254 4102 1368 4160 &nummi

246 4194 274 4225 ac
296 4178 401 4228 rustirus
423 4179 569 4229 adolescens.
605 4182 689 4237 Glisas,
711 4183 804 4238 amica,
839 4179 963 4228 D.-Tosa
979 4182 1098 4241 placidata
1113 4197 1181 4244 quon
1195 4176 1266 4241 om]
1280 4168 1367 4237 mult.

246 4246 331 4305 ram,
343 4260 405 4292 „aa
415 4252 449 4293 eo
461 4244 555 4307 aur]
573 4244 639 4295 utre
652 4244 687 4294 uc
699 4244 804 4294 anona·
836 4243 912 4294 divin.
929 4244 1006 4295 insat.
1024 4244 1065 4293 aa
1083 4244 1118 4293 ra.
1134 4261 1187 4310 cap
1204 4247 1243 4294 aa.
1278 4240 1311 4286 s.
1324 4225 1366 4275 ¹¹⁸
