2834 4759
438 586 524 661 ¹DE
553 586 842 661 TRAGOEDIA
869 584 938 658 ET
965 583 1237 659 COMOEDIA.

262 776 390 845 Iurrrusr
411 785 563 863 tragoediae
580 797 611 844 et
630 782 783 844 comoediae
804 802 822 842 a
841 784 929 843 rebus
950 782 1055 841 divinis
1073 793 1119 841 est
1138 782 1323 842 inchoatum:
1342 782 1397 860 qui-

262 868 320 925 bus
335 886 388 944 pro
401 866 545 925 fructibus
559 879 628 926 vota
646 865 792 925 solventes
811 866 1007 942 operabantur
1027 864 1149 940 antiqui.
1192 862 1268 922 Nam
1286 862 1398 922 incensis

258 946 321 1025 jam
335 946 484 1016 altaribus,
499 961 529 1005 et
540 947 659 1007 admoto
671 947 763 1016 hirco,
781 944 813 1003 id
831 964 923 1022 genua
942 944 1087 1014 carminis,
1102 942 1179 1023 quod
1200 963 1283 1003 sacer
1304 944 1398 1003 chorus

262 1028 404 1087 reddebat
425 1026 517 1087 libero
534 1028 619 1106 patri,
638 1026 782 1105 tragoedia
799 1026 959 1095 dicebatur,
974 1024 1023 1083 vel
1040 1028 1091 1084 ἀπὸ
1108 1033 1155 1084 τοῦ
1171 1030 1269 1102 τράγου
1287 1023 1344 1083 ’καὶ
1362 1031 1399 1097 τῆς

263 1114 337 1192 dhis,
352 1108 408 1167 hoc
421 1122 475 1178 est,
490 1111 528 1168 ab
542 1109 633 1176 hirco,
648 1108 733 1167 hoste
747 1108 907 1175 vinearum,
921 1120 952 1165 et
964 1127 983 1165 a
996 1104 1151 1165 cantilena.
1176 1105 1250 1185 Ejus
1263 1106 1352 1184 ipsius
1364 1104 1398 1163 rei

263 1188 343 1267 apud
356 1188 514 1266 Virgilium
529 1189 613 1267 plena
627 1188 661 1246 fit
675 1188 794 1246 mentio.
830 1185 885 1245 Vel
900 1186 980 1265 quod
993 1187 1075 1245 hirco
1089 1186 1254 1245 donabatur
1267 1186 1330 1265 ejus
1343 1206 1398 1245 car·

262 1270 349 1329 minis
363 1284 466 1347 poeta:
489 1270 536 1327 vel
550 1269 629 1348 quod
643 1280 708 1327 uter
721 1270 785 1346 ejus
799 1268 887 1326 musti
908 1266 1013 1346 plenus
1031 1266 1159 1327 solemne
1173 1268 1327 1346 praemium
1340 1287 1399 1324 can·

261 1350 377 1409 toribus
399 1350 514 1419 fuerats
540 1350 587 1409 vel
611 1349 692 1427 quod
715 1369 767 1407 ora
788 1368 842 1407 sua
864 1348 976 1408 fecibus
1003 1348 1186 1427 perlinebant
1206 1348 1323 1417 scenici,
1342 1360 1399 1405 ante

263 1451 349 1489 usum
376 1451 577 1509 personarum,
600 1432 637 1490 ab
662 1428 803 1507 AEschylo
829 1443 988 1508 repertum.
1036 1428 1126 1487 Feces
1153 1429 1231 1487 enim
1254 1427 1399 1487 'dicuutur

263 1510 369 1571 Graece
382 1514 483 1589 τρύγεο.
526 1510 566 1569 Et
585 1512 631 1570 his
649 1510 769 1588 quidem
787 1511 882 1569 causis
901 1509 1055 1587 tragoediae
1068 1529 1176 1569 nomen
1189 1523 1235 1568 est
1249 1510 1398 1568 inventurn.

262 1593 306 1651 At
320 1612 391 1651 vero
412 1592 541 1651 nondum
562 1592 669 1651 coactis
690 1592 721 1651 in
736 1593 840 1650 urbem
853 1591 1090 1659 Atheniensibus,
1105 1611 1172 1650 cum
1185 1589 1333 1668 ‘Apollini
1346 1588 1400 1647 No·

262 1674 331 1741 mio,
348 1672 394 1731 vel
409 1672 585 1750 AFyAes*
601 1671 630 1731 id
645 1684 699 1740 est,
715 1684 866 1750 pastorum
880 1672 1101 1749 vicinorumque
1117 1670 1237 1750 praesidi
1252 1671 1327 1740 Deo,
1341 1690 1399 1729 con-

263 1754 382 1812 structis
395 1754 453 1811 aris
467 1754 497 1811 in
511 1753 651 1811 honorem
666 1752 774 1811 divinae
788 1753 829 1810 rei
845 1753 954 1811 circum
971 1751 1081 1811 Atticae
1094 1752 1185 1822 vicos,
1200 1750 1294 1821 villas,
1310 1771 1398 1829 pagos,

263 1848 294 1893 et
315 1834 442 1911 compita
459 1833 582 1893 ‘festum
608 1853 725 1892 carmen
747 1832 904 1891 solenniter
922 1846 1092 1891 cantarent:
1113 1846 1179 1891 orta
1197 1846 1244 1891 est
1265 1831 1400 1892 comoedia

263 1916 314 1973 ἀπὸ
334 1923 385 1974 τῶν
405 1924 494 1990 κωμῶν
514 1920 555 1973 καὶ
573 1921 618 1987 τῆς
638 1918 704 1987 slidis
725 1914 887 1991 composito
907 1914 1032 1985 nomine,
1047 1912 1094 1971 vel
1108 1917 1158 1972 dard
1172 1920 1219 1973 τοῦ
1235 1919 1355 1989 κωμάζειν
1366 1916 1399 1969 suri

261 1998 341 2071 ᾄδειν,
357 1995 437 2074 quod
451 2009 504 2063 est,
520 2009 713 2053 comessatum
733 1995 776 2052 ire
793 2007 960 2053 cantantes:
982 1994 1062 2071 quod
1074 2015 1092 2052 a
1106 1994 1201 2072 poetis
1219 1994 1330 2053 solenni
1350 1992 1399 2058 die,

263 2074 310 2134 vel
325 2076 463 2135 amatorie
478 2075 697 2135 lascivientibus
712 2075 808 2134 choris
823 2076 940 2134 comicis
955 2095 1012 2133 non
1030 2074 1190 2134 absurdum
1207 2087 1263 2133 est.
1307 2074 1399 2150 ltaque

263 2169 297 2215 ut
310 2176 417 2222 rerum,
433 2156 474 2216 ita
488 2156 574 2215 etiam
590 2169 755 2234 temporum
773 2156 901 2234 ipsorum
920 2171 1019 2233 coepto
1033 2156 1135 2215 ordine
1153 2155 1299 2233 tragoedia
1315 2155 1399 2233 primo

262 2237 376 2315 prolata
390 2258 454 2295 esse
469 2238 664 2315 cognoscitur.
707 2236 783 2295 Nam
798 2249 832 2295 ut
844 2238 881 2295 ab
896 2236 1012 2295 incultis
1026 2249 1057 2294 et
1070 2236 1139 2295 feris
1158 2236 1291 2296 moribus
1310 2233 1400 2314 paula-

263 2318 315 2375 tim
329 2331 502 2396 perventum
517 2330 563 2376 est
575 2318 613 2376 ad
627 2316 886 2388 mansuetudinem,
901 2318 1048 2395 urbesque
1068 2328 1137 2375 sunt
1156 2316 1292 2385 conditae,
1307 2331 1336 2375 et
1349 2315 1401 2372 vita

262 2399 361 2458 mitior
380 2402 468 2476 atqu'e
490 2398 611 2457 otiosior
633 2398 795 2476 processit:
818 2398 859 2456 ita
881 2418 928 2456 res
948 2398 1066 2476 tragicae
1087 2396 1174 2475 longe
1196 2411 1264 2457 ante
1286 2396 1399 2457 comicas

263 2478 398 2538 inventae.
436 2479 580 2546 Quamvis
594 2492 691 2537 autem
705 2494 785 2537 retro
797 2479 895 2556 prisca
907 2477 1094 2537 volventibus
1107 2479 1272 2556 reperiatur
1286 2475 1399 2554 Thespis

262 2560 417 2637 tragoediae
435 2561 547 2637 primus
571 2560 723 2618 inventor:
745 2571 775 2617 et
792 2557 946 2619 comoediae
965 2560 1073 2618 veteris
1093 2572 1176 2638 pater
1196 2558 1321 2639 Eupolis
1342 2576 1401 2616 cum

263 2639 386 2699 Cratino
414 2640 670 2719 Aristophaneque
698 2660 762 2698 esse
789 2638 913 2699 dicatur.
962 2638 1111 2699 Homerus
1137 2653 1245 2709 tamen,
1271 2640 1321 2718 qui
1348 2638 1400 2696 iere

261 2722 357 2779 omnis
380 2722 504 2799 poeticae
528 2721 709 2799 largissimus
733 2720 798 2780 sons
819 2734 873 2791 est,
899 2721 987 2779 etiam
1009 2720 1056 2779 his
1076 2720 1253 2780 carminibus
1277 2717 1402 2793 exempla

262 2802 399 2880 proebuit,
414 2814 445 2861 et
457 2801 539 2861 velut
553 2800 677 2879 quadam
695 2821 813 2859 suorum
831 2822 953 2880 operum
972 2799 1037 2879 lege
1057 2802 1256 2880 praescripsit:
1278 2802 1328 2880 qui
1341 2799 1401 2857 llis·

261 2882 328 2941 dem
342 2883 433 2941 instar
447 2882 610 2961 tragoediae,
625 2882 789 2959 Odysseam
802 2882 841 2940 ad
854 2882 1009 2960 imaginem
1027 2881 1181 2941 comoediae
1202 2882 1308 2941 fecisse
1328 2899 1401 2941 mon·

295 3026 377 3083 ‘Qua
388 3026 427 3076 hic
439 3026 470 3076 de
482 3026 599 3091 tragoedia
614 3036 639 3076 et
651 3026 771 3075 comoedia
780 3042 819 3075 re-
853 3024 1093 3089 remansisse
1108 3022 1136 3074 ab
1152 3025 1181 3084 δὴ
1197 3026 1237 3075 eal
1252 3021 1402 3089 smallssl

261 3091 380 3149 feruntur,
401 3108 430 3141 es
449 3108 498 3141 non
515 3102 543 3141 ut
560 3092 602 3141 alii
618 3106 649 3141 es
661 3093 771 3140 Cornuto
782 3090 821 3139 vel
853 3094 945 3151 πρᾶτον
956 3088 1191 3150 tsssssssssstto.
1209 3090 1265 3140 Vid.
1273 3090 1401 3156 Etymolog.

262 3156 345 3221 Aspro
364 3156 482 3215 desumta,
503 3158 546 3205 sed
567 3172 599 3205 ex
618 3156 734 3205 Euanthii
754 3170 821 3203 com-
854 3155 973 3219 Magnum
985 3154 1010 3203 in
1022 3154 1150 3215 Tmolia.
1174 3155 1203 3204 1.

261 3220 382 3271 mentario
393 3223 418 3270 in
430 3222 572 3271 Terentium
587 3220 677 3271 selecta
690 3236 744 3269 esse
756 3220 821 3269 arbi·
885 3220 896 3251 ⁴
908 3219 1016 3283 Apollini
1034 3219 1131 3277 Nomio,
1143 3220 1182 3269 rel
1193 3219 1332 3285 nryaas]
1348 3219 1401 3267 lise

263 3297 320 3335 tror.
355 3287 490 3349 Ejusceque
506 3287 542 3335 rei
557 3286 765 3335 evidentissimum
780 3301 819 3333 ar·
852 3294 890 3333 est
901 3284 1022 3349 scriptura
1036 3284 1170 3349 priscorum
1187 3285 1256 3334 codd.
1268 3302 1322 3348 qua
1336 3284 1401 3333 rehu-

261 3363 404 3415 gumentum
421 3350 540 3427 estquod
557 3352 602 3400 sub
617 3351 689 3413 hujus
706 3350 820 3398 eruditis·
852 3350 931 3413 genda
944 3350 1040 3397 videtur
1056 3350 1101 3397 hoc
1118 3349 1204 3398 modo:
1217 3353 1320 3412 Apollini
1331 3349 1402 3398 Nonis

261 3414 318 3528 {ll
332 3415 820 3545 nrt'rtsstptrtit‘lrtrlh?
852 3412 1403 3542 thirtrdsltlrltttitsl

263 3547 317 3594 285.
341 3556 458 3610 regnante
479 3516 623 3595 Constantio
644 3544 678 3593 fil.
699 3546 820 3593 Constan-
853 3547 941 3607 Apella
969 3542 1158 3603 ’Apusslsautem
1176 3543 1231 3592 Elei
1247 3539 1401 3609 appellarunt,

262 3610 316 3669 tini,
346 3612 366 3659 C
390 3611 416 3659 P.
439 3610 549 3660 floruisse
573 3621 640 3659 notat
664 3608 820 3673 llieronym.)
853 3619 915 3657 teste
933 3607 1053 3657 Pausania
1069 3608 1095 3657 in
1113 3598 1210 3666 Eliricis,
1221 3608 1279 3658 τοὺς
1293 3608 1400 3663 ὑπ”Αθν

261 3675 313 3724 haec
331 3676 405 3725 verba
424 3675 509 3725 afferat
528 3674 632 3724 Rufinus
648 3673 822 3722 Antiochensis
853 3674 924 3722 salar
943 3670 1102 3733 καλουμένους
1124 3671 1265 3723 στενωπούς.
1299 3674 1332 3722 Et
1352 3670 1401 3719 hinc

251 3732 388 3804 'grammat
414 3740 455 3789 lib.
479 3740 509 3790 de
536 3738 620 3789 metris
647 3738 820 3788 Terentiauiss
854 3738 944 3802 Apollo
966 3738 1081 3802 Agyieus,
1109 3737 1140 3786 de
1168 3754 1216 3801 quo
1240 3737 1295 3788 lirae
1321 3734 1401 3787 Graes

263 3809 378 3855 θοοοίνοο
392 3807 700 3869 arguments,esssuetudlns
713 3820 820 3867 congrua,
855 3802 942 3851 Horat
954 3804 1034 3852 Carm.
1047 3802 1088 3852 lib.
1101 3802 1133 3851 iv.
1145 3804 1192 3852 0d.
1205 3803 1227 3851 6.
1260 3804 1330 3852 leals
1343 3804 1402 3864 Agy-

260 3874 327 3919 uts'ls's
340 3874 466 3929 seruulis,
480 3878 551 3935 pala
567 3872 730 3931 sallisaapts
743 3877 820 3917 asena.
853 3872 902 3916 s'ess
922 3878 947 3917 et
966 3867 1000 3916 ibi
1020 3868 1138 3933 Porphyr.
1163 3868 1272 3917 Macrob.
1291 3862 1401 3916 Satumsl·

263 3936 297 3983 Et
307 3944 391 3999 posteo
402 3935 450 3985 sic:
472 3938 564 3984 Veteres
573 3938 617 3983 elsi
628 3938 664 3983 sssl
676 3937 722 3995 ipss·
736 3950 822 3997 quaqua
853 3932 894 3982 lib.
907 3932 923 3981 i.
935 3948 987 3997 cap.
1001 3934 1024 3981 9.
1059 3933 1146 3982 Postea
1161 3933 1197 3982 sic
1210 3933 1300 3997 legitur
1311 3933 1335 3980 in
1348 3928 1401 3978 Mss

261 4004 347 4057 sistris,
358 4008 400 4048 alc.
434 4002 496 4055 Quae
511 3999 634 4063 ipsissima
644 3998 671 4047 in
682 3998 749 4047 hisce
764 4014 821 4063 pro-
851 4006 969 4060 pastorsss
979 4001 1102 4047 siciamus
1112 4000 1177 4046 Deo:
1193 3997 1236 4047 ubi
1246 3997 1273 4046 in
1284 3997 1354 4047 editis
1364 4002 1402 4049 ests

260 4064 489 4129 legomenisnuncl
539 4074 602 4112 ntur.
627 4064 655 4112 L.
853 4066 1019 4126 ssumrssqss
1027 4066 1125 4124 presidi
1138 4066 1192 4112 Dea
1216 4062 1246 4111 1.

294 4128 362 4177 ’Kal
380 4130 425 4188 τῆς
444 4129 504 4188 Allis
537 4129 593 4178 Hoc
615 4144 646 4177 ex
669 4128 731 4179 Mss.
752 4126 821 4176 addi·
886 4128 1001 4177 *Fam
1018 4126 1121 4191 mea]
1142 4126 1173 4177 In
1194 4128 1243 4176 Ma.
1265 4128 1327 4177 Dan
1337 4124 1401 4188 sasti-

262 4202 322 4243 tum.
346 4193 375 4243 1..
853 4208 906 4240 vass
929 4208 1019 4241 mes
1040 4195 1178 4241 salbnsltar
1196 4202 1345 4245 meter.-
1363 4184 1403 4236 lsi

294 4258 441 4309 'Dicuntur
467 4260 553 4308 Grssce
579 4256 707 4321 TPTOEC]
731 4258 821 4306 Athen.
853 4258 902 4305 οόν
922 4259 1005 4318 κομῦν
1026 4256 1065 4306 ssi
1086 4259 1132 4316 τῆς
1147 4257 1208 4316 llius
1226 4260 1334 4307 massa
1349 4254 1401 4302 osel-

261 4322 341 4372 libii.
363 4321 821 4385 ’Arbplls,sslslrisassmlias,asl
854 4325 1402 4386 ranutstsptsssspsgssssssstttmm·

261 4386 278 4445 si
297 4390 342 4446 τῆν
362 4388 493 4451 wellas
515 4388 605 4451 ὥρασιν
625 4389 653 4437 ls
669 4385 761 4451 ’Iaspis
777 4388 823 4445 τῆν
850 4389 926 4449 posits
942 4390 1036 4447 mbas,
1053 4390 1089 4437 sel
1106 4386 1153 4436 tst
1168 4388 1214 4437 τοῦ
1230 4384 1350 4449 νομίζω,
1365 4390 1402 4431 tlt·

261 4452 373 4513 Ἀττικῆς
391 4450 480 4519 sbplln,
498 4452 537 4501 ersi
557 4456 609 4503 κατ’
629 4452 701 4503 snb
718 4452 763 4502 τὸν
778 4453 823 4510 sis
855 4452 884 4501 1..
