2834 4759
55 149 245 234 octonaria]
520 150 781 219 ADELPHI.

101 282 155 349 Et
169 284 226 349 tibi
240 286 283 351 ob
296 306 369 350 eam
382 303 463 364 rem,
478 286 507 349 ai
520 286 599 371 quid
615 307 694 352 uana
710 289 843 366 venerit,

101 381 241 447 Lubens
255 384 339 451 bene
354 384 473 451 faxim:
496 386 635 453 meditor
648 408 723 452 ease
736 386 895 465 affabilia3

57 544 62 556 ,
100 480 153 545 Et
167 483 250 549 bene
265 485 423 568 procedit.
461 484 528 551 Gn.
545 485 658 551 Bonus
672 508 720 562 ee,
735 508 835 571 quum
849 485 921 551 haee
935 486 1122 559 existumas.
1152 558 1155 563 ,

55 592 87 639 10
100 580 173 645 Du.
190 580 348 647 Paulatim
363 582 492 667 plebem
503 583 674 670 primulum
690 584 774 651 facio
787 606 902 651 meam.

247 820 437 924 acras
471 850 687 934 nurum
719 848 910 925 senna
935 848 1023 927 vn.

258 1039 263 1049 '
314 1038 505 1088 AESCHINUS.
532 1038 669 1088 Dumna.
696 1037 818 1088 stitus,
843 1038 949 1089 GETA·

96 1163 283 1229 Occrnuur
297 1185 348 1227 me
363 1164 505 1248 quidem,
519 1163 598 1228 dum
611 1164 704 1228 nimia
720 1174 848 1228 sanctas
863 1165 992 1250 nuptias

96 1263 243 1326 Student
257 1261 382 1327 faeere:
405 1264 438 1327 in
452 1262 642 1347 apparando
656 1272 760 1327 totum
775 1274 968 1327 consumunt
982 1262 1078 1329 diem.

95 1359 168 1425 Da.
180 1359 272 1434 Quid
281 1361 398 1445 agitur,
411 1359 593 1425 AEachine?
617 1359 692 1425 AEa.
704 1360 823 1438 Ehem,
833 1362 990 1446 paternii,
1003 1372 1038 1427 tu
1047 1362 1101 1429 hio
1112 1368 1208 1431 erasi

57 1458 61 1466 ’
95 1460 167 1524 Da.
183 1458 278 1524 Tuus
294 1458 403 1524 hercle
418 1480 495 1524 vero
509 1471 542 1524 et
556 1460 661 1523 animo
677 1470 711 1523 et
725 1469 842 1525 natura
855 1470 969 1544 pater3

67 1572 82 1617 5
96 1559 168 1632 Qui
181 1570 215 1624 te
228 1569 315 1623 amat
328 1558 402 1644 plue
417 1580 512 1643 quam
526 1556 626 1623 hoece
642 1556 772 1623 oculos:
796 1560 854 1623 sed
870 1581 928 1623 cur
942 1582 1007 1624 non
1022 1560 1152 1626 domum

52 1692 105 1752 sert,
130 1709 190 1743 eum
208 1692 308 1742 nomine
323 1708 419 1751 vocant,
437 1693 502 1756 quod
520 1701 616 1741 tanturn
646 1696 717 1743 emer
733 1703 815 1743 antem
831 1694 895 1743 dixit
906 1698 1070 1753 Occidentem,
1082 1700 1208 1761 pronitate

52 1756 124 1821 (qnod
137 1763 252 1808 emman
265 1756 304 1821 in)
319 1757 485 1821 superioribua
503 1768 546 1806 eat.
580 1758 615 1806 Et
647 1761 769 1808 ledentet
785 1764 947 1809 manicatae.
981 1762 1093 1809 Occidunt
1108 1764 1205 1825 mecei·

52 1823 107 1871 ride
126 1840 202 1887 quam
223 1836 301 1887 grate,
366 1833 448 1887 tquaru
469 1822 522 1887 ipae
543 1822 614 1882 dixit,
646 1822 709 1885 dm]
723 1827 818 1876 Quidem
829 1840 873 1888 pro
885 1826 1067 1889 exspectatione
1078 1836 1132 1875 eata
1150 1836 1207 1877 tau·

52 1888 151 1938 nomine
166 1888 302 1953 appellavit
342 1899 406 1937 etam
424 1887 486 1951 (Ma.
501 1888 534 1935 Η.
549 1896 613 1949 port·
646 1903 718 1951 quam
729 1888 755 1937 in
768 1890 813 1937 hac
824 1905 892 1938 mora
908 1890 989 1938 nullus
1000 1890 1062 1940 aliua
1073 1890 1205 1951 occidatur,

52 1970 118 2015 paca
128 1955 611 2015 adinrfflisnonanwppeutrvttoetam.
643 1952 692 2003 niai
715 1953 755 2016 qui
774 1964 846 2012 amat,
864 1954 890 2001 id
913 1965 958 2012 eat,
978 1970 1030 2018 ego.
1059 1958 1120 2004 Dum
1137 1959 1207 2007 nitria

54 2018 137 2077 Forte,
154 2027 275 2081 postquam
289 2021 339 2080 ipae
349 2021 410 2067 dixit
425 2035 511 2074 nomeu,
523 2022 612 2067 nomine
643 2027 735 2067 mactae
746 2017 850 2081 nuptiae]
868 2020 902 2067 Et
912 2022 980 2069 nimie
994 2028 1087 2069 teactae
1102 2020 1205 2072 ridicule

52 2098 74 2129 a
93 2082 144 2147 G.)
177 2083 282 2131 D.—lta
299 2091 325 2131 at
341 2086 385 2131 titt
401 2087 468 2142 ceam,
487 2081 558 2146 Geta]
576 2083 612 2131 Ut
643 2079 803 2134 additum'eat
816 2084 842 2131 in
854 2098 883 2132 ea
894 2084 1011 2142 ducenda,
1025 2099 1079 2147 que
1090 2086 1142 2147 jam
1158 2101 1204 2149 pa·

53 2147 261 2197 tibicuraeluiaae
270 2147 336 2196 renai
344 2147 478 2196 domiuum.
504 2148 611 2197 Domino
643 2149 715 2211 perit.
748 2149 814 2197 Nam
829 2157 932 2197 sanctam
943 2158 988 2205 est,
1002 2148 1066 2211 quod
1082 2149 1204 2199 omniob-

54 2212 115 2261 euim
127 2223 168 2262 est
184 2212 291 2275 optimae
307 2228 399 2271 aervua,
410 2212 433 2261 ai
446 2214 558 2262 dominun
574 2224 613 2263 eat
644 2212 781 2263 servatione
797 2212 939 2261 inviolatum
957 2224 1001 2261 est
1035 2214 1069 2264 Et
1085 2216 1147 2264 bene
1160 2214 1204 2263 ad-

53 2277 160 2335 affabilia,
171 2278 219 2326 hoc
228 2288 272 2333 eat,
277 2277 404 2341 benignae,
411 2288 437 2325 et
444 2280 611 2341 obtemperare
643 2279 722 2327 ditum
742 2288 780 2327 eat
795 2282 879 2327 nima:
902 2278 959 2341 quia
975 2281 1069 2326 nimiam
1086 2279 1204 2341 (criminer

53 2353 150 2405 propter
176 2343 310 2391 bonitatem
337 2342 421 2408 poerit.
455 2343 611 2391 R-Versua
644 2340 686 2406 Z.)
697 2342 810 2409 provitio
821 2342 933 2419 ponitur:
947 2346 1019 2407 juxta
1027 2342 1093 2393 illam
1103 2354 1204 2395 renten·

54 2409 207 2457 commendat
225 2407 355 2457 lectionem
378 2407 491 2456 Bembiui
509 2412 544 2456 ati
565 2424 612 2473 pro
643 2408 702 2456 tiam
719 2424 767 2472 qua
782 2408 884 2457 dicitur:
909 2410 947 2457 Ne
962 2411 1019 2471 qatd
1033 2411 1108 2457 ninam
1137 2410 1205 2458 1).-

54 2472 144 2535 culgari
153 2481 190 2522 at.
214 2472 244 2520 B.
645 2476 758 2521 Occidunt
774 2490 808 2521 me
830 2475 926 2537 quidam,
947 2476 1001 2521 dum
1022 2476 1090 2523 aimir
1110 2483 1203 2525 coactae

84 2537 104 2587 l.
117 2541 151 2587 Et
168 2541 215 2585 riti
230 2540 258 2585 ob
273 2554 323 2586 carr
338 2536 399 2613 reta]
417 2537 483 2592 Quid
498 2540 533 2585 Et
548 2540 611 2586 tibi?
642 2541 736 2598 captiae
750 2540 841 2586 atadeat
854 2536 947 2601 secere]
967 2538 1046 2587 Erant
1062 2554 1149 2597 merea,
1165 2539 1202 2589 uti

53 2602 613 2717 t‘fttetmtdmtitttttm‘tt
643 2603 1203 2729 tiltttltttsstttnttllmvttt

53 2683 608 2796 mmilonetectmqutdamrunieiplfa-
641 2732 782 2780 adolescent
804 2732 906 2797 eupidua
932 2733 1073 2797 nuptiarum
1094 2733 1201 2794 sentinat,

54 2806 88 2843 ter
97 2809 211 2847 naturam
223 2795 377 2853 blandientia,
388 2797 454 2860 cogit
462 2796 527 2844 dicta
538 2812 608 2860 repe-
641 2806 667 2845 et
677 2796 761 2845 volena
773 2796 861 2845 ducere
871 2812 978 2855 uxorem,
988 2798 1122 2849 contemnit
1134 2798 1202 2849 illam

54 2861 609 2990 titltffltmltrtss‘ttztllit
641 2860 995 2991 ‘indlssijltlallffi'iffi
1012 2863 1203 2991 &milii

413 2960 421 2983 ‚
720 2962 726 2973 ,
891 2962 897 2975 ,
1187 2956 1200 2967 .

54 2991 162 3053 ruhjectia
175 2991 215 3055 agi
228 3008 243 3040 a
254 2992 348 3040 Demea
359 2990 498 3054 huiuamodi
508 3007 548 3039 rea
558 3007 608 3039 coe-
641 2990 725 3040 nitatis
733 2991 881 3055 temporibua
890 2995 992 3055 equidem
1000 2991 1105 3042 nonniai
1114 2993 1201 3058 primae

53 3057 135 3115 perlat,
154 3073 206 3107 non
223 3057 256 3105 ait
273 3057 405 3106 absurdum
423 3056 607 3120 spectatoribus,
639 3071 750 3120 perronae
758 3058 870 3119 Junctum
882 3067 926 3105 eat.
950 3057 979 3104 B.

55 3118 167 3171 Demean
181 3134 231 3170 tam
241 3122 290 3170 cito
301 3137 355 3170 ecre
366 3131 493 3169 mutatum.
516 3121 547 3169 D.
673 3124 694 3169 2
708 3122 824 3180 Faernus,
843 3137 914 3183 quern
937 3121 1046 3183 requitur
1064 3122 1199 3185 Bentleiua,

83 3188 104 3233 8.
116 3189 219 3237 Meditor
227 3204 276 3237 cere
285 3185 399 3249 affabilia]
409 3186 450 3235 Sic
461 3187 506 3234 hoc
516 3185 607 3235 lentina
639 3184 700 3234 illud
712 3194 781 3235 totam
793 3185 881 3235 omiait.
905 3186 933 3235 Z.

53 3246 152 3310 (butu,
177 3252 231 3300 Lib.
253 3249 376 3314 uterque),
398 3262 427 3299 nt
445 3250 507 3299 illud
525 3266 607 3315 cupra,
672 3252 694 3297 a
718 3250 781 3305 Qua
796 3254 882 3315 agitur,
905 3250 1048 3315 AErcltiaat]
1068 3252 1125 3300 iam
1144 3252 1198 3317 ipae

53 3314 102 3361 lan
112 3334 171 3367 nanc
182 3320 230 3365 tria
241 3319 289 3365 hae
299 3319 381 3365 addidi
394 3325 480 3378 prater
493 3325 608 3375 naturam,
639 3315 729 3373 docuit,
748 3320 804 3379 qaid
814 3320 851 3377 flt,
868 3326 893 3365 et
911 3320 967 3379 qaid
982 3320 1080 3379 agitur?
1101 3317 1198 3367 blandi·

57 3379 162 3440 omre,
174 3385 282 3444 paidfit!
298 3384 466 3444 paidagc'tur?
487 3382 519 3428 I).
638 3390 748 3429 mentum
766 3396 826 3430 erae.
859 3382 916 3430 iam
933 3396 999 3430 nune
1015 3383 1067 3430 hac
1084 3382 1130 3431 tria
1145 3383 1197 3448 pri-

85 3445 118 3493 10.
130 3444 356 3508 Pantattnptetm]
369 3445 606 3494 Moraliterinierio·
638 3460 706 3494 mum
728 3446 822 3495 addidit
844 3443 950 3510 (addidi)
969 3456 1058 3511 prater
1076 3458 1196 3497 naturam.

54 3510 404 3574 mmturbam,pletendiait:
421 3512 563 3570 hoceatut
578 3512 604 3560 iu
640 3513 764 3569 Onoater,
786 3514 843 3574 qaid
864 3516 965 3574 agitur?
992 3513 1084 3561 Ehem!
1113 3512 1195 3578 pater]

55 3573 109 3621 arte
119 3576 212 3641 vulgae,
226 3578 262 3625 ita
272 3577 297 3624 in
309 3575 400 3624 familia
410 3591 501 3625 aervoa
533 3576 566 3623 Et
577 3576 606 3624 fit
637 3575 695 3623 Non
711 3576 764 3623 aine
780 3576 975 3625 concrematione
991 3576 1122 3639 respondet
1138 3577 1197 3627 ,Ἐο-

55 3638 173 3689 maulaio
190 3643 222 3690 ab
240 3641 272 3690 iia
287 3640 331 3703 qui
348 3641 452 3689 honores
469 3641 559 3695 dolose.
576 3657 605 3689 ao
636 3639 738 3688 chinua:
769 3640 814 3689 etei
836 3641 875 3689 hic
897 3640 984 3689 blande
1006 3640 1148 3705 interrogat,
1171 3652 1197 3692 et

56 3714 99 3749 uon
109 3706 249 3767 promerito
259 3716 353 3769 petunt,
363 3705 604 3769 ambitiosiqueaunt.
636 3704 689 3754 miti
708 3706 790 3755 cultu:
816 3721 871 3754 nam
888 3721 920 3754 ex
937 3705 1070 3769 improviso
1087 3706 1196 3769 objectua

56 3766 139 3817 Pleion
153 3774 279 3833 primaten
289 3769 355 3834 facio
375 3768 459 3833 mara]
482 3772 538 3819 Hoc
560 3782 605 3829 eat,
637 3779 676 3819 eat
698 3770 798 3827 Demea,
817 3781 842 3818 et
861 3770 1003 3833 insperanti.
1036 3770 1138 3819 D.-Trt
1157 3774 1198 3821 hic

56 3831 246 3885 mihilaventern.
280 3836 471 3884 Etecontrario
487 3834 606 3898 Virgilius
636 3834 721 3897 nari]
735 3836 765 3883 V.
778 3836 805 3883 C.
822 3836 877 3883 Tua'
892 3838 1013 3884 literar?
1037 3835 1064 3883 L.

57 3892 107 3944 AEn.
118 3898 142 3947 ii.
154 3902 210 3949 396.
226 3902 335 3949 Vedianas
342 3903 436 3949 inmitti
446 3902 606 3949 Dmairdaati
669 3902 692 3947 4.
706 3904 768 3949 Turta
784 3902 858 3949 terete
873 3916 925 3949 cero
943 3907 967 3947 at
982 3903 1057 3948 animo
1072 3908 1095 3948 rt
1110 3908 1198 3951 naim

56 3966 228 4013 maenam
256 3964 441 4014 D.—Paulatr'ar
451 3968 539 4027 plebem
552 3969 604 4027 pri·
633 3964 715 4027 pater]
727 3965 816 4013 Totum
828 3964 919 4040 eripuit
930 3964 1040 4021 Micioni,
1050 3964 1090 4012 cui
1101 3965 1197 4017 neani-

56 4027 131 4075 talcar
142 4028 208 4091 jacio
223 4029 308 4092 mcor]
327 4030 469 4079 Praetando
487 4030 605 4095 paulatim
636 4044 703 4078 mum
715 4030 812 4092 quidem
824 4028 929 4091 reliquit
954 4029 1197 4081 D.—-Herclararoct

57 4084 605 4159 (emanarant-maamad)
636 4092 1198 4164 mammonam]ouummimopna

59 4153 435 4224 multitidinemcogoiautorem.
459 4160 489 4208 Ii.
637 4158 715 4208 Micio
736 4158 871 4217 videbatur,
893 4158 934 4221 qui
963 4158 1129 4222 adoptaverat,
1154 4160 1197 4213 hta

90 4220 108 4268 l·
121 4226 229 4274 Oocc'dam
242 4243 278 4274 rae
293 4224 396 4288 quiden]
413 4224 563 4273 Adolescens
579 4234 605 4273 et
636 4235 766 4287 utrumque
781 4222 828 4273 eibi
844 4222 984 4281 vindicavit,
996 4232 1019 4273 et
1032 4227 1109 4275 caino
1118 4234 1142 4277 ct
1151 4244 1197 4278 aaa

62 4280 145 4336 Demea
173 4290 239 4339 iuter·
270 4305 297 4339 ae
328 4289 443 4347 affabiles,
475 4289 608 4353 imaginem
638 4296 699 4337 tero.
724 4288 753 4339 Ε.

61 4350 165 4411 prebent,
176 4364 202 4403 et
211 4369 284 4417 quam
292 4353 370 4403 dulcia
380 4354 412 4403 ait
416 4354 555 4417 junioribus
565 4370 603 4403 aa·
670 4356 693 4402 6.
713 4353 759 4408 Qut
775 4360 798 4403 tr
814 4362 876 4403 areat
892 4356 1013 4420 ptusque
1028 4358 1092 4405 bom
1108 4355 1197 4420 malac]

62 4416 280 4483 mtanaaqmm
289 4419 383 4483 ingrata
394 4434 503 4471 censura.
533 4420 604 4470 ’tice-
639 4418 721 4483 Magia
732 4419 859 4479 comicum,
872 4434 944 4484 quarn
956 4436 1014 4472 aaa
1046 4422 1197 4473 &amnena
