2834 4759
444 441 487 514 C.
524 438 790 513 SULPITII
831 435 1102 510 APOLLIN.

256 639 565 714 PERIOCHA
605 638 668 711 IN
709 636 964 711 TERENT.
1004 633 1304 709 ANDRIAM.

325 867 521 950 Sonoasu
542 879 625 946 falso
647 880 805 946 creditam
825 876 1049 954 meretricula,

326 986 458 1050 Genere
481 983 628 1060 Andriae,
653 980 844 1066 Glycerium
866 981 959 1045 vitiat
980 975 1190 1062 Pamphilus:

325 1086 536 1168 Gravidaque
559 1083 655 1161 facta,
678 1084 736 1147 dat
757 1083 868 1160 fidem,
890 1103 1026 1146 uxorem
1048 1079 1111 1144 sibi

326 1189 412 1253 Fore
434 1186 536 1262 hanc3
560 1207 634 1249 nam
656 1183 751 1248 aliam
772 1194 866 1268 pater
887 1183 918 1246 ei
939 1181 1171 1265 desponderat,

326 1290 470 1354 Gnatam
492 1286 693 1350 Chremetis:
718 1295 816 1369 atque
838 1294 875 1348 ut
897 1305 1037 1348 amorem
1059 1279 1227 1365 comperit,

327 1387 464 1454 Simulat
486 1385 612 1452 futuras
634 1388 777 1469 nuptias,
799 1385 935 1470 cupiens
958 1406 1037 1448 suus

327 1491 419 1564 Quid
440 1489 579 1553 haberet
600 1487 696 1551 animi
717 1485 803 1550 filius
825 1507 1033 1570 cognoscere.
1111 1563 1114 1567 ¹

329 1592 417 1656 Davi
438 1612 537 1654 suasu
559 1612 624 1653 non
646 1598 809 1672 repugnat
831 1585 1033 1670 Pamphilus.

329 1693 396 1758 Sed
419 1715 461 1756 ex
485 1689 639 1776 Glycerio
660 1700 772 1754 natum
792 1698 831 1752 ut
851 1688 932 1752 vidit
953 1684 1127 1772 puerulum

328 1794 498 1870 Chremes,
521 1801 652 1858 recusat
673 1791 817 1875 nuptias,
840 1810 997 1874 generum
1019 1788 1160 1853 abdicat.

330 1895 413 1960 Mox
436 1893 535 1958 filiam
559 1890 748 1976 Glycerium
769 1892 934 1975 insperato
956 1891 1109 1975 agnitam,

330 1996 400 2060 Dat
422 1992 594 2079 Pamphilo
616 1993 714 2070 hanc,
736 1991 831 2057 aliam
853 1990 996 2056 Charino
1018 1991 1200 2075 conjugem.

231 2409 343 2470 AELll
372 2405 576 2477 DONATI,
605 2405 644 2465 V.
665 2403 701 2464 C.
731 2405 976 2464 ORATORIS
1004 2404 1147 2465 URBIS
1175 2404 1341 2474 ROMAE,

345 2517 604 2626 PRAEFAITIO
633 2515 683 2576 ΙΝ
712 2515 943 2576 ANDRIAM
971 2516 1218 2592 TERENTJI.

246 2681 385 2730 Goumara
397 2677 499 2737 Andria,
511 2691 568 2726 cum
579 2675 684 2726 Palliata
694 2675 735 2734 sit,
747 2675 778 2724 de
789 2674 842 2725 loco
853 2691 943 2726 nomeu
954 2678 1056 2742 accepit,
1068 2686 1093 2725 et
1103 2691 1119 2725 a
1130 2677 1269 2726 Menandro
1286 2675 1368 2742 prius,

203 2763 230 2807 et
239 2771 305 2806 nunc
317 2757 413 2820 abipso
429 2753 558 2803 Terentior
577 2752 626 2817 qui,
644 2769 699 2802 curn
715 2753 746 2802 de
761 2752 881 2817 Chryside
895 2753 1042 2816 loqueretur,
1058 2754 1095 2804 sic
1107 2753 1155 2803 ait:
1173 2756 1221 2804 Hss'
1236 2771 1325 2812 ωπον,
1340 2767 1369 2800 se

203 2837 261 2898 quid
270 2836 363 2883 Andria
374 2839 480 2895 apportet
490 2833 562 2886 malt,-
580 2840 605 2880 et
618 2831 665 2879 hoc
676 2845 806 2879 commune
817 2830 961 2879 vocabulum
972 2840 1011 2880 est
1025 2840 1051 2879 et
1065 2831 1092 2879 in
1103 2831 1191 2879 Graes
1201 2841 1227 2880 et
1236 2830 1264 2880 in
1275 2829 1370 2880 Latina

203 2910 295 2974 lingua.
320 2909 382 2958 Haec
394 2907 479 2971 majori
491 2923 523 2956 ex
531 2917 601 2972 parte
610 2907 714 2956 motoria
725 2917 770 2965 est,
778 2906 935 2970 continetque
944 2917 1013 2957 actus
1020 2917 1157 2957 amatorum
1165 2907 1368 2964 adolescentium,

204 2996 230 3035 et
240 2994 338 3050 patrum
349 2985 453 3051 piorum.
488 2984 551 3032 Sunt
562 2983 596 3032 ibi
606 2983 689 3032 callidi
700 2982 773 3041 servi,
785 2992 871 3032 ascita
882 2984 984 3043 ancillae,
996 2984 1076 3034 severi
1087 3001 1165 3044 senes,
1177 2984 1368 3035 adolescentule

204 3061 324 3112 liberales.
358 3061 389 3110 ln
401 3062 446 3110 hac
457 3059 543 3126 prima
553 3068 636 3124 partes
646 3058 714 3108 senis
725 3059 832 3108 Simonis
842 3070 908 3120 mint,
919 3061 1033 3110 secunda
1045 3061 1117 3120 Dari,
1129 3060 1209 3110 tertia
1219 3061 1369 3117 Chremetis,

205 3146 232 3187 et
241 3137 357 3202 deinceps
367 3137 524 3201 reliquorum.
559 3135 678 3200 Prologus
688 3135 716 3185 in
725 3136 773 3185 bac
781 3151 838 3185 acer
848 3136 979 3196 inducitur,
992 3147 1017 3186 et
1027 3137 1054 3187 in
1065 3138 1216 3188 adremarios
1227 3154 1277 3187 non
1286 3137 1367 3188 medi-

205 3216 296 3264 ocriter
311 3223 482 3278 exasperatum
502 3213 545 3262 sed
557 3221 640 3261 mmen
652 3212 678 3261 id
692 3212 822 3271 subtiliter,
836 3224 866 3261 ut
878 3213 961 3262 omnis
976 3213 1103 3263 lacessitus
1115 3214 1196 3264 lacere
1207 3215 1324 3264 videatur
1339 3227 1367 3262 ac

205 3291 295 3341 dicere.
320 3290 370 3339 llic
380 3289 486 3353 protasis
496 3288 599 3346 subtilis,
612 3287 712 3354 epitasis
724 3289 880 3349 tumultum,
888 3291 1043 3355 amenophe
1054 3306 1118 3356 pene
1129 3291 1232 3356 tragica:
1249 3300 1367 3340 ettamen

204 3375 308 3432 repente
319 3381 352 3416 ex
362 3367 401 3414 bis
412 3366 490 3415 turbis
501 3364 529 3413 in
540 3365 697 3428 tranquillum
704 3365 829 3430 persenit.
861 3366 923 3415 Haec
933 3366 1015 3430 prima
1025 3377 1079 3416 acta
1090 3377 1128 3417 est
1138 3367 1203 3417 ludis
1215 3365 1367 3432 Megalensi-

206 3437 261 3503 bus,
274 3443 310 3492 Μ.
324 3441 411 3492 Fulvio
422 3451 448 3491 et
459 3442 496 3490 M.
509 3440 643 3491 Glabrione
658 3441 769 3491 edilibus
780 3441 919 3492 cunalibus.
948 3443 1061 3506 Egerunt
1073 3444 1102 3493 1..
1115 3445 1218 3494 Attilius
1234 3443 1367 3494 Praenesti·

206 3535 254 3569 nus
264 3529 290 3569 et
302 3520 329 3568 1.
343 3518 472 3567 Ambivius
483 3517 584 3582 Turpio.
614 3517 702 3567 Modos
713 3518 772 3567 fecit
782 3519 891 3576 Flaccus,
904 3519 1001 3568 Claudii
1014 3520 1087 3578 illius,
1099 3521 1167 3570 tibiis
1179 3521 1287 3586 paribus,
1306 3523 1366 3572 dex·

207 3596 253 3645 tris
268 3605 294 3644 et
311 3595 430 3644 anisnis:
450 3604 476 3644 et
491 3603 528 3644 est
539 3604 591 3644 tota
602 3595 696 3654 Graeca,
708 3594 774 3643 edita
787 3595 823 3643 Μ.
836 3595 955 3644 Marcello
966 3605 992 3645 et
1002 3596 1048 3645 cn.
1061 3595 1167 3662 Sulpitio
1176 3597 1244 3647 Coss.
1257 3612 1367 3664 pronun·

206 3671 318 3735 ciataque
333 3669 374 3720 est
385 3670 481 3720 Andria
495 3670 613 3729 Terentii,
628 3671 660 3719 ob
674 3670 827 3734 incognitum
840 3672 920 3721 adbuc
933 3687 1024 3722 nornen
1039 3682 1127 3738 poetas,
1142 3683 1167 3722 et
1181 3673 1284 3724 armaris
1302 3673 1366 3740 apud

205 3747 324 3814 populum
335 3745 487 3796 auctoritatis
498 3761 526 3795 ac
537 3746 626 3795 meriti.
646 3746 771 3796 Direrhiis
782 3748 929 3798 authenticis
940 3748 1022 3813 lepide
1033 3749 1149 3799 distincta
1160 3759 1207 3800 est:
1220 3760 1246 3800 et
1253 3765 1367 3801 mocessu

207 3833 317 3888 spectata
332 3838 458 3888 prospero,
476 3823 631 3872 hortamento
648 3833 729 3888 poetas
745 3823 793 3873 suit
810 3825 843 3874 ad
861 3824 921 3874 alias
935 3826 1130 3876 conscribendas
1165 3828 1269 3878 Initium
1284 3840 1367 3879 autem

207 3901 352 3964 sparorum
366 3897 498 3963 πρόσωπον,
511 3900 593 3958 idest,
610 3899 770 3949 adventitiam
784 3916 913 3966 personam
928 3902 1023 3967 recepit
1037 3903 1121 3963 Sosia,
1136 3915 1237 3970 propter
1252 3906 1365 3955 evolven-

207 3977 264 4026 dam
276 3976 414 4041 argcmenti
428 3975 609 4025 obscuritatem.
643 3976 753 4026 Persona
766 3988 849 4027 autem
863 3977 984 4042 protatica
998 3977 1152 4043 intelligitur,
1166 3997 1220 4044 quas
1237 3983 1313 4031 semel
1328 3982 1365 4030 in·

208 4053 282 4102 ducta
293 4055 320 4102 in
332 4053 455 4118 principio
469 4052 564 4111 labala,
577 4052 605 4101 in
620 4052 694 4102 nullis
711 4053 828 4119 deinceps
843 4053 931 4104 sabula
942 4055 1053 4120 partibus
1069 4057 1205 4107 adhibetur.
1238 4059 1365 4108 Adnotsn·

209 4129 268 4178 dum
279 4145 345 4189 sanc,
357 4129 495 4195 puellarum
504 4129 643 4179 liberalium
655 4129 747 4180 nullam
762 4131 898 4180 orationem
912 4131 939 4180 iu
954 4131 1083 4196 proscenio
1099 4133 1192 4193 induci,
1208 4133 1234 4183 in
1250 4133 1366 4185 comndit

209 4205 321 4263 Pollitta,
333 4215 421 4270 prater
432 4205 612 4256 invocationem
621 4205 728 4256 lunonis
737 4207 851 4257 Lucina:
868 4223 923 4271 qua
934 4217 960 4258 et
970 4210 1024 4274 ipsa
1034 4226 1131 4275 quoque
1142 4221 1199 4276 post
1206 4228 1305 4262 menam
1314 4210 1365 4262 fieri

210 4279 279 4330 solet.
314 4279 362 4343 (At
379 4295 438 4331 raro
452 4281 561 4345 loquitur
575 4281 603 4331 iu
621 4282 758 4335 Heautont.
778 4284 913 4349 Antiphila,
930 4285 1020 4354 puella,
1026 4286 1143 4349 liberalis,
1158 4288 1186 4339 in
1200 4289 1281 4340 Plauti
1297 4291 1364 4340 cmc

211 4356 359 4418 Planesium,
371 4366 397 4406 et
407 4357 461 4408 alia
472 4356 537 4408 alibi.
566 4357 700 4422 Weatcrh.)
