2834 4759
265 190 321 263 DE
339 190 576 257 TRAGOEDld
593 191 652 254 ET
672 192 898 292 COMOEDlA7
1102 197 1158 257 xxi

50 328 175 393 (mmor,
187 322 450 383 comarendstitins:
472 342 533 401 quo
546 322 705 387 sabulensi
716 336 805 403 pocta
820 322 1057 385 commendstut:
1078 322 1158 385 ‘risa-

50 410 139 477 φορὸς,
156 402 302 462 relativus:
324 424 383 481 quo
402 416 456 463 aut
476 403 644 463 adremario
667 404 832 474 meledicta,
854 418 906 465 sut
926 406 1028 485 grstia
1047 405 1164 484 populo.

50 485 199 543 relenrutorr
220 482 391 555 'madenia
412 485 679 563 argumentativus:
708 485 817 550 sabulos
836 498 1042 563 argumentum
1063 506 1157 585 expo·

49 584 116 623 neu:
132 572 219 641 pinei,
233 566 354 625 mistus:
375 568 473 624 omnia
486 566 550 625 lroec
564 568 594 625 in
608 586 639 625 se
654 568 817 627 continens.
859 566 940 625 Inter
959 566 1114 646 prologum
1127 580 1160 627 et

49 645 181 723 prologium
199 646 314 723 quidam
336 646 392 705 hoc
413 648 555 705 interesse
570 646 744 707 voluerunt:
765 648 835 725 quia
852 646 993 725 prologus
1011 661 1057 707 est
1076 646 1159 708 velut

48 726 153 802 prefatio
171 727 300 804 qoaedsm
323 726 444 796 fabulae,
462 728 491 785 in
510 746 570 805 quo
592 727 656 787 solo
680 728 792 787 scilicet
813 742 922 806 prteter
943 744 1160 805 argumentum,

47 806 131 881 aliquid
148 808 184 866 ad
205 808 345 885 populum
361 807 409 867 rel
428 828 467 865 ex
483 822 585 887 poeta,
604 808 651 867 vel
674 828 713 867 ex
735 809 829 887 ipsius
849 807 958 868 fabulae
981 808 1029 869 vel
1050 810 1163 869 actoris

47 887 168 947 mutando
180 888 318 967 loquitur.
359 887 529 966 Prologiurrr
543 902 639 948 autem
653 902 707 957 est,
721 909 788 950 cum
803 903 917 949 tautum
930 888 968 948 ‹le
986 902 1160 968 argumento

48 966 136 1027 dieitur.
174 968 301 1029 Protesis
314 982 361 1029 cst
373 969 486 1047 primus
500 982 582 1029 actus
596 970 770 1049 initiumque
788 968 937 1040 dmmutis,
951 990 1011 1047 quo
1028 990 1097 1049 pars
1110 990 1160 1030 rr·

47 1050 147 1124 gementi
161 1048 330 1128 explicatur,
353 1069 420 1128 pars
442 1050 581 1109 reticetur
601 1050 640 1111 sd
663 1050 763 1130 populi
784 1051 1036 1129 exspectationem
1056 1066 1160 1111 teneu-

47 1128 104 1187 dsn.
120 1164 123 1169 ,
138 1128 257 1209 Epitssis
277 1145 324 1189 est
341 1131 551 1191 incrementum
571 1150 784 1209 processusque
798 1134 959 1201 turbarum,
972 1152 1007 1191 ec
1021 1132 1112 1191 totius
1125 1144 1160 1192 ut

47 1208 190 1269 indixerim
208 1212 304 1270 nodus
324 1211 441 1271 erroris.
483 1210 676 1290 catastrophe
697 1226 743 1271 est
763 1213 917 1271 conversio
936 1232 1035 1271 rerum
1055 1212 1093 1273 ad
1109 1212 1159 1291 jo·

49 1290 129 1349 nudos
146 1293 247 1363 exitus,
269 1293 416 1371 patefacta
436 1292 548 1351 cunctis
568 1294 734 1371 cognitione
753 1304 914 1371 gestorum.
956 1292 1160 1373 Inpleritque

51 1369 125 1433 litun
139 1373 260 1450 ipsarum
280 1373 399 1431 nomina
416 1374 514 1450 priora
532 1374 727 1452 ponebantur,
741 1394 830 1451 quam
852 1387 1022 1452 poetarum:
1043 1374 1074 1433 in
1086 1394 1160 1433 non·

52 1448 111 1510 nullu
120 1468 273 1531 pietatum,
284 1473 373 1533 quam
387 1453 560 1513 fabularum.
582 1452 674 1532 Cujus
689 1454 780 1513 moris
792 1454 992 1513 diversitatem
1003 1455 1161 1532 antiquitas

54 1532 132 1604 probat
169 1535 245 1594 Nam
266 1554 335 1593 cum
356 1534 481 1612 primum
502 1533 591 1612 aliqui
612 1534 727 1595 fabulas
747 1534 878 1603 ederent,
894 1536 1023 1613 ipsarum
1043 1536 1161 1595 nomina

55 1614 275 1685 nunciabantur
290 1629 369 1685 ante,
383 1634 471 1691 quam
491 1630 587 1693 poetae
604 1616 874 1693 pronunciarentur,
889 1637 927 1675 ne
939 1615 1038 1694 aliqua
1050 1616 1162 1677 invidia

55 1696 196 1755 teubodo
208 1696 353 1755 deterreri
371 1708 500 1773 possent.
535 1695 612 1755 Cum
631 1708 729 1755 autem
752 1716 805 1776 per
825 1697 982 1756 editionem
1002 1696 1161 1757 multarum

51 1786 117 1846 poeta
128 1776 183 1853 jam
203 1790 284 1837 esset
303 1777 463 1836 auctoritas
484 1777 634 1855 acquisita,
648 1796 751 1836 rursus
764 1778 862 1854 priora
879 1792 1031 1855 poetarum
1045 1778 1162 1840 nomios

49 1854 253 1927 proferebantur:
276 1872 310 1916 ut
324 1876 376 1935 per
391 1858 521 1934 ipsorum
535 1856 678 1917 vocabula
691 1858 799 1918 fabulis
812 1858 937 1917 attentio
949 1859 1163 1935 acquireretur..

75 1935 145 1994 Actor
157 1939 279 1997 disemis
294 1937 373 1996 ludis
386 1938 572 1997 manifestum
584 1950 613 1996 et
628 1938 759 1998 inscribi.
796 1937 873 1997 Nam
888 1938 1024 1997 ludorum
1034 1955 1161 2017 quatuor

49 2029 95 2073 runt
110 2020 219 2095 species,
241 2040 318 2096 quos
340 2018 455 2078 curules
476 2017 577 2077 aediles
591 2039 712 2078 munere
731 2018 852 2097 publico
865 2032 985 2078 curant:
1007 2018 1161 2098 Megalen·

49 2112 85 2161 Μ,
101 2100 199 2176 magnis
220 2100 278 2159 diis
299 2100 471 2167 consecrati,
490 2119 564 2177 quos
585 2098 685 2158 Graeci
705 2099 894 2177 ’μιγαλισίουι
914 2100 1079 2239 appellant:
1102 2100 1161 2161 Fu·

47 2177 129 2246 ubres,
141 2180 175 2237 ud
187 2180 374 2239 retinendum
394 2179 534 2257 populum
555 2180 689 2249 instituti,
711 2180 781 2239 dum
801 2200 910 2259 pompa
942 2182 1023 2239 uneri
1043 2181 1162 2241 decreta

46 2254 197 2319 inhonorem
210 2260 328 2340 patricii
342 2262 397 2319 viri
411 2260 495 2339 plene
510 2260 679 2321 instruitur:
701 2261 812 2331 Plebei,
827 2262 877 2340 qui
892 2282 946 2340 pro
959 2261 1053 2320 salute
1068 2262 1162 2340 plebis

46 2334 156 2398 eduntur:
176 2340 376 2420 Apollinares,
397 2340 528 2419 Apollini
549 2342 720 2401 consecrati.
762 2342 796 2400 ln
817 2361 904 2401 scena
923 2340 991 2401 duee
1012 2362 1071 2401 aroe
1092 2344 1162 2421 poni

46 2415 155 2491 solebant,
167 2422 272 2482 dextra
285 2422 396 2491 Liberi,
418 2423 536 2481 sinistra
555 2422 619 2500 ejus
639 2422 697 2491 dei,
713 2422 761 2482 cui
779 2422 841 2481 ludi
857 2422 982 2482 fiebant:
1003 2422 1082 2482 unde
1102 2422 1163 2489 Te·

47 2500 127 2558 tentius
140 2502 165 2560 in
180 2503 293 2562 Andria
307 2502 358 2572 ait,
370 2502 420 2560 Ee
433 2523 487 2561 cro
501 2502 553 2561 loc
566 2523 642 2561 sume
654 2502 797 2561 oerbemn

73 2578 136 2639 lliuc
158 2582 296 2661 Ulyssem
318 2582 469 2661 palliatum
491 2603 605 2661 semper
627 2582 788 2643 inducunt:
819 2583 882 2642 sive
902 2582 984 2661 quod
1005 2583 1164 2661 aliquando

47 2656 154 2722 insaniem
173 2664 341 2725 simulavit:
370 2683 429 2741 qno
449 2677 580 2742 tempore
601 2674 711 2723 tectum
731 2685 763 2723 sc
780 2684 844 2723 csse
864 2663 967 2730 voluit,
988 2684 1026 2722 ne
1046 2665 1163 2743 agnitus

47 2756 166 2815 cogeretur
179 2746 208 2803 in
223 2744 303 2804 bella
323 2744 457 2822 prodire3
480 2765 531 2804 scu
547 2746 586 2803 ob
600 2744 778 2822 singularem
800 2745 979 2822 sapientiam,
994 2766 1052 2823 qua
1067 2760 1162 2805 tectus

46 2823 198 2902 munitusque
211 2826 372 2905 plurimum
387 2825 472 2884 sociis
488 2825 609 2903 profuit.
653 2824 753 2903 Hujus
767 2826 845 2884 enim
859 2826 974 2884 virtutis
988 2840 1060 2897 erat,
1074 2826 1163 2902 animi

46 2918 132 2978 semper
145 2906 316 2985 decipientis
330 2907 487 2983 ingenium.
530 2905 672 2965 Nonnulli
687 2906 798 2965 Ithaoae
820 2905 938 2973 incolas,
954 2908 1029 2965 sicut
1042 2906 1163 2987 Locros,

46 2980 148 3053 palliatos
156 2988 242 3047 fuisse
258 2998 498 3046 commemorant.
534 2985 658 3045 Achillis
669 3001 698 3046 et
712 2986 899 3065 Neoptolemi
914 3008 1047 3065 personae
1062 2988 1162 3048 diade·

47 3078 102 3121 meta
124 3066 243 3126 habent:
277 3067 412 3145 quamvis
436 3066 544 3145 regalia
567 3080 682 3145 sceptra
706 3088 853 3145 nunquam
879 3069 1044 3127 tenuerint:
1079 3068 1163 3148 cujus

46 3149 174 3229 ¹argumenti
188 3148 326 3227 probatio
338 3147 403 3207 talis
417 3147 572 3216 inducitur,
586 3147 666 3225 quod
680 3168 826 3226 nunquam
838 3168 904 3206 cum
916 3148 1026 3226 reliqua
1036 3148 1164 3208 Graecim

44 3239 165 3293 Juventnte
187 3230 224 3288 ad
247 3228 379 3309 gerenda
399 3250 463 3287 cunr
483 3228 619 3307 Trojanis
640 3227 726 3297 bella,
750 3242 931 3288 sacramenta
955 3228 1164 3308 conjurationis

48 3300 153 3379 inierunt,
166 3330 217 3369 nec
231 3330 362 3387 unquam
377 3312 432 3367 sub
447 3310 675 3389 Agamemnonis
690 3309 813 3388 imperio
827 3309 954 3367 suerunt.

77 3384 176 3447 contis
189 3392 311 3450 senibus
324 3388 481 3449 ⁹candidus
495 3391 619 3448 vestitus
641 3388 797 3458 inducitur,
812 3388 930 3467 quodie
944 3391 1163 3468 antiquissimus

48 3461 113 3523 luisse
129 3486 313 3530 memoratur.
348 3469 595 3530 Adolescentibus
609 3469 736 3529 discolor
750 3472 929 3529 attribuitur.
963 3472 1046 3530 Servi
1061 3472 1163 3532 cornici

48 3546 127 3607 amictu
139 3553 241 3631 exiguo
254 3564 459 3629 conteguntur,
479 3552 658 3630 paupertatis
672 3551 802 3629 antiquae
823 3552 926 3629 gratia,
940 3552 987 3609 vel
1000 3574 1059 3630 quo
1074 3574 1164 3630 expe-

48 3622 138 3687 ditiores
150 3646 243 3710 agant.
289 3631 411 3691 Parasiti
430 3652 496 3690 cum
517 3632 633 3690 intortis
654 3631 750 3710 palliis
771 3633 899 3690 veniunt.
941 3633 1026 3691 Laeto
1041 3634 1164 3693 vestitus

49 3708 171 3769 candidus:
191 3733 358 3772 aerumnoso
371 3712 537 3773 obsoletus:
560 3733 726 3791 purpureus
737 3712 839 3771 diviti:
861 3714 982 3790 pauperi
993 3714 1163 3791 phoeniceus
1253 3722 1258 3731 “

49 3782 128 3849 intur:
145 3794 225 3854 militi
241 3793 343 3854 clamis
356 3813 522 3873 purpurea:
544 3792 651 3871 puellae
672 3794 791 3852 babitus
811 3794 985 3872 peregrinus
1005 3795 1164 3855 inducitur.

72 4034 232 4127 ζ’ῥνψριιώς]
245 4044 298 4094 Ma.
309 4042 475 4104 horamate.
495 4042 524 4092 L.
606 4042 678 4119 onds.
702 4044 765 4092 Vult
779 4044 934 4125 biegalenses
944 4044 1016 4126 ludop
1026 4062 1114 4095 nomen
1126 4050 1165 4098 in-

52 4108 574 4242 mxlte'pldrldlulllexllclillddt‘dlrlid‘llegilldl:
606 4108 767 4237 dislldldgrldl
782 4106 1169 4229 nillirirwlllirilludmrit·ellol'llslll

52 4230 138 4345 ttpplaps
147 4236 406 4366 llnnmlllmumllalil]
441 4302 469 4351 Μ
522 4264 573 4351 ue·-
606 4238 794 4351 &Aristoteles
816 4249 944 4296 testantur,
966 4239 1017 4289 orbs
1038 4250 1077 4287 est
1097 4242 1166 4294 deus.

54 4316 527 4434 Wpycpvffiegppelmdumsmt
550 4378 586 4415 et⁴
629 4338 649 4400 '⁹
662 4368 780 4415 Candidus
794 4366 902 4430 motas]
920 4366 959 4415 De
974 4367 1065 4417 vertitu
1074 4370 1168 4420 comico

55 4432 73 4465 ln
88 4422 137 4475 Pub.
150 4428 353 4485 libemendatum
372 4422 437 4498 erat)
454 4429 575 4494 μιγάλουι
606 4432 655 4483 vid.
669 4431 801 4481 Pollucem.
824 4431 854 4480 1..
932 4498 938 4507 ι
