2834 4759
303 191 365 254 DE
395 189 580 254 Mettus
607 191 961 256 renutrimus.
1133 191 1208 256 lxxv

44 321 139 400 prima
153 333 186 381 et
202 321 293 381 tertie
311 341 427 402 temper
446 321 549 394 liouit3
572 323 719 402 siquidem
736 325 794 385 ieta
813 324 877 384 aine
895 323 981 385 venia
993 321 1208 386 oouelnmatum

44 415 205 480 actumque
227 415 293 462 eret
311 403 350 462 de
369 404 515 464 oomoedin
539 404 744 484 trugoedieqoe
763 403 878 466 lautino.
919 402 996 465 Corn
1016 405 1107 484 igitur
1128 405 1207 466 hune

44 503 164 544 reraum
179 483 353 562 rimileaque
366 485 448 563 apud
460 497 591 545 nostrum
606 485 725 556 viderie,

189 577 301 634 moun
314 578 389 651 quod
401 578 448 634 ieti
459 578 487 634 di
498 579 608 652 deeque
620 580 715 636 omnen
726 579 820 636 duint:

41 687 115 726 care
129 667 208 728 vitio
223 667 255 726 id
276 679 375 746 poete
394 669 535 739 verteria;
558 669 613 728 etei
626 669 732 728 malon
743 669 816 729 illud
830 668 964 730 eteritis
977 669 1002 729 ri
1016 669 1045 728 iu
1059 669 1208 730 communi

42 749 108 825 quia
133 767 276 808 sermone
303 749 345 807 eio
372 749 508 820 acuisset,
533 748 695 810 deridiculo
721 751 834 810 suinaet.
877 749 1024 809 Nimirum
1050 771 1136 810 auree
1159 749 1208 810 rel

42 831 143 888 iuritre
164 831 318 908 patienter
338 828 369 889 id
390 829 532 902 serebant,
546 830 608 889 aine
623 851 682 908 quo
703 851 741 890 ne
760 851 820 891 oue
831 831 951 910 quidem
965 832 995 890 in
1008 831 1107 891 fabula
1121 851 1208 891 eteue

42 923 160 988 poterat
189 909 316 969 edolari.
365 910 447 977 Quin
474 923 505 969 et
532 909 656 970 Graecoe
683 913 763 992 ipeor
786 912 889 971 eedem
916 912 1011 972 tenuit
1037 913 1206 983 ueterrimo,

43 991 146 1050 eedem
162 1012 257 1071 peasa
270 1003 316 1050 eat
329 990 520 1070 indulgentia.
562 990 638 1050 Cum
653 993 867 1072 Aristophanen
880 992 966 1064 dixit,

210 1095 316 1148 Δυυλόν
327 1093 450 1166 γενεσθαι
462 1094 690 1166 πάραφρονονποι
703 1095 845 1152 δίοποι-ου.

43 1184 118 1245 Cum
134 1185 313 1264 Euripides,

211 1290 276 1342 Hro'
290 1307 386 1360 torpor
398 1287 529 1358 rwdpdeu
542 1309 583 1342 rot
596 1285 692 1344 ororud
705 1291 799 1354 rudet,

44 1379 121 1440 idern
141 1380 333 1440 admiserunt
354 1381 383 1438 iu
404 1386 499 1440 δουλὸν
517 1393 548 1440 et
567 1387 628 1454 ηιὸ,
650 1380 732 1458 quod
751 1393 851 1441 notter
871 1379 901 1440 iu
920 1379 1025 1440 molliet
1042 1394 1072 1440 et
1092 1381 1204 1441 menie:

48 1461 102 1539 ipsi
113 1463 194 1520 enim
208 1461 282 1520 alibi
296 1462 423 1540 priorem
439 1474 556 1530 uouuut,
571 1463 666 1522 δούλου
678 1474 708 1520 et
721 1467 783 1536 ἥκω.

86 1543 121 1601 ln
143 1541 277 1602 secunda
299 1543 388 1620 igitur
402 1543 526 1602 trimetri
540 1547 643 1618 tarotlp
662 1543 720 1602 hoc
740 1543 778 1602 de
797 1563 858 1622 quo
876 1543 991 1621 egimus
1010 1563 1070 1602 non
1087 1541 1206 1604 lioebat.

47 1621 163 1682 Gellius
185 1623 274 1682 xviii.
298 1629 347 1682 15.
374 1622 410 1682 In
436 1623 557 1682 cenauit
580 1623 703 1683 uatibus
725 1623 982 1682 animaduerterunt
1005 1622 1114 1682 metrici
1137 1621 1208 1684 deor

42 1703 152 1781 prima
169 1701 272 1782 pedes,
288 1704 352 1766 item
371 1711 507 1762 extremos
518 1703 597 1774 deor,
611 1704 715 1764 dudm
825 1703 1094 1784 ringelmietrgror
1106 1715 1207 1784 portet
1320 1717 1326 1726 ‘

46 1785 191 1855 oraturis.
206 1783 314 1844 medior
327 1784 405 1844 haud
421 1803 540 1864 aequm
557 1805 661 1866 putre.-
684 1725 933 1844 scottorum
946 1805 1102 1865 temperer
1114 1785 1207 1846 verbis

45 1875 95 1923 ord
107 1865 209 1924 diois&
221 1875 273 1924 oet
285 1865 380 1924 mittit
393 1875 478 1946 atque
491 1865 623 1941 consutio.
653 1866 772 1933 Quotua
782 1866 906 1944 quinque
919 1866 975 1926 hoe
986 1866 1035 1925 vel
1044 1865 1206 1946 intelligat?

45 1947 154 2006 nedum
170 1960 206 2005 ut
221 1948 352 2006 renerius
365 1967 418 2026 per
433 1946 563 2025 singulos
578 1946 667 2026 pedet
682 1947 848 2008 eceudeudo
862 1961 978 2025 tempus
991 1947 1022 2006 iu
1036 1947 1091 2008 heo
1104 1948 1207 2008 obuer-

47 2028 165 2088 ratione
178 2030 336 2088 conterat?
364 2026 408 2087 At
427 2027 458 2086 iu
479 2039 578 2087 uoatre
591 2027 719 2088 editione
732 2028 781 2087 vel
799 2026 879 2088 aliud
892 2027 1048 2106 agentibus
1061 2027 1092 2088 iu
1104 2027 1207 2088 oculor

47 2109 189 2178 iucurrit;
215 2108 361 2186 simulque
375 2109 459 2176 ratio,
474 2129 562 2186 quem
576 2109 688 2168 metrici
703 2109 753 2168 ieti
766 2123 872 2180 teuent,
883 2106 969 2187 plane
982 2122 1116 2188 apparet.
1138 2109 1207 2170 Hoc

46 2189 88 2248 illi
102 2188 288 2260 volueruut3
311 2190 340 2248 iu
354 2190 399 2249 hie
413 2204 442 2248 et
455 2188 600 2249 similibus
615 2189 746 2259 senariis,

231 2283 309 2338 Venit
323 2283 441 2338 Cirerm
453 2282 582 2352 postridie
594 2282 628 2338 ed
640 2300 683 2338 tue
696 2283 844 2338 clamitant.

228 2353 421 2426 Mansuetique
433 2353 515 2408 enimi
527 2353 623 2420 officie,
638 2354 703 2426 quid
715 2355 803 2408 meltis
813 2371 908 2409 moror.

48 2442 122 2502 duos
136 2443 254 2522 primoe
269 2443 403 2521 duosque
417 2455 583 2522 postremos
597 2443 688 2521 pedea
702 2443 824 2522 siugulis
834 2443 934 2502 verbio
947 2441 1055 2513 cleodi,
1064 2454 1096 2502 et
1108 2454 1205 2502 reete:

47 2537 78 2582 at
96 2525 208 2604 pedem
222 2525 343 2583 tertium
365 2537 538 2602 quartumve
558 2543 616 2582 nou
635 2543 724 2601 posse
744 2537 835 2584 recte.
877 2522 940 2583 Cur
959 2523 1038 2583 hoel
1059 2523 1206 2602 quietum

48 2625 166 2664 necare
176 2605 368 2674 oratoriolus
382 2606 411 2663 in
425 2604 542 2664 ultimae
557 2603 683 2682 syllabae
697 2604 820 2676 cedaut3
836 2605 926 2682 quod,
937 2619 970 2664 ut
983 2603 1056 2672 dixi,
1071 2605 1207 2684 inprime

47 2685 211 2764 ultimaque
226 2691 332 2760 διποδίᾳ
346 2684 421 2744 nolet
434 2685 517 2756 fieri;
540 2686 569 2744 iu
589 2684 686 2744 medie
706 2705 760 2745 neo
780 2685 855 2745 uolet
869 2698 900 2745 et
913 2686 965 2744 vix
984 2705 1112 2763 unquam
1126 2685 1204 2745 lieet.

48 2765 212 2826 Rarieaime
227 2767 326 2844 igitur,
342 2765 431 2826 semel
450 2780 536 2843 atque
551 2765 667 2836 iterum,
682 2765 736 2825 aed
751 2786 857 2846 magno
877 2767 1032 2826 sententiae
1046 2764 1138 2837 lucro,
1153 2765 1205 2825 ed·

49 2849 127 2908 misit
141 2850 202 2907 hou
216 2849 247 2906 iu
264 2847 402 2906 trimetria
416 2847 590 2906 Terentius:

228 2940 369 2996 Pereudrit
380 2958 445 3006 nor,
459 2939 540 3005 aruer,
553 2942 658 3006 tinum,
671 2939 861 2996 adolescentia.

229 3011 348 3067 Scddeta
359 3010 439 3066 ovem
450 3011 513 3083 epe
522 3011 660 3066 commiti:
681 3011 816 3083 dispudet.

47 3099 123 3162 Nam
136 3101 228 3174 illud,

229 3193 320 3250 Nom
330 3195 421 3251 brunia
432 3195 491 3251 heo
502 3195 575 3250 raldo
585 3203 627 3250 eet
638 3193 864 3260 adolescentibua,

46 3285 74 3344 iu
87 3287 143 3346 hec
158 3283 294 3344 editione
308 3285 394 3344 saluti
406 3299 461 3345 eat.
504 3283 675 3344 Notandum
690 3305 808 3362 quoque
822 3284 850 3343 in
864 3283 943 3343 omdr
955 3297 987 3344 et
1000 3285 1065 3365 lupo
1078 3287 1206 3366 priorem

46 3369 170 3427 brevem
179 3385 258 3434 eane,
270 3377 348 3424 etex
361 3367 482 3426 muaicae
495 3366 656 3425 rationibus
669 3366 711 3424 ite
724 3379 878 3444 oportere;
901 3379 933 3426 ut
945 3367 1026 3446 epod
1039 3365 1206 3438 Horatium,

228 3457 293 3520 dam
300 3459 357 3530 jam
370 3459 470 3514 efficaci
481 3458 517 3513 do
528 3458 619 3514 mutin
631 3447 758 3514 dolentia.

228 3529 274 3585 Ad
287 3529 433 3600 pervicacis
445 3530 499 3584 heu
506 3529 587 3601 pede
599 3529 723 3584 Achillei.

49 3619 86 3680 Et
106 3619 247 3682 aimiliter
268 3621 297 3678 iu
318 3620 411 3678 verbo
431 3617 583 3696 trisyllebo
604 3618 678 3678 duos
700 3619 776 3678 ictus
801 3620 972 3699 recipiente,
993 3620 1019 3680 ai
1039 3619 1068 3680 id
1089 3625 1207 3680 διποδίαν

49 3703 231 3762 trochaicam
246 3701 374 3770 inchoet,
391 3699 486 3758 media
500 3700 556 3758 erit
569 3718 606 3758 ex
622 3701 806 3770 ambreris,

228 3793 290 3849 Nini
302 3795 350 3865 pol
360 3792 447 3848 filiurn
459 3791 625 3849 multimodis
637 3793 745 3865 expeto,
754 3806 786 3849 ut
797 3793 890 3849 reduit
901 3794 1023 3850 domum.

49 3886 93 3946 lta
113 3898 198 3946 reete
220 3885 267 3944 hio
280 3883 404 3952 editum,
421 3903 477 3942 non
490 3891 623 3962 κριοῖο,-
646 3895 679 3942 ut
699 3896 729 3942 et
750 3882 806 3942 alia
825 3883 960 3961 plurime,
976 3905 1044 3962 quer
1065 3897 1131 3944 eote
1152 3903 1206 3943 noa

50 3968 156 4028 titione
168 3967 353 4036 ferebantur,
368 3965 398 4022 iu
411 3964 489 4023 omni
503 3984 640 4024 versuum
654 3983 763 4042 genere
777 3965 825 4024 hie
838 3965 1034 4043 corriguntur.
