2834 4759
246 192 279 253 lx
659 190 723 251 DE
743 188 993 251 THEATRO.

245 334 368 403 panum,
383 322 435 401 qui
449 335 509 382 tres
521 323 671 382 continent
683 321 779 381 modos
792 321 898 383 cantici
911 321 1000 381 illius.
1041 321 1105 388 Qui
1116 316 1285 401 hujusmodi
1300 322 1399 381 modos

246 404 400 473 faciebant,
422 422 529 463 nomen
550 403 582 462 in
604 403 749 482 principio
768 402 878 463 sabulae
899 417 930 463 et
951 403 1103 480 scriptoris
1123 416 1154 461 et
1173 403 1280 462 actoris
1301 422 1400 480 super·

245 485 405 563 ponebant.
447 482 628 563 Hujusmodi
649 484 724 543 adeo
738 486 868 543 carmina
887 484 925 543 ad
939 484 1026 543 tibias
1039 483 1159 554 fiebant,
1174 496 1208 542 nt
1223 483 1271 541 his
1283 484 1398 551 auditis,

246 565 333 625 multi
347 585 386 623 ex
405 565 516 643 populo
537 579 604 623 ante
625 563 780 633 discerent,
795 585 883 643 quam
902 564 1032 624 fabulam
1051 566 1145 623 acturi
1166 564 1275 623 scenici
1296 577 1398 633 esseut,

246 666 336 723 quam
358 647 477 705 omuino
499 646 713 724 spectatoribus
737 646 808 724 ipsis
830 645 1005 705 antecedens
1027 645 1131 705 titulus
1150 644 1398 723 pronunciaretur.

247 728 401 806 Agebatur
413 740 511 786 autem
526 726 602 785 tibiis
614 727 744 805 paribus,
756 738 808 786 aut
821 727 983 804 imparibus
994 749 1002 797 ;
1024 740 1055 785 et
1068 726 1191 794 dextris,
1203 738 1254 785 aut
1267 726 1398 785 sinistris.

247 807 372 867 Dentroe
385 820 484 867 autem
499 806 579 867 tibiae
592 828 646 865 sua
659 808 802 885 gravitate
816 808 922 867 seriam
932 808 1087 866 comaediae
1101 807 1259 865 dictionem
1274 826 1400 884 pronun·

247 889 373 947 ciebant.
417 888 553 947 Sinistra
575 901 606 946 et
627 907 755 946 serram
777 888 918 947 acuminis
942 887 1061 946 lenitate
1080 887 1184 965 jocum
1207 888 1238 945 in
1258 886 1401 945 comoedia

247 969 451 1028 ostendebant.
496 966 556 1029 Ubi
570 979 668 1027 autem
681 968 796 1038 dextra,
811 983 842 1027 et
857 969 974 1028 sinistra
987 982 1053 1027 acta
1065 968 1166 1027 sabula
1179 969 1399 1036 inscribebatur,

246 1050 356 1108 mistim
373 1049 435 1128 joci
450 1062 481 1107 et
500 1050 660 1127 gravitates
681 1048 943 1111 denunciabantur.
984 1048 1072 1107 Mimi
1085 1062 1138 1108 aut
1152 1048 1235 1117 ludii,
1249 1048 1324 1107 dum
1336 1067 1400 1125 age·

246 1132 327 1201 bant,
342 1133 530 1189 assumebant
543 1131 631 1207 capiti
646 1150 795 1208 personas,
809 1132 866 1189 hoc
878 1146 933 1199 est,
948 1130 1089 1189 confictas
1101 1129 1248 1188 variarum
1261 1149 1398 1207 persona·

247 1232 314 1269 rum
334 1211 444 1269 facies:
466 1210 513 1268 vel
534 1210 657 1269 reticulo
678 1210 769 1270 denso
790 1212 880 1270 facies
900 1211 1086 1279 obvelabant,
1107 1230 1144 1268 ne
1165 1222 1400 1288 agnoscerentur.

248 1292 296 1351 Ita
309 1292 397 1350 etiam
412 1292 537 1350 instituti
552 1305 636 1351 erant
649 1291 818 1369 hujusmodi
832 1291 996 1360 histriones,
1011 1305 1062 1351 aut
1076 1291 1167 1359 mimi,
1183 1303 1216 1349 ut
1229 1302 1261 1348 et
1274 1289 1401 1368 corporis

247 1384 347 1432 motus
368 1372 505 1431 decentes
520 1373 666 1432 iacerent:
688 1372 815 1450 denique
829 1374 917 1432 etiam
932 1384 1036 1431 cantus
1055 1392 1089 1432 sc
1107 1371 1290 1449 prolationes
1303 1390 1400 1429 secun-

248 1452 319 1511 dum
333 1452 435 1512 modos
449 1452 546 1512 edocti
560 1467 652 1522 erant,
667 1472 735 1530 quae
756 1454 862 1512 mirum
880 1454 911 1512 in
930 1453 1052 1512 modum
1071 1451 1214 1531 papulum
1227 1451 1399 1510 afficiebant.

248 1534 291 1591 Hi
306 1533 392 1592 simul
407 1534 500 1593 coacti
515 1534 543 1592 in
556 1553 674 1611 quoque
689 1554 804 1612 genere,
818 1546 870 1592 aut
883 1546 1042 1603 cantantes,
1057 1547 1108 1592 aut
1120 1531 1261 1591 saltantes
1275 1530 1399 1610 appella-

248 1614 355 1673 bantur
377 1612 494 1673 chorus:
526 1613 613 1672 divisi
636 1614 666 1672 in
695 1615 769 1673 duas
792 1627 900 1692 partes,
922 1614 1094 1683 senrahcria,
1114 1614 1145 1671 in
1166 1614 1282 1672 acuoue
1309 1624 1400 1671 autem

247 1694 415 1764 comoediae,
430 1715 531 1753 eorum
546 1694 636 1772 aliqui
650 1695 760 1771 primas
773 1708 881 1773 partes,
896 1694 945 1755 alii
957 1694 1100 1754 secundas
1113 1707 1212 1753 tenere
1223 1692 1399 1760 dicebantur,

247 1794 301 1853 pro
317 1775 405 1833 variis
419 1789 537 1835 actuum
551 1776 733 1835 rationibus:
755 1796 857 1835 eorum
871 1777 948 1835 enirn
962 1776 1011 1834 alii
1026 1774 1181 1853 prologum
1195 1773 1343 1842 dicebant,
1356 1772 1399 1831 alii

247 1856 277 1913 in
299 1856 429 1927 nuncios,
450 1855 661 1933 exploratores,
677 1856 824 1926 custodes,
846 1876 958 1925 servos,
979 1858 1094 1924 heroas,
1108 1855 1190 1924 deos,
1210 1875 1306 1924 senes,
1325 1874 1397 1911 arna·

246 1949 334 2006 tores,
349 1936 517 1995 meretrices
535 1935 751 2007 dividebantur,
765 1957 964 2017 personasque
985 1939 1015 1995 in
1033 1938 1185 1996 orchestra
1205 1936 1399 2003 assumebant,

246 2036 302 2095 pro
316 2037 369 2075 sua
382 2017 497 2076 actione
511 2036 545 2076 ac
559 2016 640 2076 ludo.

468 2143 663 2231 Apparatus
679 2145 793 2210 Scenae
809 2146 843 2209 in
864 2145 951 2210 Vrcis
963 2155 996 2209 ct
1015 2144 1179 2209 Theatris.

287 2247 495 2328 Apparebatur
517 2268 603 2308 scene
624 2248 703 2326 apud
724 2249 860 2326 antiquos
876 2249 998 2309 Grecos
1012 2248 1041 2307 in
1055 2248 1143 2326 agris,
1157 2268 1249 2307 verno
1264 2261 1397 2325 tempore,

247 2350 315 2388 cum
334 2329 466 2388 aedificiis
480 2342 510 2387 et
528 2330 759 2389 habitationibus
774 2329 947 2408 triplicibus,
960 2330 1111 2388 instructis
1125 2328 1315 2398 culminibus,
1328 2328 1398 2406 peri·

245 2411 424 2488 petasmatis‚
448 2410 606 2488 tapetibus,
630 2409 786 2488 linteisque
809 2410 952 2469 candidis.
994 2410 1115 2469 Additae
1137 2422 1243 2487 postea
1266 2422 1397 2469 nonanus

247 2492 359 2568 pelves,
380 2492 522 2569 ignesque
543 2492 676 2549 manibus
698 2492 835 2549 excussi:
856 2512 990 2551 cavemae
1011 2510 1130 2568 quoque
1150 2492 1350 2549 subterraneae
1367 2506 1397 2545 at

246 2572 329 2650 putei
357 2570 615 2649 confingebantur:
649 2571 752 2650 figuris
777 2572 875 2641 maris,
901 2572 1012 2641 tartari,
1040 2571 1206 2640 fulminum,
1234 2572 1398 2631 tonitruum.

245 2652 349 2726 noctis,
365 2652 443 2721 coeli,
464 2652 530 2722 diei,
554 2653 710 2729 regiarum,
729 2654 944 2730 praetoriorum,
964 2653 1097 2729 ingentes
1118 2651 1202 2720 aulae,
1222 2652 1348 2710 fornices
1366 2646 1398 2707 ad

246 2733 361 2791 viarum
375 2733 604 2792 similitudinem.
635 2733 726 2810 Apud
742 2732 890 2793 Romanos
900 2732 999 2791 culaec
1012 2733 1042 2791 in
1057 2752 1144 2792 scena
1155 2733 1284 2811 primum
1295 2746 1397 2790 stema·

247 2814 354 2873 bantur
376 2834 467 2891 quum
491 2814 619 2893 primurn
640 2814 738 2890 pictus
759 2812 811 2872 ille
829 2828 949 2873 amatus
970 2834 1009 2872 ex
1030 2812 1161 2873 Attalica
1180 2814 1262 2891 regia
1282 2812 1399 2871 Romam

246 2892 377 2972 perlatus
393 2895 458 2963 fuit,
474 2894 684 2972 velabaturque
700 2895 765 2973 ipsa
778 2914 865 2953 scena
877 2894 1002 2973 ripariis,
1016 2914 1085 2971 quae
1102 2894 1248 2971 posterior
1265 2906 1339 2953 aetas
1350 2908 1398 2967 pro

247 2974 341 3033 auleis
355 2975 468 3045 sumsit,
484 2986 516 3033 ut
530 2976 618 3033 etiam
634 2976 742 3052 siparia
753 2975 836 3034 humi
855 2986 1008 3033 sterneret.
1051 2974 1125 3034 Erat
1144 2989 1290 3053 praeterea
1309 2972 1398 3033 velum

247 3055 394 3115 minutum
408 3053 489 3132 quod
503 3055 613 3133 populo
627 3055 790 3115 obsistebat
804 3055 834 3114 in
847 3074 942 3125 scena,
958 3056 1028 3115 dum
1042 3069 1126 3113 actus
1140 3056 1397 3115 commutabantur.

247 3134 285 3193 In
306 3136 374 3193 vicis
395 3137 419 3194 si
440 3135 530 3195 fiebat
550 3155 648 3205 scena,
664 3136 819 3197 arboribus
840 3136 869 3195 in
890 3136 1111 3196 recubantibus
1132 3157 1166 3195 ac
1186 3134 1307 3195 reflexis
1327 3151 1397 3191 com·

248 3216 432 3294 ponebatur:
461 3217 543 3292 quasi
570 3230 772 3276 concamerata
796 3217 932 3294 quaedam
960 3216 1103 3286 densatio,
1130 3229 1164 3275 ut
1191 3215 1397 3293 subterpositos

249 3309 349 3374 tegere
363 3309 473 3375 posset,
489 3296 565 3355 unde
581 3298 618 3355 ab
633 3298 848 3357 inumbratione
862 3298 950 3357 dicta.
992 3297 1028 3355 Ia
1041 3297 1150 3355 theatro
1167 3312 1265 3356 autem
1279 3296 1327 3372 (ut
1341 3294 1397 3371 jam

249 3376 362 3435 dictum
382 3376 441 3451 est)
456 3376 546 3436 fiebat
566 3398 663 3448 scena,
684 3391 831 3437 camerato
852 3390 1003 3448 contextu,
1024 3379 1100 3437 binis
1120 3377 1314 3455 pluribusque
1334 3393 1396 3433 con·

248 3458 458 3535 tignationibus
473 3470 634 3517 exstructa.
677 3458 761 3518 Picta
774 3472 837 3518 erat
850 3458 989 3537 undique,
1004 3479 1072 3517 suas
1086 3457 1279 3518 domunculas
1292 3453 1396 3518 babuit,

248 3538 366 3615 inques
388 3558 443 3617 pro
464 3540 575 3598 ratione
589 3551 707 3598 actuum
726 3539 893 3599 alternatim
906 3560 938 3598 se
953 3540 1279 3598 conferebantactores.
1321 3535 1396 3593 Duas

248 3638 315 3677 aras
334 3619 486 3696 utriusque
505 3620 650 3679 habebat:
672 3619 809 3679 dextram
827 3620 926 3678 Liberi
940 3620 1051 3698 patris3
1074 3620 1220 3678 sinistram
1234 3618 1299 3697 ejus
1313 3616 1358 3675 dei
1371 3614 1396 3670 in

249 3698 333 3777 cujus
348 3700 489 3759 honorem
505 3699 568 3759 ludi
583 3700 703 3760 fiebant.
747 3698 834 3759 Unde
849 3700 939 3759 illud:
960 3700 1011 3758 Ex
1024 3720 1079 3759 cra
1093 3700 1159 3759 ltine
1172 3720 1247 3759 sume
1259 3697 1394 3757 aalma.

249 3780 349 3857 Atque
364 3782 389 3839 is
402 3781 520 3840 demum
536 3793 599 3840 erat
613 3802 709 3841 scenae
723 3796 880 3860 apparatus
894 3782 924 3840 in
938 3783 1063 3841 theatro.

507 3924 564 3989 De
578 3924 809 3990 Histrionibus
820 3936 853 3991 ct
868 3926 985 3990 Mimis
998 3926 1148 3991 scenicis.

289 4028 395 4088 Omnis
422 4027 632 4106 tragoediarum
654 4050 687 4087 ac
712 4029 924 4088 comoediarum
951 4030 1053 4107 gratia,
1076 4042 1108 4089 et
1130 4049 1227 4089 scente
1253 4028 1349 4092 decus,
1369 4022 1395 4078 in

248 4106 427 4168 histrionibus
440 4110 627 4167 consistebat.
671 4108 837 4168 Histricum
850 4110 929 4169 enirn
946 4123 977 4168 et
997 4111 1076 4168 mimi
1096 4111 1126 4168 in
1146 4129 1233 4169 scena
1245 4104 1394 4167 comoedias

248 4192 440 4249 recensebant
454 4190 614 4248 secundum
625 4208 694 4249 suos
706 4190 811 4249 modos
825 4203 856 4249 et
870 4192 991 4250 cantica.
1034 4190 1112 4249 Nam
1125 4191 1246 4260 cantica,
1260 4200 1293 4247 ut
1306 4182 1395 4273 paullo

247 4282 314 4327 ante
327 4268 513 4340 docebamus,
529 4273 769 4348 temperabantur
785 4271 891 4341 modis,
905 4292 996 4331 nona
1016 4286 1113 4349 poeta,
1128 4271 1180 4331 sed
1194 4292 1213 4330 a
1225 4269 1319 4348 perito
1332 4274 1394 4324 artis

246 4349 368 4409 musicae
382 4350 475 4421 lactis,
493 4354 743 4429 mutabanturque
763 4352 846 4411 modi
866 4353 895 4411 in
916 4372 976 4412 uuo
994 4352 1119 4411 cantico.
1162 4350 1284 4411 Fiebant
1302 4345 1395 4423 hujus·

246 4430 327 4493 modi
341 4429 469 4490 carmina
483 4430 521 4490 ad
534 4431 641 4493 tibias:
665 4446 697 4491 ut
711 4432 757 4491 his
771 4432 880 4492 auditis
891 4432 977 4493 multi
991 4453 1031 4492 ex
1042 4431 1154 4511 populo
1167 4446 1236 4493 ante
1249 4430 1394 4489 discerent.
