2834 4759
220 30 280 94 Su.
298 30 480 100 Laudarier
495 45 527 100 te
542 36 634 101 audit
648 35 805 102 libenter:
832 36 915 103 facio
929 48 962 103 te
976 40 1066 125 apud
1079 39 1169 105 illum
1184 39 1295 106 Deum

172 128 371 295 20Vimutp:
383 154 490 197 narro.
525 133 586 199 Cr.
599 134 717 199 Meas?
751 135 811 199 ὃν.
825 134 932 201 Tuas:
950 138 1071 203 homini
1082 137 1167 204 illico
1177 138 1298 205 lacrum
1324 169 1328 200 ι

285 250 323 294 ca
372 242 419 309 nt,

219 326 328 399 Quasi
347 351 464 413 puero,
485 331 622 414 gaudio:
646 331 723 397 hem
746 333 805 397 tihi
826 337 952 398 autem!
990 334 1051 399 Cr.
1074 335 1240 408 Quidnam
1255 346 1301 399 est
1324 341 1328 398 ,¹

285 426 345 489 Su.
363 426 479 513 Lupus
494 430 527 493 in
541 429 662 494 fabula.
1112 455 1115 460 “

217 523 281 587 Cr.
310 523 411 591 Pater
436 529 509 591 esti
555 527 614 593 Su.
640 529 738 613 Ipsus
762 542 823 595 est.
867 530 927 595 Cr.
953 531 1047 615 Syre,
1072 532 1152 616 quid
1181 532 1302 616 agimus
1324 537 1328 594 ἔ

284 622 344 687 Su.
361 624 453 711 Fuge
468 628 564 691 modo
580 630 682 693 intro:
706 653 769 715 ego
784 630 906 695 videro.

215 721 279 785 Cr.
300 722 436 887 Sidquid
450 727 589 811 rogabit,
605 751 766 812 nusquam
780 740 816 794 tu
829 752 899 794 me:
923 729 1098 794 audistin'?
1138 729 1198 793 St.
1218 727 1303 793 Potir

271 832 323 886 ut
361 824 492 889 esinasi

326 1090 540 1165 ACTUS
585 1090 838 1175 QUARTI
883 1093 1095 1167 SCENA
1129 1092 1185 1165 ΙΙ.

493 1280 631 1329 DEMEA·
667 1281 853 1331 CTESIPHO.
889 1282 1010 1332 SYRUS·

212 1400 285 1469 Nau
302 1426 363 1489 ego
378 1404 474 1469 homo
491 1428 561 1470 sum
575 1405 704 1471 infelix!
728 1408 865 1493 primum
881 1406 1013 1472 fratrem
1028 1429 1188 1492 nusquam
1202 1407 1308 1471 inveni
1324 1435 1328 1467 t

281 1503 443 1585 gentium:

166 1690 254 1744 sinn,
271 1691 312 1749 qai
328 1690 360 1735 sit
376 1691 507 1745 iracundas,
522 1690 653 1744 moedicia,
668 1690 735 1749 effre-
768 1704 829 1751 quos
844 1688 912 1763 prior
927 1688 1017 1737 viderit
1027 1688 1112 1753 lupus:
1130 1697 1159 1737 ut
1169 1704 1225 1737 cum
1236 1688 1328 1751 cogita-

100 1810 102 1814 ,
168 1760 243 1801 natm
249 1770 259 1805 ,·
274 1756 420 1814 paucissimis
430 1754 476 1801 Dei
483 1756 557 1801 cerlis
566 1762 612 1801 tom
619 1756 737 1815 placidum
768 1752 873 1802 tionem
885 1770 933 1816 qua
943 1752 1043 1811 luerint,
1054 1753 1129 1802 etiam
1139 1769 1199 1801 voce
1209 1764 1235 1802 et
1249 1754 1309 1802 verb
1324 1770 1328 1803 ι

168 1833 241 1880 quon
261 1832 323 1865 oceri
339 1820 440 1866 reddam.
476 1818 576 1867 Lucian.
595 1818 620 1866 iu
641 1817 735 1867 Asino:
768 1830 874 1867 caream.
908 1818 948 1866 Sic
967 1818 1119 1875 Theocritus,
1138 1817 1210 1881 ldyll.
1226 1819 1276 1867 xis.
1289 1821 1328 1867 21.

170 1880 213 1931 eat
233 1898 273 1931 σοι
293 1880 380 1931 τοῦτον
400 1881 594 1945 σωφρονέστερον
614 1881 737 1946 προβάτου
768 1884 797 1932 or’r
816 1881 921 1946 φθίγξῃι
939 1879 1013 1931 λύκον
1033 1881 1101 1932 εῖδει.
1135 1883 1170 1931 Et
1185 1882 1254 1946 Virg.
1274 1884 1327 1931 Ec.

170 1942 266 2009 παρέξοι
277 1946 309 2004 rii
319 1948 387 2011 τομῇ.
423 1946 555 2011 Philippid.
567 1948 632 2012 apud
644 1948 737 1997 stoba-
770 1947 803 1997 ix.
816 1950 854 1995 64.
867 1966 908 1996 σοι
920 1964 1005 2010 quoque
1017 1949 1104 1995 Moers'rr
1125 1945 1251 2011 Jamsagit
1262 1951 1312 2009 ipsa
1324 1966 1328 1994 z

171 2027 233 2059 um:
251 2013 265 2059 ὁ
285 2010 437 2073 τραχύτατοι
454 2010 479 2061 δὲ
500 2010 659 2074 συκοφάντης,
677 2014 738 2073 μνᾶς
770 2016 819 2074 lupi
836 2016 923 2061 Moerirs
941 2015 1017 2060 ridere
1035 2017 1129 2074 priores.
1171 2012 1221 2060 Alii
1275 2023 1328 2059 tar:

92 2100 94 2104 v
171 2074 215 2123 δύο
238 2077 324 2131 λαβὼν
345 2076 439 2125 ἄπεισιν
461 2076 540 2139 ἀρνίον
561 2078 736 2139 potueram.
770 2092 802 2126 ex
813 2076 935 2126 nutricum
946 2076 1034 2125 fabulis
1045 2088 1136 2135 natum,
1146 2092 1235 2141 pucros
1256 2077 1328 2125 udili-

173 2140 257 2189 l’laut.
273 2156 335 2189 orem
350 2158 434 2191 meram
449 2145 519 2191 vides.
548 2142 671 2191 L—Oris
687 2158 738 2191 nou
769 2143 876 2191 cantium
886 2152 978 2190 terrore
987 2142 1046 2206 lupi,
1055 2141 1173 2206 paulatim
1182 2143 1267 2205 Capua
1276 2141 1328 2204 (alzi

170 2205 287 2255 redditur
300 2208 411 2267 placido,-
428 2206 485 2270 quia
500 2222 550 2256 nou
562 2222 593 2255 ex
608 2206 659 2255 iera
669 2207 736 2256 cicu-
767 2224 780 2255 e
796 2224 882 2255 caree:
900 2206 991 2263 malim,
1010 2210 1036 2254 ιἰι
1050 2208 1137 2267 casam)
1150 2206 1271 2255 venientis
1287 2222 1328 2255 us·

169 2280 280 2319 saturet
296 2272 436 2329 mansucsit,
452 2272 496 2320 sed
510 2283 548 2321 est
562 2273 735 2321 naturaetin-
768 2288 815 2334 que
829 2272 860 2320 ad
876 2271 952 2319 limen
965 2270 1077 2319 cubiculi.
1112 2272 1177 2320 Nam
1190 2271 1277 2321 falsum
1292 2281 1328 2320 est

170 2335 236 2399 dole¹
244 2334 349 2400 placida.
385 2336 464 2400 Igitur
478 2352 577 2400 repone,
593 2340 650 2385 Cum
660 2337 736 2399 servit
768 2338 832 2399 quod
849 2336 946 2395 dicitur,
963 2336 1124 2385 intervenisse
1141 2336 1226 2401 lupum
1245 2336 1328 2385 Nervi·

168 2404 285 2457 umori,
294 2408 340 2448 tasi
347 2404 470 2463 piacidum
478 2405 647 2465 qaamioisest,
657 2405 735 2451 reddo.
768 2418 821 2449 anae
832 2400 927 2459 fabulae,
943 2400 1075 2449 Alimonioe
1092 2401 1164 2449 Remi
1180 2412 1205 2449 et
1221 2401 1328 2458 Romul,

169 2465 208 2515 Ut
219 2465 294 2523 inira,
307 2482 330 2513 v.
341 2468 363 2513 ³.
375 2468 413 2514 68.
438 2468 466 2515 Β.
768 2467 826 2516 dum
843 2466 869 2514 in
887 2467 982 2514 theatro
998 2476 1118 2529 ageretur.
1142 2466 1288 2527 D.-erpus
1304 2470 1328 2514 ιί

206 2531 245 2578 19.
258 2532 391 2579 Medocia
402 2540 424 2581 ie
437 2535 505 2579 audit
515 2530 625 2593 libenter]
637 2530 709 2586 Quod
721 2547 737 2580 a
762 2529 861 2594 famia]
875 2530 1041 2587 Proverbium,
1050 2547 1107 2579 cum
1118 2530 1171 2596 ipse
1180 2530 1286 2587 advenit,
1298 2530 1328 2579 ds

169 2596 226 2657 (de)
247 2595 343 2644 Demea
358 2596 454 2655 dicitur,
474 2596 500 2644 in
518 2612 603 2645 omncs
622 2606 737 2658 parentes
769 2595 952 2658 quoloquimur.
970 2596 1144 2658 E.-Leprsrirr
1148 2594 1247 2659 sabaia]
1256 2595 1328 2644 Plau·

103 2675 106 2681 ’
168 2658 221 2709 diei
245 2671 314 2724 puta.
349 2660 413 2710 Nam
439 2676 512 2709 nemo
533 2670 583 2709 tam
605 2676 677 2773 asper
698 2671 738 2709 est
770 2662 849 2710 tusin
865 2660 991 2709 Stichoiv.
1006 2661 1079 2718 1,71.
1112 2665 1188 2723 Atque
1198 2678 1274 2710 eccum
1286 2664 1328 2709 tili

167 2736 252 2789 pater,
277 2736 305 2773 ut
327 2740 375 2774 non
398 2726 481 2775 statim
503 2725 615 2775 mitescat
646 2724 735 2775 audato
768 2728 845 2787 lapan
860 2730 885 2774 ιἰι
899 2742 1015 2781 ser-raom
1031 2742 1131 2787 presens
1144 2730 1245 2775 esuriens
1255 2728 1328 2773 adest.

92 2800 93 2803 ’
168 2789 231 2838 filio.
256 2789 395 2839 D.-Faeio
406 2790 587 2853 leopardillutn]
605 2791 680 2839 Prisc.
692 2790 734 2839 lib.
768 2791 873 2839 vidend.
886 2790 953 2839 said.
967 2788 1038 2839 elisol
1049 2789 1260 2851 λύκουέμνήσθης.
1287 2791 1316 2837 L.

167 2854 226 2903 xiii.
258 2854 448 2904 L.—Soeratss
470 2856 535 2920 apud
559 2855 686 2904 Platonem
708 2854 735 2903 in
800 2858 839 2903 22
851 2858 916 2919 Fuge
931 2858 995 2903 modo
1010 2854 1085 2918 iutro]
1102 2856 1159 2903 Nou
1174 2854 1238 2903 dixit
1252 2856 1274 2912 1,
1290 2855 1328 2903 rel

169 2920 302 2968 Menone:
331 2920 376 2968 Kal
399 2920 454 2981 alpe
480 2922 590 2981 γυναῖκες
612 2921 693 2978 δήπου,
717 2918 736 2969 ὦ
767 2922 814 2977 abi,
832 2920 871 2969 vel
889 2924 962 2969 mdc.-
979 2920 1024 2968 scd
1032 2919 1100 2983 fage,
1120 2930 1187 2969 tanta
1204 2919 1328 2969 celeritati

170 2982 734 3046 libaneisdyaioirsdripasfflslovsratorios.
767 3002 829 3050 opus
850 2994 895 3034 est.
923 2985 1051 3033 D.—Tres
1071 3000 1103 3033 ex
1122 2985 1212 3034 nostris
1230 2988 1328 3033 Paterni

171 3048 220 3097 Καὶ
239 3049 263 3099 ol
281 3048 398 3109 adseres,
411 3049 469 3099 &rar
486 3048 541 3098 rard
559 3046 736 3110 ἐγκωμιάζουσιν
767 3055 819 3099 esti
835 3053 910 3112 Ipsus.
935 3051 1008 3113 Lege,
1016 3052 1134 3099 Parem?
1150 3052 1176 3100 Is
1184 3054 1254 3113 ipses.
1272 3049 1328 3098 Vid.

170 3113 352 3175 ὸγοθὸνᾰνδρο,
361 3114 595 3177 Θεῖοςὰνὴρ,φοσῖν,
608 3112 683 3164 cirros.
697 3114 734 3162 ct
769 3115 867 3163 Phorm.
885 3114 902 3162 i.
920 3117 942 3172 8,
964 3116 1003 3163 26.
1029 3116 1110 3163 Versu
1128 3118 1160 3163 20
1180 3132 1224 3180 pro
1242 3117 1328 3163 Meas'

170 3179 224 3227 Cic.
232 3178 264 3227 de
272 3180 340 3227 Orat
349 3178 375 3227 ii.
384 3182 423 3227 42.
432 3190 457 3228 et
466 3180 560 3228 Erasm.
571 3179 597 3228 in
605 3180 681 3242 Adag.
694 3179 734 3227 W.
768 3178 829 3243 lege,
841 3182 955 3228 Mearm?
979 3180 1008 3228 B.

205 3246 246 3291 20.
258 3246 363 3292 Virtutes
370 3243 451 3308 ιιοπο]
465 3245 522 3293 Non
530 3244 590 3292 dicit
600 3245 737 3308 elegantem
802 3247 841 3293 28.
860 3248 887 3293 Si
908 3248 965 3307 qaid
984 3248 1084 3308 rogabit,
1103 3262 1213 3307 nusquam
1234 3252 1260 3291 ta
1280 3244 1328 3307 sne]

170 3308 455 3367 indolemsedoirtutes.
479 3312 581 3358 Virtutes
590 3320 671 3357 autem
679 3317 737 3357 sunt
770 3309 863 3373 Magna
874 3310 965 3359 virtute
983 3310 1115 3358 Terentius
1128 3310 1223 3367 rudem,
1234 3309 1328 3373 simpli-

94 3396 95 3399 *
170 3373 277 3439 perlecti
293 3374 419 3437 sapientis,
435 3375 474 3422 vel
491 3374 542 3423 diri
558 3373 667 3437 alicujus.
703 3373 738 3421 Et
768 3390 830 3431 cem,
839 3374 1000 3437 timidumque
1008 3374 1103 3422 inducit
1113 3374 1288 3437 Ctesiphonem
1299 3375 1328 3423 alt

171 3440 235 3487 bene
252 3453 310 3487 cum
326 3449 425 3501 stupore
442 3438 502 3501 (alii,
518 3439 615 3501 ριιᾰοσσ)
634 3454 736 3502 respou-
768 3438 853 3488 initio:
872 3450 901 3487 ut
919 3438 941 3487 is
959 3438 999 3496 sit,
1016 3438 1058 3502 qui
1078 3455 1136 3487 mox
1151 3437 1328 3503 opprimeretur

171 3502 215 3551 det
223 3505 312 3551 Meos?
329 3504 460 3552 ostendens
476 3504 541 3567 quod
559 3502 633 3552 nullm
646 3515 736 3553 essent.
768 3520 824 3553 oum
852 3503 981 3553 meretrice
1008 3505 1162 3560 accumbens,
1189 3503 1328 3552 interventu

172 3569 260 3617 Meas?
275 3567 350 3631 Tuas]
362 3569 425 3617 Cum
436 3580 508 3632 gestu
518 3568 681 3633 pronunciare
692 3568 736 3617 de·
768 3569 853 3633 patris,
869 3570 901 3617 ob
917 3567 1106 3633 imprudentiam
1124 3584 1152 3615 sc
1168 3566 1328 3616 rusticitatem

172 3633 266 3691 berum,
279 3642 308 3682 ut
318 3633 469 3697 intelligatur
479 3634 567 3683 irrisio.
590 3634 622 3682 D.
768 3650 845 3683 suam
879 3637 999 3696 Nusquam
1019 3641 1045 3681 ta
1063 3631 1111 3695 sss]
1130 3631 1268 3680 Familiaris
1287 3630 1328 3680 ἔνι--

205 3700 244 3745 21.
261 3696 335 3752 Quasi
348 3715 428 3760 puero,
445 3698 545 3762 gaudio]
565 3698 649 3756 Deest,
668 3714 735 3761 pra:
768 3702 847 3761 λειψις
870 3708 896 3747 et
916 3708 975 3762 apta
995 3697 1150 3761 properanti:
1179 3711 1253 3759 quare
1278 3695 1328 3744 hae

172 3762 250 3822 ursit,
266 3780 319 3825 ,orae
327 3767 421 3839 paedia.
455 3766 535 3826 Lepus
548 3768 572 3811 in
581 3762 679 3830 scipio]
696 3763 735 3811 Si·
769 3764 852 3811 omnia
861 3777 1077 3828 pressavocecum
1086 3762 1328 3825 celeritateprouun«

171 3826 242 3877 leutii
250 3828 354 3877 indictio
363 3840 400 3877 est
410 3829 437 3877 in
446 3829 492 3877 lroc
500 3828 645 3892 proverbio:
663 3839 736 3892 atque
769 3828 855 3876 eianda
866 3838 931 3876 sunt.
956 3828 988 3875 D.

171 3893 292 3954 eiusmodi
310 3893 408 3941 silentio
428 3894 468 3943 vel
486 3893 513 3942 in
532 3894 586 3958 ipso
607 3893 687 3950 verbo,
708 3904 737 3941 ut
804 3894 824 3941 l.
844 3895 890 3941 Nae
905 3910 946 3955 ego
965 3896 1028 3939 Ιιοιιιο
1047 3908 1096 3939 suas
1117 3887 1210 3954 inseiis]
1233 3890 1264 3937 ln
1284 3890 1328 3939 hoe

170 3957 225 4021 ipss
240 3957 323 4007 fabula
335 3958 423 4021 (Atque
435 3959 545 4021 ejumodi
559 3962 652 4017 ιίὶσιιιιϊ,
664 3966 690 4006 et
701 3962 738 4007 oei
769 3966 826 4006 actu
851 3956 992 4021 exemplum
1014 3966 1058 4013 est,
1083 3956 1206 4005 neminem
1226 3954 1328 4015 facilius,

170 4025 196 4070 isr
212 4026 263 4084 ipro
277 4026 344 4072 aerbo
362 4022 467 4087 Fabula)
484 4024 637 4072 conticescat.
671 4022 737 4077 Quis
769 4038 841 4085 quam
858 4022 979 4086 optimum
996 4037 1116 4084 quemque
1131 4019 1182 4068 falli
1199 4030 1272 4083 atque
1287 4021 1328 4069 de-

100 4095 104 4106 ·
171 4086 259 4151 lupum
275 4087 367 4137 cidisse
380 4088 493 4137 homines
507 4087 618 4145 dicimus,
635 4087 677 4151 qui
696 4102 736 4135 rs-
768 4086 991 4149 ludiutVirgilius
1002 4087 1043 4135 ait
1072 4086 1108 4134 Et
1116 4088 1161 4134 Ne
1172 4084 1242 4134 valde
1253 4086 1328 4149 signi-

100 4165 105 4218 ξ
173 4152 441 4216 penteobmutusrintt
459 4152 585 4217 quodlere
600 4153 631 4201 iis
645 4152 735 4211 evenit,
770 4152 839 4200 licat:
857 4155 942 4202 utNoe
951 4154 1135 4200 iilioetementer
1145 4158 1232 4207 most,
1245 4150 1328 4199 Cicero
