2834 4759
213 193 256 258 72
656 185 933 252 TERENTII
1182 185 1306 266 [serus
1322 203 1381 246 ιιι.

255 325 393 410 Aliquot
407 345 457 390 me
473 323 594 400 adiere,
611 344 653 387 ex
669 331 700 386 te
717 321 864 387 auditum
879 322 936 405 qui
949 319 1092 396 aiebant,
1106 318 1204 387 hodie
1218 316 1321 382 liliam

256 423 367 490 Meam
382 422 506 488 nubere
522 432 579 485 tuo
594 430 712 504 gnato:
735 420 769 483 id
781 420 862 496 viso,
878 419 957 496 tuu’,
972 441 1015 484 an
1029 416 1075 482 illi
1088 419 1258 483 insaniant.

257 521 306 586 St.
324 519 503 585 Ausculta!
528 519 652 603 paucis,
669 516 797 601 etquid
821 538 883 601 ego
897 527 930 581 te
944 515 1051 594 velim,
1066 527 1101 581 et
1116 527 1153 579 tu
1173 515 1262 598 quod
1284 536 1383 599 quae-

322 620 378 695 ris,
395 619 488 682 scies.

231 718 323 782 tCrr.
341 712 521 781 Ausculto:
545 712 678 798 loquere
693 712 774 797 quid
789 711 879 778 velis.

259 819 307 880 St.
325 815 390 880 Per
405 825 437 878 te
453 814 533 877 deos
548 833 618 886 oro,
633 822 666 876 et
680 821 825 878 nostram
839 810 1022 887 amicitiam,
1038 809 1189 883 Chreme,

258 914 344 987 Quae
359 913 490 996 incepta
504 933 523 974 a
537 910 658 994 parvis,
674 918 753 974 cum'
763 919 859 972 aetate
872 909 1013 972 accrevit
1028 906 1141 984 aimuh

259 1011 389 1095 Perque
404 1009 531 1072 amicam
546 1017 676 1092 gnatam
693 1017 793 1084 tuam,
809 1018 843 1070 et
857 1017 992 1089 gnatum
1006 1027 1123 1082 meum,

259 1108 362 1193 Cujus
378 1107 436 1170 tibi
453 1115 599 1189 potestas
616 1125 740 1168 summa
754 1102 905 1168 servandi
918 1103 1034 1180 datur,

219 1218 249 1266 ιο
262 1205 311 1270 Ut
325 1227 375 1268 me
391 1205 526 1288 adjuves
542 1203 575 1266 in
590 1201 652 1268 hac
667 1224 715 1280 re,
730 1212 828 1288 atque
843 1202 899 1278 ita,
914 1212 952 1265 ut
966 1202 1090 1285 nuptiae

216 1338 454 1389 ultimumiuteresse
465 1336 549 1403 possit.
580 1335 779 1400 Optatoadoenie]
812 1333 871 1397 tuas]
884 1334 1275 1392 UtestDeDaosmodomsdisi.
1306 1335 1386 1383 Este

219 1407 310 1466 Optata,
327 1404 468 1453 adverbium
488 1412 540 1458 ests
568 1411 597 1451 ut
613 1401 699 1464 Virgil.
720 1401 779 1448 AEm
811 1398 928 1462 auditum]
954 1400 976 1447 E
1042 1415 1092 1448 non
1110 1413 1201 1457 rumor,
1218 1399 1262 1448 sed
1278 1399 1385 1448 veritas.

216 1485 241 1517 ιι.
254 1471 308 1517 tot.
326 1471 610 1530 Acuelutoptatoueuts's.
640 1465 779 1514 D.-Juheo
812 1466 843 1511 ld
851 1463 911 1526 aisa]
925 1463 986 1512 Obi
1018 1463 1085 1511 vieo:
1104 1463 1174 1511 deest
1184 1473 1224 1512 te:
1240 1472 1268 1511 ut
1280 1467 1338 1520 uiso,
1350 1464 1386 1510 ad

220 1531 370 1595 Chremetem]
384 1532 445 1580 llaec
454 1530 679 1595 scenapetitionem
691 1530 778 1578 hahet:
811 1528 944 1576 videndum
961 1526 1040 1576 venio.
1064 1528 1217 1576 D.-Ads'ere
1232 1526 1314 1576 edidit
1332 1527 1385 1574 1²·-

217 1598 309 1662 quippe
317 1596 383 1644 Simo
389 1596 453 1644 redit
461 1595 491 1643 ad
496 1596 657 1652 Chremetem,
667 1604 695 1642 ut
704 1593 779 1642 filiam
811 1607 893 1640 ernus.
911 1593 959 1640 Sed
968 1607 1060 1650 omnes,
1071 1607 1132 1654 quos
1141 1591 1199 1650 ridi,
1208 1591 1278 1640 codd.
1289 1600 1316 1639 et
1324 1591 1384 1639 edd.

218 1661 404 1722 suamdctejus
420 1659 478 1708 filio.
514 1659 563 1706 liic
580 1658 778 1721 atiquequalita-
811 1658 902 1705 babent
918 1658 1032 1704 adieram
1066 1657 1157 1712 Recte;
1185 1655 1293 1704 utillud
1308 1663 1385 1704 stete·

218 1725 250 1773 tis
266 1735 303 1774 est
319 1734 344 1773 et
360 1723 523 1772 deliberativae
533 1723 625 1770 forma:
643 1725 723 1780 Juheo,
740 1721 779 1770 in·
811 1729 909 1783 ruamus
920 1738 994 1769 mma.
1024 1721 1053 1768 B.

218 1789 279 1852 quit,
297 1791 442 1844 δινιιιιεισι,
458 1787 484 1835 id
501 1797 546 1845 est,
559 1787 628 1842 valor
647 1796 674 1836 ut
691 1786 779 1850 Virgil.
845 1788 867 1833 8.
888 1787 958 1843 Turre,
972 1803 1003 1832 aa
1018 1787 1056 1832 ilii
1071 1783 1202 1847 insaniant]
1219 1783 1258 1832 Tu
1274 1784 1384 1842 insanis,

218 1853 276 1901 AEn.
288 1869 310 1902 v.
324 1852 522 1914 386.-reddtque
532 1855 582 1898 uiro
589 1855 702 1913 promum
707 1850 779 1912 jube·
812 1849 949 1898 sidixisti:
974 1848 1010 1896 illi
1029 1849 1163 1908 insaniunt,
1180 1847 1202 1896 si
1221 1863 1273 1896 noa
1295 1849 1385 1897 audita

220 1919 281 1965 hant.
299 1915 421 1965 Convenit
429 1924 454 1963 et
471 1916 594 1971 Chremes,
607 1924 674 1962 certa
685 1916 780 1964 ratione
811 1914 928 1962 ret'emnt.
952 1914 984 1961 D.

217 1979 781 2108 ttmttlttuttttttttt,iltuit
813 1975 1385 2105 stattttiitttft‘itttti‘t‘ffi

217 2124 285 2224 prior
297 2118 402 2166 venerat,
417 2123 446 2156 us
461 2107 484 2157 ei
501 2108 656 2172 polliceretur
673 2107 778 2172 nuptias
812 2107 849 2154 Ut
870 2107 969 2155 lumbus
991 2107 1161 2169 quaternarius
1181 2115 1265 2163 staret,
1282 2116 1385 2154 veteres

245 2190 276 2222 on
289 2188 347 2238 ergo
363 2173 416 2221 sine
433 2175 571 2234 conjectura
586 2188 638 2220 esse
655 2172 779 2230 debuerat,
812 2170 922 2234 magistri
935 2188 1012 2232 pauca
1028 2170 1207 2219 substituerunt
1225 2184 1271 2232 pro
1287 2175 1383 2231 paucis.

218 2237 260 2302 qui
271 2253 377 2302 operam,
390 2236 448 2300 quid
460 2237 490 2285 ad
502 2235 656 2301 Pamphilum
670 2236 779 2301 pertine·
813 2235 862 2283 Sed
884 2235 961 2284 nostri
982 2235 1052 2283 codd
1075 2249 1160 2282 omnes
1182 2233 1275 2282 babent
1287 2239 1384 2296 paucis.

217 2313 263 2362 ret,
275 2302 315 2352 vel
326 2301 476 2365 argumentis
489 2301 525 2350 vel
537 2316 635 2350 rumore
647 2315 778 2364 cognosce·
812 2299 890 2349 Totus
901 2315 985 2348 versus
997 2299 1033 2348 sic
1046 2298 1230 2348 constituendus
1245 2307 1297 2347 est:
1315 2301 1383 2346 Aus-

218 2378 263 2416 ret.
298 2365 346 2416 Sed
358 2366 432 2414 ctiam
448 2381 587 2441 nunccum
604 2365 671 2441 Simo
682 2365 781 2429 nuptias
812 2367 890 2412 emta:
912 2367 995 2426 paucis
1010 2372 1033 2413 et
1049 2366 1105 2426 quid
1119 2373 1141 2412 te
1157 2364 1385 2426 egaoeliuetquod

217 2430 780 2558 ppppapplppiefflhqppeepgopzpffimrppdr
813 2437 839 2476 m
846 2445 935 2542 iffi:
944 2432 1022 2555 segia
1033 2427 1085 2542 iios
1095 2489 1147 2554 oro]
1161 2490 1228 2540 Ordo
1240 2498 1286 2548 est,
1299 2500 1324 2540 te
1335 2507 1384 2556 per

219 2559 271 2624 ipae
289 2560 416 2623 prevenit.
446 2562 542 2621 Aliquot
557 2576 599 2616 ms,
617 2558 780 2621 inquitadis·
812 2556 940 2612 deosoro;
958 2566 985 2606 ut
998 2557 1066 2620 Virg.
1084 2555 1142 2604 AEu.
1162 2555 1323 2604 siiturus
1341 2573 1387 2619 ege

218 2633 280 2673 runt.
314 2624 386 2672 Unde
403 2623 593 2687 pulcherrimum
610 2631 782 2686 argumentum
814 2630 836 2668 te
858 2625 900 2669 has
916 2624 1036 2684 lomqmas.
1069 2624 1103 2669 Et
1123 2629 1224 2669 nostrum
1244 2624 1384 2678 seruitium,

219 2688 293 2764 dedit,
306 2697 334 2738 ut
344 2703 394 2736 nou
401 2691 453 2763 jam
465 2703 548 2762 rumor
558 2687 598 2745 sit,
608 2687 651 2735 sed
659 2702 726 2761 pene
738 2702 780 2735 ve·
815 2685 933 2812 Chremes]
950 2685 1053 2748 Legitur
1063 2693 1089 2734 et
1101 2688 1201 2734 δινσιε
1230 2683 1385 2760 D.-Peste

219 2752 781 2878 tittttttttftt„thttttltttt
812 2749 1385 2879 ttststt‘titnittinifflss:

220 2891 258 2933 tuo
277 2891 338 2930 nato.
372 2881 405 2930 Et
427 2879 602 2944 indignationis
621 2890 703 2943 partes
722 2895 780 2928 ere·
813 2893 878 2942 pone
890 2881 938 2926 Per
949 2887 971 2928 te
981 2895 1022 2941 ego
1032 2882 1091 2927 deos.
1113 2879 1142 2927 B.

236 2945 316 2994 uendo
334 2945 383 2994 ait:
410 2946 470 3004 Viso,
487 2946 543 3003 tun',
561 2961 591 2994 an
609 2947 645 2992 itti
656 2947 781 2992 insaniant.
847 2943 869 2992 7.
889 2941 945 2995 Qun
959 2946 1050 3004 incepta
1066 2960 1081 2990 a
1093 2947 1174 3004 parnis
1189 2959 1241 2992 cum
1255 2950 1325 2991 date
1341 2959 1385 2990 ac·

220 2961 269 3059 hed
277 3009 344 3058 Simo
351 3008 414 3074 petit
420 3009 580 3058 audientiam:
599 3017 623 3057 et
630 3007 781 3083 principium
813 3010 885 3056 creuit
895 3005 976 3070 amul]
990 3007 1055 3056 Mire
1066 3017 1156 3064 autem,
1166 3010 1257 3068 incepta
1267 3024 1284 3054 a
1292 3010 1385 3069 poemn,

220 3074 399 3124 deliberativae:
428 3074 547 3132 Ausculta,
568 3073 657 3136 iuquit,
680 3081 703 3120 et
725 3074 783 3134 quid
814 3088 864 3119 eum
875 3079 951 3130 etate,
963 3081 992 3119 ut
1002 3071 1115 3120 ostendat
1129 3086 1179 3120 non
1196 3087 1231 3120 nu
1290 3071 1386 3120 coitum

219 3147 306 3200 egomet
325 3147 347 3187 te
365 3141 478 3196 solimet
497 3146 522 3186 tu
541 3140 602 3200 quod
618 3139 701 3200 queris
716 3140 780 3185 scies.
813 3135 955 3195 amicitiam,
966 3135 1009 3184 sed
1019 3135 1160 3198 antiquam
1171 3145 1207 3193 ut,
1254 3133 1327 3183 miii.
1342 3137 1384 3184 ⁸2

219 3202 318 3250 Deinde
330 3201 593 3267 incipitipsapetiti03
607 3200 685 3266 primo
699 3215 781 3264 apte·
817 3201 919 3249 Veterem
930 3203 1045 3249 Anchisen
1056 3203 1161 3264 agnoseit
1175 3203 1280 3248 micum.
1309 3199 1385 3248 Idem

220 3265 296 3324 cibus,
309 3269 355 3314 Per
367 3283 407 3328 ego
424 3275 445 3314 te
462 3269 513 3316 deos
524 3283 562 3315 oro
573 3275 596 3314 et
612 3275 712 3315 nostram
723 3268 780 3313 ami-
815 3263 881 3322 alibi,
898 3264 956 3312 AEu.
968 3265 1002 3312 xi.
1015 3265 1072 3314 587.
1090 3281 1161 3327 aeque
1177 3268 1237 3313 enias
1252 3280 1321 3312 nouus
1338 3269 1385 3314 iste

220 3333 306 3388 citium,
320 3333 421 3378 Chreme.
440 3329 537 3378 Deinde
550 3330 669 3393 adipsum
682 3329 782 3392 petitio·
816 3330 900 3377 Diome
923 3331 990 3378 Venit
1008 3345 1078 3378 amor.
1107 3327 1228 3391 Acoreoit]
1246 3326 1282 3375 Ut
1297 3344 1385 3392 supra,

220 3408 291 3448 nem3
308 3392 714 3456 utnuptinsuerantfisturn,fiaat.
749 3393 784 3442 Et
815 3401 928 3442 accusate
957 3395 998 3442 Ad
1012 3408 1063 3457 prae
1108 3392 1184 3440 itione
1201 3391 1279 3441 utitur
1289 3392 1385 3440 famili·

220 3456 383 3532 pulcherrime
400 3456 564 3506 insinuatione
581 3473 639 3508 usus
656 3467 700 3515 est,
718 3457 783 3520 quod
815 3457 896 3504 ariter.
925 3455 1045 3520 Acoreoit]
1059 3409 1126 3505 fiilio
1138 3455 1225 3519 Virgii.
1237 3455 1291 3504 Ecl.
1302 3472 1327 3505 m
1342 3459 1385 3505 54.

221 3537 247 3569 ιιι
259 3520 394 3570 admirabili
405 3536 495 3584 genere
507 3537 585 3570 causae
601 3521 727 3585 turpitudo
738 3537 782 3570 su·
817 3523 923 3570 Crescent
934 3523 997 3577 ille,-
1013 3524 1126 3578 crescatis,
1138 3537 1232 3570 amores.
1254 3520 1286 3569 D.

220 3584 295 3634 ditori
315 3601 429 3650 persuasa
451 3585 537 3634 fuerat.
584 3585 633 3634 llic
656 3585 783 3650 responsio
849 3586 870 3633 8.
894 3588 929 3633 Et
940 3594 1038 3647 gnatum
1053 3584 1138 3648 meum]
1158 3585 1274 3649 Ineptum
1291 3593 1329 3634 est
1346 3584 1385 3634 sic

221 3650 292 3698 datur
302 3651 332 3698 ab
342 3649 411 3698 utili:
432 3651 456 3698 Si
468 3653 492 3698 s'n
504 3666 551 3698 rem
562 3657 596 3698 est
607 3652 706 3712 utrique,
713 3653 782 3710 flant,
815 3649 927 3711 adjurare
938 3649 1051 3711 aliquem,
1064 3649 1112 3697 Per
1127 3651 1224 3698 salutm
1231 3651 1281 3710 fitis·
1292 3652 1345 3707 saei,
1358 3659 1386 3700 us

221 3713 379 3776 arcessijuhe.
413 3713 492 3768 Quam
505 3713 602 3776 quidem
614 3729 665 3763 rem
678 3714 704 3762 in
716 3730 782 3777 quse·
808 3710 888 3775 jacias
907 3715 934 3760 ta
953 3717 1013 3776 quod
1029 3722 1051 3762 te
1067 3731 1129 3776 rogo.
1163 3713 1212 3762 Sed
1228 3712 1286 3762 buic
1306 3713 1386 3762 etiam

220 3777 308 3828 stionis
324 3778 378 3827 loco
396 3777 500 3842 positam
519 3779 662 3836 dissimulat,
681 3791 706 3826 et
729 3777 783 3827 fieri
815 3777 953 3840 subiungit:
979 3778 1010 3826 D.

238 3859 292 3892 osse
315 3843 390 3892 dicit:
419 3845 466 3891 Irae
485 3851 539 3890 suat
561 3847 621 3892 inter
644 3845 782 3906 Glycerium.
849 3843 870 3891 9.
897 3842 970 3904 eujus
993 3845 1037 3890 tibi
1055 3849 1158 3904 potestas
1172 3858 1261 3890 sum
1274 3846 1386 3892 mandi

221 3859 257 3956 iit
275 3907 406 3958 contulisse
428 3905 545 3964 videatur,
567 3907 662 3956 tametsi
683 3906 784 3956 inutiles
816 3908 887 3954 datur
910 3907 939 3954 ln
949 3914 990 3955 tua
999 3916 1044 3964 est,
1053 3905 1143 3968 iuquit,
1152 3914 1281 3970 potestate,
1290 3915 1316 3955 et
1325 3916 1386 3956 tuus

221 3971 314 4036 nuptiae
333 3973 389 4028 sint,
407 3980 489 4020 tamen
501 3971 596 4020 occasio
613 3981 651 4020 est
666 3980 695 4019 ut
711 3970 785 4020 utiles
817 3980 862 4019 est.
963 3986 1021 4034 ergo
1031 3973 1151 4020 obtestatio
1162 3970 1387 4034 dicitur,aumper

221 4051 275 4086 esse
287 4046 395 4100 possunt.
420 4035 450 4084 Ε.
818 4049 859 4083 eas
881 4050 921 4082 res
943 4035 1083 4096 adjuramus
1104 4034 1219 4097 aliquem,
1240 4034 1271 4084 de
1294 4035 1386 4098 quibus

255 4102 277 4148 2.
294 4102 387 4164 Aliquot
402 4117 437 4150 me
453 4097 544 4164 adiere]
562 4101 664 4162 Aliqum,
677 4099 725 4147 hoc
740 4109 785 4157 est,
818 4098 899 4162 agitur
909 4114 989 4148 causa.
1007 4099 1049 4157 Ut,
1060 4099 1118 4148 AEn.
1130 4099 1155 4147 ii.
1167 4101 1224 4147 431.
1239 4101 1311 4148 Iliaci
1321 4102 1385 4148 eise-

221 4178 266 4214 nec
276 4164 354 4220 multi,
364 4181 408 4213 nec
419 4165 496 4229 pauci
514 4167 608 4221 Ads'ere,
615 4179 664 4212 non
676 4179 785 4213 accesse-
818 4180 861 4221 res,
872 4172 895 4212 et
903 4166 996 4225 flamma
1003 4171 1105 4212 extrem
1112 4180 1217 4212 meorum
1237 4163 1307 4212 Idem
1317 4163 1386 4219 alibi.

222 4235 292 4338 Eunt:
306 4227 368 4339 pauiu
377 4229 458 4278 aditus
469 4229 559 4304 arduus
570 4227 723 4302 difficilisque
740 4238 785 4276 est.
818 4227 877 4304 ιΕιιζ
889 4244 913 4277 ιι.
927 4230 1041 4307 4⁵2ss
1055 4244 1145 4285 euessae,
1155 4231 1255 4340 genitor,
1263 4225 1386 4291 sumentia

221 4302 788 4432 ,instituitttttttttttttht
821 4293 896 4405 ”ii
908 4293 1235 4419 humisa]
1251 4355 1384 4418 tinen

222 4421 267 4470 tihi
277 4421 385 4468 ardetur?
402 4423 479 4470 ndeon'
495 4425 527 4470 ad
539 4426 608 4470 eum?
629 4425 667 4470 lis
679 4430 701 4470 te
718 4423 786 4468 nudi·
820 4419 868 4469 Ms
883 4421 975 4469 Boend
988 4421 1062 4469 eted.
1076 4422 1117 4469 Du
1131 4421 1158 4468 B.
1188 4423 1265 4483 Atque
1280 4421 1385 4470 refertur
