2834 4759
206 132 272 199 aas
302 89 305 108 '
635 130 916 213 anasuru
1179 130 1368 217 [rerum.

246 264 449 333 Nonfacias:
464 288 570 353 neque
582 266 697 347 sinam,
706 269 809 352 utqui
817 268 922 345 nobis,
931 276 1045 345 mater,
1055 264 1264 333 maledictam
1276 262 1370 342 velit,

208 379 238 449 tt
249 365 330 431 Mea
344 366 522 450 pertinacia
535 388 609 433 esse
624 365 712 431 dictu
725 364 858 445 metum,
873 365 963 431 haud
976 376 1034 431 tua
1047 364 1217 431 modestia.

250 463 339 529 Tum
353 472 426 529 tuas
441 462 559 529 amicas
573 474 618 542 te,
634 474 668 529 et
681 475 835 549 cognatas
851 465 1015 543 deserere,
1028 474 1063 528 et
1076 462 1178 527 festos
1193 462 1282 541 dies,

250 561 449 642 Menoausa,
459 560 545 628 nolo.
562 562 620 627 So.
627 561 797 648 Nihiljam
805 562 883 627 mihi
892 562 983 629 istaec
993 585 1046 627 res
1056 559 1369 647 voluptatisferunt:

253 658 343 725 Dum
351 661 457 725 etatis
468 671 595 745 tempus
609 657 694 738 tulit,
709 658 882 746 perfuncta
894 662 972 727 satis
984 683 1073 726 sum:
1090 660 1187 725 satias
1197 659 1269 744 jam
1277 669 1373 724 tenet

251 759 442 826 Studiorum
463 760 618 825 istorum:
641 760 713 826 haec
734 758 812 825 mihi
834 781 919 825 nuno
934 780 1013 825 cura
1031 768 1082 824 eat
1096 780 1258 835 maxuma,
1274 768 1315 823 ut
1329 780 1373 822 ne

316 860 370 925 eui
383 881 464 925 meoe

210 972 243 1018 20
255 957 494 1043 Longinquitas
508 958 614 1023 aenda
629 957 750 1035 obstet,
765 965 939 1021 mortemve
954 966 1126 1040 exspectet
1139 977 1254 1021 meam.

253 1054 320 1121 Hic
334 1056 430 1121 video
444 1078 495 1121 me
510 1077 583 1121 esse
597 1055 731 1119 invisam
745 1054 921 1119 immerito:
944 1064 1072 1139 tempus
1087 1064 1138 1119 est
1151 1054 1349 1119 concedere.

253 1154 309 1220 Sic
323 1166 467 1241 optume,
479 1166 517 1219 ut
527 1154 731 1239 egoopinor,
746 1153 848 1218 omnis
863 1174 978 1217 causas
991 1152 1166 1237 praecidam
1179 1153 1356 1217 omnibus:

253 1254 301 1320 Et
314 1278 365 1321 me
380 1253 441 1319 hac
457 1253 640 1339 suspicione
655 1250 830 1329 exsolvam,
845 1264 880 1315 et
894 1250 955 1317 illis
969 1273 1092 1317 morem
1104 1272 1252 1336 gessero.

216 1397 219 1407 ·
254 1353 332 1418 Sine
346 1375 409 1429 me,
424 1352 572 1429 obsecro,
587 1349 651 1417 hoc
664 1349 823 1437 effugere,
841 1349 955 1437 volgus
976 1350 1066 1437 quod
1085 1348 1167 1415 male
1185 1349 1280 1415 audit
1300 1372 1373 1414 mu-

320 1450 444 1515 lierum.

211 1601 261 1663 Ζ,).
284 1601 352 1651 Mire
360 1609 451 1658 autem,
460 1610 486 1649 et
496 1617 543 1658 ras,
552 1610 576 1648 et
587 1601 685 1657 asarta
696 1602 772 1647 etla-
805 1600 884 1649 Satias
892 1616 927 1649 nse
936 1598 1012 1663 teart}
1024 1598 1106 1649 Nimis
1114 1607 1309 1663 maternamque
1318 1600 1372 1648 ani-

211 1665 394 1725 bitatamdixit.
416 1666 448 1714 D.
804 1664 868 1714 liter.
891 1664 1024 1714 D.-·lllud
1043 1682 1077 1713 aas
1097 1674 1152 1727 post
1168 1666 1243 1713 satias
1265 1664 1324 1715 dele
1342 1680 1373 1713 ex

245 1732 282 1779 ll.
303 1733 356 1779 Noa
366 1728 460 1793 facies.-
480 1744 551 1791 aeque
570 1726 657 1791 naam]
680 1726 772 1787 Primo,
804 1728 1082 1788 auctoritate.Bembini,
1094 1739 1120 1779 ct
1139 1727 1217 1777 nostri
1235 1730 1372 1778 veterrimi.

210 1793 336 1858 msacies
344 1814 354 1844 .·
363 1794 460 1853 deinde‚
471 1794 499 1841 Si
510 1794 588 1841 facere
599 1806 771 1857 perseverave-
806 1794 834 1843 B.

210 1860 251 1918 ris,
264 1878 307 1909 aas
318 1863 398 1909 sisara
422 1860 462 1916 Et,
474 1856 672 1921 muscetanum
683 1866 721 1906 est
730 1858 770 1907 in·
839 1860 875 1908 to.
888 1861 947 1908 Hac
965 1862 1021 1907 sstts'
1039 1875 1098 1907 nanc
1117 1874 1173 1907 eitra
1191 1865 1227 1906 ast
1248 1858 1371 1922 mus]

210 1924 359 1982 terdieentis,
374 1923 418 1973 aad
435 1922 503 1987 qusai
521 1921 594 1981 dicat,
606 1921 662 1971 Scio
682 1931 706 1971 te
722 1938 772 1971 non
806 1923 862 1973 lloc
883 1922 955 1973 nimis
972 1924 1037 1973 serio
1056 1924 1278 1988 pronunciandum,
1296 1934 1331 1981 et,
1345 1942 1373 1972 ss

209 1990 329 2041 neuram
345 2004 397 2038 rem
416 1999 467 2037 tam
481 2002 588 2052 pravam.
610 1988 675 2035 Sunt
690 1998 773 2037 autem
805 1992 850 2047 eas',
862 1988 952 2046 odiose,
964 2004 996 2038 ne
1007 1992 1051 2037 tibi
1062 1988 1160 2037 diceret.
1184 1993 1216 2039 Ut
1227 2006 1256 2037 se
1268 1992 1308 2037 αι’
1319 2006 1373 2037 sues

210 2054 253 2119 qui
262 2058 415 2118 “passim
420 2056 525 2117 jungant
533 2050 702 2101 interioribus:
715 2061 774 2101 tunt
805 2056 960 2118 longinquitas
970 2056 1048 2103 etatis
1058 2052 1142 2115 οὔκαὶ]
1155 2054 1211 2105 Hoc
1227 2054 1260 2103 sd
1274 2068 1372 2111 nrrrtrm.

210 2120 252 2183 qui
265 2129 343 2168 totum
353 2128 468 2168 contexte
483 2118 567 2181 legant
581 2134 625 2165 aas
632 2116 717 2179 sacten
729 2132 771 2166 us-
805 2118 1012 2183 exspectau'onant
1029 2118 1060 2167 sd
1076 2116 1153 2167 lilium
1165 2120 1256 2169 relert:
1275 2118 1336 2167 hinc
1347 2135 1371 2167 e·

210 2200 258 2249 que
274 2188 392 2234 nadsstla.
416 2186 449 2233 Ut
465 2186 505 2246 pst
521 2185 593 2238 satia
609 2184 772 2239 natanaele-
804 2182 856 2232 nim
868 2184 924 2233 odio
935 2183 1003 2247 digni
1014 2192 1135 2249 parentes,
1146 2187 1276 2247 exspectati
1292 2186 1371 2245 appal-

210 2252 296 2299 AEctsss
306 2248 374 2313 salit]
393 2248 549 2298 Athanasio.
572 2246 604 2295 D.
805 2250 890 2297 luatur.
914 2248 1030 2297 D.-Pro
1046 2264 1100 2296 m
1115 2250 1210 2313 antiqui
1229 2248 1332 2307 Paterni,
1349 2258 1373 2297 et

247 2316 283 2363 15.
295 2316 351 2364 Mra
367 2317 498 2377 pertinacia
519 2328 567 2361 ssas
585 2314 649 2360 dicat
666 2309 773 2374 sacua]
804 2312 915 2377 plerique
926 2329 957 2362 ex
968 2312 1058 2362 nostris
1068 2313 1159 2363 habent
1169 2332 1226 2363 mea.
1251 2314 1283 2362 Β.

212 2379 281 2428 Bene
290 2378 387 2436 retinet,
401 2394 477 2441 quum
488 2376 541 2426 vult
556 2392 602 2426 sua
611 2377 731 2424 interesse
742 2390 776 2425 ne
840 2379 878 2426 20.
891 2380 1059 2442 dosgisrqcr'tas
1069 2382 1146 2427 atatis
1157 2383 1237 2437 obstet,
1250 2388 1372 2429 nartem

212 2442 262 2493 ssat.
284 2444 317 2492 D.
806 2451 919 2505 srspcctet
929 2442 1014 2507 mam]
1024 2444 1106 2499 Quum
1118 2444 1202 2493 sedulo
1213 2454 1274 2507 agat
1285 2444 1372 2505 (Qun

246 2509 283 2557 16.
299 2510 355 2557 lissa
366 2517 419 2557 tuas
428 2510 514 2556 caricas
525 2504 560 2569 te]
574 2505 605 2555 In
611 2505 776 2555 dissuadendo
806 2510 884 2557 redula
926 2512 950 2556 't
967 2508 1008 2556 W.
1033 2507 1127 2564 Malim.
1141 2509 1286 2573 Quasiqua-
1297 2510 1372 2557 sedala

211 2572 364 2622 commiscuit
371 2583 396 2622 et
403 2574 555 2621 honestatem
562 2580 588 2619 et
595 2570 734 2620 utilitatem.
744 2572 776 2620 D.
808 2580 865 2636 agat
878 2572 905 2621 Z.
938 2588 1029 2629 socrus,
1046 2588 1078 2621 ue
1089 2573 1146 2649 quid
1159 2589 1203 2638 per
1219 2574 1371 2622 iracundiam

211 2640 361 2751 —czmsas
371 2642 474 2687 desem
489 2633 598 2696 etssstas
607 2634 669 2699 dies]
688 2634 776 2699 Expli-
808 2636 922 2687 ammisse
935 2636 1059 2693 videatur:
1078 2639 1133 2687 ude
1150 2650 1232 2687 tamen
1250 2648 1281 2687 ut
1297 2638 1371 2687 inter-

212 2702 263 2753 csri
297 2702 319 2751 ic
334 2703 403 2752 loeus
418 2702 492 2751 debet
507 2716 539 2749 ex
551 2701 605 2750 vu
618 2700 776 2751 Munitis
808 2701 940 2752 misceatur
954 2701 1098 2766 indignatio,
1109 2712 1134 2752 et
1145 2703 1223 2752 multa
1233 2702 1320 2752 dolore
1331 2703 1371 2751 ds·

211 2784 264 2833 cap.
277 2770 299 2817 2
311 2770 331 2827 5.
344 2769 367 2816 8.
381 2769 511 2816 musa
526 2768 595 2814 suas
611 2769 717 2817 sollssaas
727 2782 776 2814 saa·
808 2776 905 2830 promta
915 2766 978 2816 sint:
996 2767 1061 2831 quod
1071 2778 1145 2843 poeta
1159 2784 1209 2817 non
1227 2767 1323 2817 inritus
1339 2768 1371 2816 la·

206 2832 272 2896 jaros
288 2836 445 2891 mussat,
459 2833 527 2893 taque
540 2833 658 2880 Ctarists'a
671 2834 775 2895 appetu·
808 2832 849 2889 eit,
862 2831 893 2880 ad
913 2848 993 2881 mores
1011 2834 1190 2896 exprrmendos,
1207 2848 1371 2897 personam

212 2906 300 2954 serant
311 2900 350 2946 σαί
362 2906 450 2959 pratas·
465 2904 571 2959 sagmas
586 2904 611 2944 et
626 2898 703 2956 affines
714 2911 777 2945 nesta
807 2896 951 2946 reddendas.
964 2896 1298 2963 D.-Loagisqsitaaaetatis]
1307 2898 1336 2944 V.
1344 2898 1370 2945 C.

212 2965 406 3025 interponebatur,
415 2969 457 3011 etc.
477 2960 532 3009 Hoc
543 2960 570 3008 in
581 2960 661 3011 Glosa
672 2974 710 3011 est
721 2978 777 3009 cara
808 2964 818 3009 1
880 2966 929 3011 'tna
953 2962 1064 3011 L.-Pro
1076 2962 1280 3027 vulgariemptet,
1289 2962 1371 3011 Bemb-

213 3031 324 3091 cagsatr'a,
335 3023 529 3087 τιμησηγέκιι
550 3025 694 3076 Tertullian.
706 3026 737 3074 da
750 3025 776 3075 l·
808 3036 834 3075 et
869 3025 937 3075 ictor.
949 3036 1015 3076 recte
1027 3035 1146 3089 esspseut.
1170 3028 1199 3076 B.

213 3092 324 3141 dololntr.
343 3095 409 3140 Cara
428 3094 568 3154 mutim
584 3093 707 3140 maria
726 3094 776 3139 ari-
842 3094 881 3140 21.
893 3094 941 3140 Hic
956 3094 1020 3141 aidsa
1035 3108 1069 3140 stt
1081 3109 1128 3141 ssss
1139 3095 1236 3141 nam
1249 3090 1370 3153 inussit]

212 3160 383 3221 geadsoum'a.
401 3154 457 3205 Vid.
471 3155 526 3203 Kal
540 3155 677 3205 Rusticum.
698 3157 727 3206 L.
808 3156 1034 3211 Quiaruadecresi
1050 3171 1165 3221 pergere:
1184 3172 1234 3206 non
1245 3156 1316 3220 quud
1328 3172 1370 3205 nu·

249 3222 287 3273 li.
298 3224 441 3277 Msacaasa,
453 3218 516 3283 solo]
528 3220 585 3268 Non
597 3230 635 3269 est
645 3223 778 3286 superbum
809 3236 863 3269 rum
879 3220 992 3280 vitatura,
1009 3222 1053 3270 sed
1071 3220 1159 3272 locum.
1185 3222 1219 3270 Et
1234 3221 1299 3271 mire
1315 3224 1369 3269 issi·

213 3289 279 3335 salo.-
296 3286 339 3334 sed
347 3284 524 3334 consuetudine
535 3284 631 3334 dicitur.
651 3286 779 3348 Ntlsiljass
809 3304 866 3344 san,
877 3296 902 3333 et
914 3301 962 3334 nou
972 3286 1066 3336 addidit
1076 3287 1132 3336 cui:
1149 3287 1193 3335 sed
1204 3285 1276 3345 dixit,
1289 3296 1370 3348 tesspss

214 3354 271 3401 nus
282 3355 345 3400 istaec
354 3349 404 3413 ras]
418 3350 511 3397 Contra
521 3348 610 3398 omnia.
628 3350 662 3399 Bt
676 3352 708 3401 ab
719 3350 778 3399 ulti·
810 3358 845 3399 sst
860 3354 986 3400 aonam.
1015 3350 1080 3406 Quia
1098 3367 1160 3401 anus
1177 3352 1250 3400 sumi
1268 3368 1301 3400 an
1318 3351 1370 3415 quir

214 3412 648 3541 1111ῗῶῗῖῗῖἱὲἱῇἓῇ
657 3426 779 3539 dili&
810 3415 1368 3545 tfflstltdtlrltffimt

215 3548 261 3594 Ntt
273 3548 314 3609 pol
322 3545 376 3608 jasa
391 3547 471 3593 istlaoe
481 3546 536 3592 nidi
551 3560 589 3592 rss
604 3547 727 3607 mlaptatts
736 3541 778 3606 se·
811 3544 903 3595 dictum
922 3556 960 3595 est
981 3561 1026 3609 per
1047 3516 1218 3610 conjecturari.
1245 3498 1367 3595 3.-Ιᾶ-

215 3619 277 3660 rsst.
301 3611 330 3659 B.
811 3609 873 3673 snat]
892 3611 1044 3659 Menander:
1062 3608 1149 3675 Πικρόν
1161 3612 1214 3660 ἐστι
1225 3608 1318 3675 θρέμμα
1330 3608 1367 3671 γε’-

252 3677 287 3724 18.
300 3678 362 3724 Dum
372 3677 548 3749 auratam
560 3673 627 3749 satit]
647 3676 719 3750 rats,
734 3690 781 3749 pro
812 3693 859 3738 ρων
870 3676 897 3723 tv
906 3674 968 3737 oleta
977 3672 1060 3735 μένων.
1084 3676 1123 3725 W.

215 3738 780 3878 tantumtanturn:
813 3738 1367 3869 swanum]

215 3874 252 3930 aa,
269 3869 392 3933 perfuncta
407 3872 467 3917 sstts
482 3867 545 3931 suas]
569 3868 604 3925 St,
620 3868 707 3931 inquit,
719 3884 780 3917 mere
812 3884 875 3917 rum.
892 3869 927 3917 Et
937 3870 1084 3933 generaliter
1094 3871 1170 3920 dixit:
1188 3874 1222 3921 Et
1233 3874 1282 3921 aas
1293 3887 1367 3920 wera

215 3934 576 4001 voluptatisaausaexercenda
588 3936 713 3996 suntjaam
730 3948 780 3982 non
809 3932 914 3997 gessero]
934 3934 1067 3993 Mires‘llis,
1085 3941 1221 3985 noussrsa'.
1246 3936 1282 3985 Et
1295 3952 1367 3985 aaran

215 4000 350 4049 delectant:
368 3999 391 4049 si
400 3998 474 4047 officii
485 4014 514 4046 ac
525 3996 658 4061 religionis,
666 4001 718 4061 iam
731 4013 780 4046 non
809 4014 907 4061 gessero.
925 3998 1014 4048 aeriter
1028 4000 1135 4049 dictum:
1153 4014 1181 4050 ut
1199 4002 1314 4050 ostendat
1328 4001 1367 4049 lrac

215 4080 323 4129 possum,
337 4064 449 4129 quresim
460 4078 529 4112 anus.
559 4062 704 4112 Necessaria
715 4062 778 4111 diri·
811 4062 866 4112 illos
876 4062 934 4112 olim
947 4064 1059 4123 soluisse,
1071 4076 1100 4114 ut
1114 4066 1279 4130 expelleretur
1289 4066 1365 4114 domo:

215 4129 267 4178 sio:
280 4129 337 4191 quia
345 4128 387 4177 ille
396 4141 422 4177 et
431 4127 575 4191 religionem
583 4127 720 4177 incusserat
730 4127 778 4176 ses-
811 4138 839 4177 ut
849 4127 870 4177 si
882 4127 955 4187 dicas,
967 4129 1093 4179 inimicum
1103 4131 1147 4179 tihi
1159 4147 1253 4180 rnorem
1264 4130 1366 4196 gemisse.

216 4203 296 4241 torum
312 4194 415 4242 dierum.
443 4196 505 4242 nam
520 4196 599 4241 atatis
612 4201 699 4255 tasapss
710 4192 778 4255 tulit]
810 4194 875 4256 quod
887 4208 913 4241 se
925 4194 1086 4257 suspenderit.
1109 4196 1141 4243 1).

217 4258 283 4313 Non.
299 4257 387 4321 inquit,
398 4258 570 4322 reprehendar,
582 4273 637 4320 quse
648 4273 722 4321 quum
733 4274 775 4333 po·
843 4260 881 4305 tt
894 4262 948 4307 Sins
963 4276 1004 4317 nse,
1014 4262 1111 4319 obem,
1126 4264 1168 4311 lace
1177 4258 1292 4325 effugere]
1312 4258 1366 4314 Quis

216 4322 313 4379 tuerim,
333 4323 460 4387 perfuncta
478 4322 537 4370 satis
558 4338 619 4371 sum.
650 4323 692 4371 Sic
707 4322 776 4386 Vtrg.
810 4322 906 4372 dixerat
915 4324 1016 4373 maritus
1028 4326 1087 4387 eJue,
1101 4328 1271 4375 Onussam
1282 4328 1367 4373 adamat

216 4388 274 4437 AEn.
286 4387 311 4437 ii.
322 4389 377 4437 291.
396 4391 439 4437 Sat
447 4390 532 4451 patris
543 4389 680 4451 Priamoque
691 4390 777 4437 datum.
810 4404 888 4437 nanu.
911 4392 965 4439 Sine
980 4407 1022 4451 me,
1033 4393 1130 4450 abscm,
1142 4394 1182 4440 lsoa
1197 4389 1311 4456 affugere]
1328 4390 1366 4438 Po
