<?xml version="1.0" encoding="UTF-8"?>
<!DOCTYPE html PUBLIC "-//W3C//DTD XHTML 1.0 Transitional//EN"
    "http://www.w3.org/TR/xhtml1/DTD/xhtml1-transitional.dtd">
<html xmlns="http://www.w3.org/1999/xhtml" xml:lang="en" lang="en">
 <head>
  <title>
</title>
<meta http-equiv="Content-Type" content="text/html;charset=utf-8" />
  <meta name='ocr-system' content='tesseract 3.04.00' />
  <meta name='ocr-capabilities' content='ocr_page ocr_carea ocr_par ocr_line ocrx_word'/>
</head>
<body>
  <div class='ocr_page' id='page_1' title='image "./publiiterentiic01lindgoog/publiiterentiic01lindgoog_0260.png"; bbox 0 0 2834 4759; ppageno 0'>
   <div class='ocr_carea' id='block_1_1' title="bbox 638 206 1358 292">
    <p class='ocr_par' dir='ltr' id='par_1_1' title="bbox 638 206 1358 292">
     <span class='ocr_line' id='line_1_1' title="bbox 638 206 1358 292; baseline -0.001 -18"><span class='ocrx_word' id='word_1_1' title='bbox 638 206 936 275; x_wconf 84' lang='lat' dir='ltr'><strong>TERENTII.</strong></span> <span class='ocrx_word' id='word_1_2' title='bbox 1173 208 1293 292; x_wconf 81' lang='lat' dir='ltr'><strong>[serus</strong></span> <span class='ocrx_word' id='word_1_3' title='bbox 1308 228 1358 273; x_wconf 78' lang='lat' dir='ltr'><strong>tv.</strong></span> 
     </span>
    </p>
   </div>
   <div class='ocr_carea' id='block_1_2' title="bbox 377 404 1175 493">
    <p class='ocr_par' dir='ltr' id='par_1_2' title="bbox 377 404 1175 493">
     <span class='ocr_line' id='line_1_2' title="bbox 377 404 1175 493; baseline -0.005 -8"><span class='ocrx_word' id='word_1_4' title='bbox 377 409 568 485; x_wconf 86' lang='lat' dir='ltr'><strong>ACTUS</strong></span> <span class='ocrx_word' id='word_1_5' title='bbox 602 405 829 493; x_wconf 84' lang='lat' dir='ltr'><strong>QUARTI</strong></span> <span class='ocrx_word' id='word_1_6' title='bbox 863 404 1056 482; x_wconf 87' lang='lat' dir='ltr'>SCENA</span> <span class='ocrx_word' id='word_1_7' title='bbox 1088 404 1175 481; x_wconf 88' lang='lat' dir='ltr'><strong>VII.</strong></span> 
     </span>
    </p>
   </div>
   <div class='ocr_carea' id='block_1_3' title="bbox 288 596 1267 651">
    <p class='ocr_par' dir='ltr' id='par_1_3' title="bbox 288 596 1267 651">
     <span class='ocr_line' id='line_1_3' title="bbox 288 596 1267 651; baseline -0.003 0"><span class='ocrx_word' id='word_1_8' title='bbox 288 598 463 651; x_wconf 80' lang='lat' dir='ltr'><strong>THRASO.</strong></span> <span class='ocrx_word' id='word_1_9' title='bbox 498 596 678 647; x_wconf 78' lang='lat' dir='ltr'><strong>GNATHO·</strong></span> <span class='ocrx_word' id='word_1_10' title='bbox 714 596 856 645; x_wconf 77' lang='lat' dir='ltr'><strong>SANGA.</strong></span> <span class='ocrx_word' id='word_1_11' title='bbox 891 596 1098 647; x_wconf 82' lang='lat' dir='ltr'><strong>CHREMES.</strong></span> <span class='ocrx_word' id='word_1_12' title='bbox 1133 596 1267 648; x_wconf 72' lang='lat' dir='ltr'><strong>unns.</strong></span> 
     </span>
    </p>
   </div>
   <div class='ocr_carea' id='block_1_4' title="bbox 205 719 1365 1298">
    <p class='ocr_par' dir='ltr' id='par_1_4' title="bbox 205 719 1365 1298">
     <span class='ocr_line' id='line_1_4' title="bbox 243 719 1362 808; baseline -0.003 -17"><span class='ocrx_word' id='word_1_13' title='bbox 243 727 410 792; x_wconf 75' lang='lat' dir='ltr'><strong>Hsucuur</strong></span> <span class='ocrx_word' id='word_1_14' title='bbox 426 745 489 807; x_wconf 86' lang='lat' dir='ltr'><strong>ego</strong></span> <span class='ocrx_word' id='word_1_15' title='bbox 503 732 541 785; x_wconf 94' lang='lat' dir='ltr'><strong>ut</strong></span> <span class='ocrx_word' id='word_1_16' title='bbox 555 719 781 787; x_wconf 86' lang='lat' dir='ltr'><strong>contumeliam</strong></span> <span class='ocrx_word' id='word_1_17' title='bbox 803 732 869 787; x_wconf 87' lang='lat' dir='ltr'><strong>tam</strong></span> <span class='ocrx_word' id='word_1_18' title='bbox 890 721 1049 807; x_wconf 76' lang='lat' dir='ltr'>insignem</span> <span class='ocrx_word' id='word_1_19' title='bbox 1071 722 1104 787; x_wconf 89' lang='lat' dir='ltr'><strong>in</strong></span> <span class='ocrx_word' id='word_1_20' title='bbox 1123 744 1176 789; x_wconf 86' lang='lat' dir='ltr'><strong>me</strong></span> <span class='ocrx_word' id='word_1_21' title='bbox 1189 724 1362 808; x_wconf 78' lang='lat' dir='ltr'><strong>accipiam,</strong></span> 
     </span>
     <span class='ocr_line' id='line_1_5' title="bbox 205 820 1280 1005; baseline -0.004 -17"><span class='ocrx_word' id='word_1_22' title='bbox 205 898 209 905; x_wconf 35' lang='lat'>⁵</span> <span class='ocrx_word' id='word_1_23' title='bbox 244 820 516 987; x_wconf 48' lang='lat' dir='ltr'><strong>Morllllllllliius</strong></span> <span class='ocrx_word' id='word_1_24' title='bbox 530 928 592 983; x_wconf 86' lang='lat' dir='ltr'><strong>est.</strong></span> <span class='ocrx_word' id='word_1_25' title='bbox 632 916 776 994; x_wconf 78' lang='lat' dir='ltr'><strong>Simalio,</strong></span> <span class='ocrx_word' id='word_1_26' title='bbox 791 918 925 997; x_wconf 85' lang='lat' dir='ltr'><strong>Donax,</strong></span> <span class='ocrx_word' id='word_1_27' title='bbox 940 918 1083 1005; x_wconf 79' lang='lat' dir='ltr'><strong>Syrisce,</strong></span> <span class='ocrx_word' id='word_1_28' title='bbox 1099 920 1280 1005; x_wconf 80' lang='lat' dir='ltr'><strong>sequimini.</strong></span> 
     </span>
     <span class='ocr_line' id='line_1_6' title="bbox 243 1015 1365 1102; baseline -0.004 -17"><span class='ocrx_word' id='word_1_29' title='bbox 243 1020 388 1085; x_wconf 90' lang='lat' dir='ltr'><strong>Primum</strong></span> <span class='ocrx_word' id='word_1_30' title='bbox 403 1018 502 1083; x_wconf 85' lang='lat' dir='ltr'><strong>aedeis</strong></span> <span class='ocrx_word' id='word_1_31' title='bbox 517 1018 725 1101; x_wconf 83' lang='lat' dir='ltr'>expugnabo.</span> <span class='ocrx_word' id='word_1_32' title='bbox 761 1016 833 1081; x_wconf 79' lang='lat' dir='ltr'><strong>Gu.</strong></span> <span class='ocrx_word' id='word_1_33' title='bbox 850 1015 967 1082; x_wconf 81' lang='lat' dir='ltr'><strong>Recte.</strong></span> <span class='ocrx_word' id='word_1_34' title='bbox 1002 1016 1097 1095; x_wconf 72' lang='lat' dir='ltr'><strong>Tuo,</strong></span> <span class='ocrx_word' id='word_1_35' title='bbox 1113 1017 1284 1102; x_wconf 80' lang='lat' dir='ltr'><strong>Virginem</strong></span> <span class='ocrx_word' id='word_1_36' title='bbox 1297 1018 1365 1083; x_wconf 88' lang='lat' dir='ltr'><strong>eri-</strong></span> 
     </span>
     <span class='ocr_line' id='line_1_7' title="bbox 308 1115 652 1205; baseline -0.009 -22"><span class='ocrx_word' id='word_1_37' title='bbox 308 1120 406 1205; x_wconf 88' lang='lat' dir='ltr'><strong>piam.</strong></span> <span class='ocrx_word' id='word_1_38' title='bbox 444 1116 515 1181; x_wconf 76' lang='lat' dir='ltr'><strong>GN.</strong></span> <span class='ocrx_word' id='word_1_39' title='bbox 532 1115 652 1181; x_wconf 86' lang='lat' dir='ltr'><strong>Probe.</strong></span> 
     </span>
     <span class='ocr_line' id='line_1_8' title="bbox 244 1212 1365 1298; baseline -0.003 -16"><span class='ocrx_word' id='word_1_40' title='bbox 244 1216 338 1283; x_wconf 79' lang='lat' dir='ltr'><strong>Tun.</strong></span> <span class='ocrx_word' id='word_1_41' title='bbox 356 1213 446 1281; x_wconf 85' lang='lat' dir='ltr'><strong>Male</strong></span> <span class='ocrx_word' id='word_1_42' title='bbox 459 1214 624 1281; x_wconf 84' lang='lat' dir='ltr'><strong>mulctabo</strong></span> <span class='ocrx_word' id='word_1_43' title='bbox 638 1214 752 1298; x_wconf 88' lang='lat' dir='ltr'><strong>ipsam.</strong></span> <span class='ocrx_word' id='word_1_44' title='bbox 785 1212 858 1277; x_wconf 79' lang='lat' dir='ltr'><strong>Gn.</strong></span> <span class='ocrx_word' id='word_1_45' title='bbox 871 1212 1025 1279; x_wconf 86' lang='lat' dir='ltr'><strong>Pulchre.</strong></span> <span class='ocrx_word' id='word_1_46' title='bbox 1058 1213 1204 1279; x_wconf 80' lang='lat' dir='ltr'><strong>Tun.1n</strong></span> <span class='ocrx_word' id='word_1_47' title='bbox 1216 1214 1365 1279; x_wconf 91' lang='lat' dir='ltr'><strong>medium</strong></span> 
     </span>
    </p>
   </div>
   <div class='ocr_carea' id='block_1_5' title="bbox 307 1310 856 1398">
    <p class='ocr_par' dir='ltr' id='par_1_5' title="bbox 307 1310 856 1398">
     <span class='ocr_line' id='line_1_9' title="bbox 307 1310 856 1398; baseline -0.007 -19"><span class='ocrx_word' id='word_1_48' title='bbox 307 1315 373 1379; x_wconf 93' lang='lat' dir='ltr'><strong>huc</strong></span> <span class='ocrx_word' id='word_1_49' title='bbox 388 1334 504 1398; x_wconf 83' lang='lat' dir='ltr'><strong>agmen</strong></span> <span class='ocrx_word' id='word_1_50' title='bbox 518 1334 591 1377; x_wconf 89' lang='lat' dir='ltr'><strong>cum</strong></span> <span class='ocrx_word' id='word_1_51' title='bbox 604 1312 700 1388; x_wconf 84' lang='lat' dir='ltr'><strong>vecti,</strong></span> <span class='ocrx_word' id='word_1_52' title='bbox 717 1310 856 1375; x_wconf 83' lang='lat' dir='ltr'><strong>Donax:</strong></span> 
     </span>
    </p>
   </div>
   <div class='ocr_carea' id='block_1_6' title="bbox 200 1484 1367 1809">
    <p class='ocr_par' dir='ltr' id='par_1_6' title="bbox 200 1484 1367 1809">
     <span class='ocr_line' id='line_1_10' title="bbox 236 1484 1365 1551; baseline -0.002 -12"><span class='ocrx_word' id='word_1_53' title='bbox 236 1492 257 1539; x_wconf 93' lang='lat' dir='ltr'><strong>l.</strong></span> <span class='ocrx_word' id='word_1_54' title='bbox 275 1484 607 1551; x_wconf 77' lang='lat' dir='ltr'><strong>Hancinesgocmstumeltam]</strong></span> <span class='ocrx_word' id='word_1_55' title='bbox 621 1484 765 1534; x_wconf 83' lang='lat' dir='ltr'><strong>Hicrursus</strong></span> <span class='ocrx_word' id='word_1_56' title='bbox 797 1484 928 1533; x_wconf 82' lang='lat' dir='ltr'><strong>adversari.</strong></span> <span class='ocrx_word' id='word_1_57' title='bbox 962 1484 1049 1533; x_wconf 84' lang='lat' dir='ltr'><strong>Horat.</strong></span> <span class='ocrx_word' id='word_1_58' title='bbox 1068 1486 1118 1534; x_wconf 77' lang='lat' dir='ltr'><strong>Sat.</strong></span> <span class='ocrx_word' id='word_1_59' title='bbox 1133 1485 1193 1534; x_wconf 75' lang='lat' dir='ltr'><strong>itt.</strong></span> <span class='ocrx_word' id='word_1_60' title='bbox 1207 1486 1245 1535; x_wconf 85' lang='grc'><strong>18.</strong></span> <span class='ocrx_word' id='word_1_61' title='bbox 1283 1488 1317 1536; x_wconf 79' lang='lat' dir='ltr'><strong>Ut</strong></span> <span class='ocrx_word' id='word_1_62' title='bbox 1332 1504 1365 1537; x_wconf 84' lang='lat' dir='ltr'><strong>sse</strong></span> 
     </span>
     <span class='ocr_line' id='line_1_11' title="bbox 200 1550 1365 1620; baseline -0.002 -16"><span class='ocrx_word' id='word_1_63' title='bbox 200 1554 280 1620; x_wconf 83' lang='lat' dir='ltr'><strong>inepti</strong></span> <span class='ocrx_word' id='word_1_64' title='bbox 292 1554 386 1603; x_wconf 77' lang='lat' dir='ltr'><strong>vanitas</strong></span> <span class='ocrx_word' id='word_1_65' title='bbox 402 1551 488 1600; x_wconf 90' lang='lat' dir='ltr'><strong>militis</strong></span> <span class='ocrx_word' id='word_1_66' title='bbox 498 1552 685 1607; x_wconf 85' lang='lat' dir='ltr'><strong>demonstratur,</strong></span> <span class='ocrx_word' id='word_1_67' title='bbox 695 1551 727 1598; x_wconf 87' lang='lat' dir='ltr'><strong>ad</strong></span> <span class='ocrx_word' id='word_1_68' title='bbox 737 1564 764 1597; x_wconf 90' lang='lat' dir='ltr'><strong>a·</strong></span> <span class='ocrx_word' id='word_1_69' title='bbox 797 1558 873 1612; x_wconf 77' lang='lat' dir='ltr'><strong>tegam</strong></span> <span class='ocrx_word' id='word_1_70' title='bbox 889 1552 975 1611; x_wconf 75' lang='lat' dir='ltr'><strong>Sparco</strong></span> <span class='ocrx_word' id='word_1_71' title='bbox 992 1552 1074 1598; x_wconf 74' lang='lat' dir='ltr'><strong>Dm</strong></span> <span class='ocrx_word' id='word_1_72' title='bbox 1085 1553 1165 1599; x_wconf 79' lang='lat' dir='ltr'><strong>lotas?</strong></span> <span class='ocrx_word' id='word_1_73' title='bbox 1192 1550 1318 1601; x_wconf 80' lang='lat' dir='ltr'><strong>Homerus</strong></span> <span class='ocrx_word' id='word_1_74' title='bbox 1329 1552 1365 1603; x_wconf 91' lang='lat' dir='ltr'><strong>ad</strong></span> 
     </span>
     <span class='ocr_line' id='line_1_12' title="bbox 200 1613 1367 1681; baseline -0.003 -13"><span class='ocrx_word' id='word_1_75' title='bbox 200 1620 290 1669; x_wconf 86' lang='lat' dir='ltr'><strong>micam</strong></span> <span class='ocrx_word' id='word_1_76' title='bbox 310 1628 425 1681; x_wconf 84' lang='lat' dir='ltr'><strong>tanquam</strong></span> <span class='ocrx_word' id='word_1_77' title='bbox 442 1616 474 1665; x_wconf 92' lang='lat' dir='ltr'><strong>ad</strong></span> <span class='ocrx_word' id='word_1_78' title='bbox 495 1614 609 1664; x_wconf 84' lang='lat' dir='ltr'><strong>hostilem</strong></span> <span class='ocrx_word' id='word_1_79' title='bbox 629 1613 765 1663; x_wconf 81' lang='lat' dir='ltr'><strong>exercitum</strong></span> <span class='ocrx_word' id='word_1_80' title='bbox 796 1614 860 1663; x_wconf 85' lang='lat' dir='ltr'><strong>hanc</strong></span> <span class='ocrx_word' id='word_1_81' title='bbox 875 1629 929 1662; x_wconf 86' lang='lat' dir='ltr'><strong>rem</strong></span> <span class='ocrx_word' id='word_1_82' title='bbox 944 1613 1138 1677; x_wconf 75' lang='lat' dir='ltr'><strong>significandam,</strong></span> <span class='ocrx_word' id='word_1_83' title='bbox 1153 1614 1204 1664; x_wconf 78' lang='lat' dir='ltr'><strong>iere</strong></span> <span class='ocrx_word' id='word_1_84' title='bbox 1221 1616 1300 1665; x_wconf 83' lang='lat' dir='ltr'><strong>utitm</strong></span> <span class='ocrx_word' id='word_1_85' title='bbox 1317 1616 1367 1665; x_wconf 85' lang='lat' dir='ltr'><strong>illo</strong></span> 
     </span>
     <span class='ocr_line' id='line_1_13' title="bbox 201 1678 1365 1809; baseline -0.001 -13"><span class='ocrx_word' id='word_1_86' title='bbox 201 1678 764 1806; x_wconf 54' lang='lat' dir='ltr'><strong>t‘tttt’tttthtttt‘tttffi</strong></span> <span class='ocrx_word' id='word_1_87' title='bbox 796 1678 1365 1809; x_wconf 52' lang='lat' dir='ltr'><strong>&#39;‘i“ffllhffl&#39;liiirffl&#39;ffl</strong></span> 
     </span>
     <span class='ocr_line' id='line_1_14' title="bbox 201 1763 594 1797; baseline -0.015 0"><span class='ocrx_word' id='word_1_88' title='bbox 201 1763 242 1797; x_wconf 86' lang='lat' dir='ltr'><strong>mc</strong></span> <span class='ocrx_word' id='word_1_89' title='bbox 343 1764 357 1795; x_wconf 82' lang='lat' dir='ltr'><strong>a</strong></span> <span class='ocrx_word' id='word_1_90' title='bbox 588 1778 594 1791; x_wconf 91' lang='lat'><strong>.</strong></span> 
     </span>
    </p>
   </div>
   <div class='ocr_carea' id='block_1_7' title="bbox 199 1806 1368 4523">
    <p class='ocr_par' dir='ltr' id='par_1_7' title="bbox 199 1806 1368 4523">
     <span class='ocr_line' id='line_1_15' title="bbox 202 1806 1366 1873; baseline -0.002 -12"><span class='ocrx_word' id='word_1_91' title='bbox 202 1820 228 1861; x_wconf 83' lang='lat' dir='ltr'><strong>et</strong></span> <span class='ocrx_word' id='word_1_92' title='bbox 242 1811 280 1860; x_wconf 84' lang='lat' dir='ltr'><strong>ed.</strong></span> <span class='ocrx_word' id='word_1_93' title='bbox 299 1812 342 1860; x_wconf 91' lang='lat' dir='ltr'><strong>Du</strong></span> <span class='ocrx_word' id='word_1_94' title='bbox 358 1810 388 1857; x_wconf 95' lang='grc' dir='ltr'><strong>Β.</strong></span> <span class='ocrx_word' id='word_1_95' title='bbox 418 1809 503 1857; x_wconf 83' lang='lat' dir='ltr'><strong>Recte.</strong></span> <span class='ocrx_word' id='word_1_96' title='bbox 537 1808 602 1857; x_wconf 87' lang='lat' dir='ltr'><strong>Nam</strong></span> <span class='ocrx_word' id='word_1_97' title='bbox 618 1808 654 1856; x_wconf 87' lang='lat' dir='ltr'><strong>ita</strong></span> <span class='ocrx_word' id='word_1_98' title='bbox 666 1817 766 1857; x_wconf 84' lang='lat' dir='ltr'><strong>notatus</strong></span> <span class='ocrx_word' id='word_1_99' title='bbox 797 1806 847 1855; x_wconf 86' lang='lat' dir='ltr'><strong>tio:</strong></span> <span class='ocrx_word' id='word_1_100' title='bbox 865 1817 981 1871; x_wconf 85' lang='lat' dir='ltr'><strong>tanquam</strong></span> <span class='ocrx_word' id='word_1_101' title='bbox 990 1808 1107 1857; x_wconf 80' lang='lat' dir='ltr'><strong>adsersus</strong></span> <span class='ocrx_word' id='word_1_102' title='bbox 1119 1810 1271 1859; x_wconf 85' lang='lat' dir='ltr'><strong>meretricem</strong></span> <span class='ocrx_word' id='word_1_103' title='bbox 1276 1808 1366 1873; x_wconf 65' lang='lat' dir='ltr'><strong>jurgia</strong></span> 
     </span>
     <span class='ocr_line' id='line_1_16' title="bbox 201 1870 1364 1937; baseline -0.001 -12"><span class='ocrx_word' id='word_1_104' title='bbox 201 1875 287 1926; x_wconf 84' lang='lat' dir='ltr'><strong>militis</strong></span> <span class='ocrx_word' id='word_1_105' title='bbox 295 1872 562 1937; x_wconf 81' lang='lat' dir='ltr'><strong>corpusauccussantis,</strong></span> <span class='ocrx_word' id='word_1_106' title='bbox 571 1880 597 1920; x_wconf 88' lang='lat' dir='ltr'><strong>et</strong></span> <span class='ocrx_word' id='word_1_107' title='bbox 604 1870 707 1921; x_wconf 81' lang='lat' dir='ltr'><strong>ridicule</strong></span> <span class='ocrx_word' id='word_1_108' title='bbox 716 1872 764 1921; x_wconf 82' lang='lat' dir='ltr'><strong>ias-</strong></span> <span class='ocrx_word' id='word_1_109' title='bbox 797 1886 922 1934; x_wconf 85' lang='lat' dir='ltr'><strong>nuuquam</strong></span> <span class='ocrx_word' id='word_1_110' title='bbox 933 1872 1027 1921; x_wconf 79' lang='lat' dir='ltr'><strong>Thraso</strong></span> <span class='ocrx_word' id='word_1_111' title='bbox 1037 1888 1134 1923; x_wconf 85' lang='lat' dir='ltr'><strong>sumere</strong></span> <span class='ocrx_word' id='word_1_112' title='bbox 1144 1888 1218 1923; x_wconf 86' lang='lat' dir='ltr'><strong>ausus</strong></span> <span class='ocrx_word' id='word_1_113' title='bbox 1229 1883 1303 1933; x_wconf 83' lang='lat' dir='ltr'><strong>esset,</strong></span> <span class='ocrx_word' id='word_1_114' title='bbox 1313 1874 1364 1924; x_wconf 87' lang='lat' dir='ltr'><strong>nisi</strong></span> 
     </span>
     <span class='ocr_line' id='line_1_17' title="bbox 201 1936 1365 2001; baseline 0 -11"><span class='ocrx_word' id='word_1_115' title='bbox 201 1940 274 1998; x_wconf 86' lang='lat' dir='ltr'><strong>tuosi,</strong></span> <span class='ocrx_word' id='word_1_116' title='bbox 287 1949 313 1987; x_wconf 85' lang='lat' dir='ltr'><strong>et</strong></span> <span class='ocrx_word' id='word_1_117' title='bbox 329 1936 461 1987; x_wconf 82' lang='lat' dir='ltr'><strong>truculenti</strong></span> <span class='ocrx_word' id='word_1_118' title='bbox 477 1936 609 2000; x_wconf 71' lang='lat' dir='ltr'><strong>ingressus.</strong></span> <span class='ocrx_word' id='word_1_119' title='bbox 643 1937 682 1985; x_wconf 86' lang='lat' dir='ltr'><strong>De</strong></span> <span class='ocrx_word' id='word_1_120' title='bbox 699 1938 765 1999; x_wconf 85' lang='lat' dir='ltr'><strong>ejus·</strong></span> <span class='ocrx_word' id='word_1_121' title='bbox 797 1947 876 1985; x_wconf 86' lang='lat' dir='ltr'><strong>morte</strong></span> <span class='ocrx_word' id='word_1_122' title='bbox 887 1936 1018 2001; x_wconf 86' lang='lat' dir='ltr'><strong>proposita.</strong></span> <span class='ocrx_word' id='word_1_123' title='bbox 1047 1938 1116 2001; x_wconf 72' lang='lat' dir='ltr'><strong>Ergo</strong></span> <span class='ocrx_word' id='word_1_124' title='bbox 1126 1938 1194 1986; x_wconf 85' lang='lat' dir='ltr'><strong>velut</strong></span> <span class='ocrx_word' id='word_1_125' title='bbox 1204 1937 1290 1989; x_wconf 87' lang='lat' dir='ltr'><strong>mortis</strong></span> <span class='ocrx_word' id='word_1_126' title='bbox 1301 1954 1365 1989; x_wconf 86' lang='lat' dir='ltr'><strong>oon·</strong></span> 
     </span>
     <span class='ocr_line' id='line_1_18' title="bbox 201 2000 1366 2068; baseline 0 -15"><span class='ocrx_word' id='word_1_127' title='bbox 201 2004 268 2053; x_wconf 88' lang='lat' dir='ltr'><strong>modi</strong></span> <span class='ocrx_word' id='word_1_128' title='bbox 280 2017 375 2068; x_wconf 84' lang='lat' dir='ltr'><strong>quoque</strong></span> <span class='ocrx_word' id='word_1_129' title='bbox 386 2000 465 2051; x_wconf 89' lang='lat' dir='ltr'><strong>milite</strong></span> <span class='ocrx_word' id='word_1_130' title='bbox 474 2001 554 2049; x_wconf 86' lang='lat' dir='ltr'><strong>Plaut.</strong></span> <span class='ocrx_word' id='word_1_131' title='bbox 567 2000 640 2065; x_wconf 82' lang='lat' dir='ltr'><strong>Epid.</strong></span> <span class='ocrx_word' id='word_1_132' title='bbox 650 2000 685 2049; x_wconf 91' lang='lat' dir='ltr'><strong>iii.</strong></span> <span class='ocrx_word' id='word_1_133' title='bbox 693 2003 717 2049; x_wconf 79' lang='lat'><strong>8.</strong></span> <span class='ocrx_word' id='word_1_134' title='bbox 724 2003 764 2051; x_wconf 73' lang='lat'><strong>54.</strong></span> <span class='ocrx_word' id='word_1_135' title='bbox 798 2010 875 2049; x_wconf 87' lang='lat' dir='ltr'><strong>temtn</strong></span> <span class='ocrx_word' id='word_1_136' title='bbox 885 2016 949 2065; x_wconf 87' lang='lat' dir='ltr'><strong>opus</strong></span> <span class='ocrx_word' id='word_1_137' title='bbox 960 2000 1040 2050; x_wconf 85' lang='lat' dir='ltr'><strong>estad</strong></span> <span class='ocrx_word' id='word_1_138' title='bbox 1050 2002 1100 2051; x_wconf 86' lang='lat' dir='ltr'><strong>tale</strong></span> <span class='ocrx_word' id='word_1_139' title='bbox 1107 2002 1227 2067; x_wconf 71' lang='lat' dir='ltr'><strong>pralium.</strong></span> <span class='ocrx_word' id='word_1_140' title='bbox 1253 2006 1317 2053; x_wconf 69' lang='lat' dir='ltr'><strong>Nost</strong></span> <span class='ocrx_word' id='word_1_141' title='bbox 1327 2021 1366 2053; x_wconf 84' lang='lat' dir='ltr'><strong>aaa</strong></span> 
     </span>
     <span class='ocr_line' id='line_1_19' title="bbox 202 2065 1366 2130; baseline 0.002 -13"><span class='ocrx_word' id='word_1_142' title='bbox 202 2071 249 2117; x_wconf 83' lang='lat' dir='ltr'><strong>Sed</strong></span> <span class='ocrx_word' id='word_1_143' title='bbox 267 2071 305 2117; x_wconf 78' lang='lat' dir='ltr'><strong>hic</strong></span> <span class='ocrx_word' id='word_1_144' title='bbox 326 2070 377 2130; x_wconf 79' lang='lat' dir='ltr'><strong>qais</strong></span> <span class='ocrx_word' id='word_1_145' title='bbox 395 2075 438 2125; x_wconf 80' lang='lat' dir='ltr'><strong>est,</strong></span> <span class='ocrx_word' id='word_1_146' title='bbox 458 2082 524 2129; x_wconf 76' lang='lat' dir='ltr'><strong>queas</strong></span> <span class='ocrx_word' id='word_1_147' title='bbox 545 2069 589 2115; x_wconf 77' lang='lat' dir='ltr'><strong>hac</strong></span> <span class='ocrx_word' id='word_1_148' title='bbox 610 2068 766 2115; x_wconf 62' lang='lat' dir='ltr'><strong>menone·</strong></span> <span class='ocrx_word' id='word_1_149' title='bbox 797 2070 871 2114; x_wconf 77' lang='lat' dir='ltr'><strong>estias</strong></span> <span class='ocrx_word' id='word_1_150' title='bbox 881 2065 930 2129; x_wconf 84' lang='lat' dir='ltr'><strong>eat]</strong></span> <span class='ocrx_word' id='word_1_151' title='bbox 942 2066 1069 2129; x_wconf 82' lang='lat' dir='ltr'><strong>Tanquam</strong></span> <span class='ocrx_word' id='word_1_152' title='bbox 1079 2066 1152 2115; x_wconf 85' lang='lat' dir='ltr'><strong>aliter</strong></span> <span class='ocrx_word' id='word_1_153' title='bbox 1161 2067 1234 2117; x_wconf 87' lang='lat' dir='ltr'><strong>miles</strong></span> <span class='ocrx_word' id='word_1_154' title='bbox 1244 2068 1366 2119; x_wconf 72' lang='lat' dir='ltr'><strong>somna</strong></span> 
     </span>
     <span class='ocr_line' id='line_1_20' title="bbox 201 2129 1366 2195; baseline 0 -14"><span class='ocrx_word' id='word_1_155' title='bbox 201 2137 323 2195; x_wconf 71' lang='lat' dir='ltr'><strong>comptem,</strong></span> <span class='ocrx_word' id='word_1_156' title='bbox 335 2135 405 2181; x_wconf 78' lang='lat' dir='ltr'><strong>Suom</strong></span> <span class='ocrx_word' id='word_1_157' title='bbox 416 2135 456 2195; x_wconf 80' lang='lat' dir='ltr'><strong>qai</strong></span> <span class='ocrx_word' id='word_1_158' title='bbox 467 2130 600 2179; x_wconf 85' lang='lat' dir='ltr'><strong>undantem</strong></span> <span class='ocrx_word' id='word_1_159' title='bbox 611 2130 690 2179; x_wconf 87' lang='lat' dir='ltr'><strong>chlsm</strong></span> <span class='ocrx_word' id='word_1_160' title='bbox 708 2130 765 2179; x_wconf 87' lang='lat' dir='ltr'><strong>dem</strong></span> <span class='ocrx_word' id='word_1_161' title='bbox 797 2129 925 2179; x_wconf 83' lang='lat' dir='ltr'><strong>mulierem</strong></span> <span class='ocrx_word' id='word_1_162' title='bbox 937 2130 1027 2179; x_wconf 89' lang='lat' dir='ltr'><strong>audere</strong></span> <span class='ocrx_word' id='word_1_163' title='bbox 1038 2146 1087 2179; x_wconf 88' lang='lat' dir='ltr'><strong>non</strong></span> <span class='ocrx_word' id='word_1_164' title='bbox 1100 2141 1191 2195; x_wconf 81' lang='lat' dir='ltr'><strong>posset,</strong></span> <span class='ocrx_word' id='word_1_165' title='bbox 1203 2132 1242 2181; x_wconf 85' lang='lat' dir='ltr'><strong>vel</strong></span> <span class='ocrx_word' id='word_1_166' title='bbox 1252 2132 1312 2195; x_wconf 85' lang='lat' dir='ltr'><strong>quia</strong></span> <span class='ocrx_word' id='word_1_167' title='bbox 1322 2134 1366 2181; x_wconf 91' lang='lat' dir='ltr'><strong>ui·</strong></span> 
     </span>
     <span class='ocr_line' id='line_1_21' title="bbox 200 2146 1366 2261; baseline 0 -14"><span class='ocrx_word' id='word_1_168' title='bbox 200 2200 328 2261; x_wconf 62' lang='lat' dir='ltr'><strong>amando</strong></span> <span class='ocrx_word' id='word_1_169' title='bbox 343 2194 439 2259; x_wconf 76' lang='lat' dir='ltr'><strong>faciti)</strong></span> <span class='ocrx_word' id='word_1_170' title='bbox 466 2194 601 2259; x_wconf 81' lang='lat' dir='ltr'><strong>chlamyde,</strong></span> <span class='ocrx_word' id='word_1_171' title='bbox 624 2146 714 2259; x_wconf 74' lang='lat' dir='ltr'><strong>trepisli</strong></span> <span class='ocrx_word' id='word_1_172' title='bbox 740 2204 767 2244; x_wconf 88' lang='lat' dir='ltr'><strong>et</strong></span> <span class='ocrx_word' id='word_1_173' title='bbox 796 2193 832 2242; x_wconf 92' lang='lat' dir='ltr'><strong>hil</strong></span> <span class='ocrx_word' id='word_1_174' title='bbox 853 2195 933 2258; x_wconf 72' lang='lat' dir='ltr'><strong>(Lege</strong></span> <span class='ocrx_word' id='word_1_175' title='bbox 952 2194 999 2243; x_wconf 73' lang='lat' dir='ltr'><strong>dash</strong></span> <span class='ocrx_word' id='word_1_176' title='bbox 1014 2196 1101 2253; x_wconf 71' lang='lat' dir='ltr'><strong>amsi,</strong></span> <span class='ocrx_word' id='word_1_177' title='bbox 1118 2210 1189 2245; x_wconf 82' lang='lat' dir='ltr'><strong>rsoar</strong></span> <span class='ocrx_word' id='word_1_178' title='bbox 1206 2210 1246 2245; x_wconf 81' lang='lat' dir='ltr'><strong>sn</strong></span> <span class='ocrx_word' id='word_1_179' title='bbox 1263 2210 1366 2247; x_wconf 86' lang='lat' dir='ltr'><strong>aarrus</strong></span> 
     </span>
     <span class='ocr_line' id='line_1_22' title="bbox 200 2260 1365 2327; baseline 0 -16"><span class='ocrx_word' id='word_1_180' title='bbox 200 2261 333 2327; x_wconf 82' lang='lat' dir='ltr'><strong>quatientis</strong></span> <span class='ocrx_word' id='word_1_181' title='bbox 343 2269 424 2325; x_wconf 86' lang='lat' dir='ltr'><strong>caput.</strong></span> <span class='ocrx_word' id='word_1_182' title='bbox 457 2260 640 2309; x_wconf 79' lang='lat' dir='ltr'><strong>Ethaecverha</strong></span> <span class='ocrx_word' id='word_1_183' title='bbox 650 2260 765 2322; x_wconf 83' lang='lat' dir='ltr'><strong>proher-</strong></span> <span class='ocrx_word' id='word_1_184' title='bbox 798 2272 855 2307; x_wconf 77' lang='lat' dir='ltr'><strong>aar.</strong></span> <span class='ocrx_word' id='word_1_185' title='bbox 892 2262 935 2308; x_wconf 76' lang='lat' dir='ltr'><strong>Vct</strong></span> <span class='ocrx_word' id='word_1_186' title='bbox 948 2263 1005 2323; x_wconf 61' lang='grc' dir='ltr'><strong>μὴ</strong></span> <span class='ocrx_word' id='word_1_187' title='bbox 1022 2260 1107 2321; x_wconf 72' lang='lat' dir='ltr'><strong>satta),</strong></span> <span class='ocrx_word' id='word_1_188' title='bbox 1123 2260 1163 2309; x_wconf 85' lang='lat' dir='ltr'><strong>vel</strong></span> <span class='ocrx_word' id='word_1_189' title='bbox 1182 2261 1240 2324; x_wconf 86' lang='lat' dir='ltr'><strong>quia</strong></span> <span class='ocrx_word' id='word_1_190' title='bbox 1258 2272 1365 2311; x_wconf 83' lang='lat' dir='ltr'><strong>amatas.</strong></span> 
     </span>
     <span class='ocr_line' id='line_1_23' title="bbox 201 2323 1366 2391; baseline 0.001 -16"><span class='ocrx_word' id='word_1_191' title='bbox 201 2336 255 2376; x_wconf 87' lang='lat' dir='ltr'><strong>tatu</strong></span> <span class='ocrx_word' id='word_1_192' title='bbox 270 2324 425 2391; x_wconf 84' lang='lat' dir='ltr'><strong>imperatoris</strong></span> <span class='ocrx_word' id='word_1_193' title='bbox 440 2323 583 2388; x_wconf 86' lang='lat' dir='ltr'><strong>accipienda</strong></span> <span class='ocrx_word' id='word_1_194' title='bbox 596 2333 668 2373; x_wconf 78' lang='lat' dir='ltr'><strong>sunts</strong></span> <span class='ocrx_word' id='word_1_195' title='bbox 687 2339 764 2386; x_wconf 82' lang='lat' dir='ltr'><strong>quan·</strong></span> <span class='ocrx_word' id='word_1_196' title='bbox 797 2325 902 2373; x_wconf 73' lang='lat' dir='ltr'><strong>Moriere</strong></span> <span class='ocrx_word' id='word_1_197' title='bbox 911 2323 1041 2387; x_wconf 78' lang='lat' dir='ltr'><strong>mtiaaest]</strong></span> <span class='ocrx_word' id='word_1_198' title='bbox 1053 2325 1130 2379; x_wconf 85' lang='lat' dir='ltr'><strong>Quasi</strong></span> <span class='ocrx_word' id='word_1_199' title='bbox 1139 2325 1182 2374; x_wconf 90' lang='lat' dir='ltr'><strong>ille</strong></span> <span class='ocrx_word' id='word_1_200' title='bbox 1192 2326 1239 2374; x_wconf 91' lang='lat' dir='ltr'><strong>sihi</strong></span> <span class='ocrx_word' id='word_1_201' title='bbox 1248 2325 1366 2376; x_wconf 79' lang='lat' dir='ltr'><strong>dicatvel</strong></span> 
     </span>
     <span class='ocr_line' id='line_1_24' title="bbox 201 2388 1366 2455; baseline 0.002 -15"><span class='ocrx_word' id='word_1_202' title='bbox 201 2390 331 2455; x_wconf 82' lang='lat' dir='ltr'><strong>doquidem</strong></span> <span class='ocrx_word' id='word_1_203' title='bbox 348 2390 429 2439; x_wconf 84' lang='lat' dir='ltr'><strong>omnia</strong></span> <span class='ocrx_word' id='word_1_204' title='bbox 444 2389 475 2437; x_wconf 87' lang='lat' dir='ltr'><strong>de</strong></span> <span class='ocrx_word' id='word_1_205' title='bbox 486 2388 597 2438; x_wconf 85' lang='lat' dir='ltr'><strong>exercitu</strong></span> <span class='ocrx_word' id='word_1_206' title='bbox 613 2388 765 2437; x_wconf 70' lang='lat' dir='ltr'><strong>munsterum·</strong></span> <span class='ocrx_word' id='word_1_207' title='bbox 796 2388 928 2437; x_wconf 88' lang='lat' dir='ltr'><strong>molestum</strong></span> <span class='ocrx_word' id='word_1_208' title='bbox 938 2404 992 2438; x_wconf 85' lang='lat' dir='ltr'><strong>asae</strong></span> <span class='ocrx_word' id='word_1_209' title='bbox 1002 2398 1134 2447; x_wconf 85' lang='lat' dir='ltr'><strong>certamen,</strong></span> <span class='ocrx_word' id='word_1_210' title='bbox 1145 2390 1185 2439; x_wconf 84' lang='lat' dir='ltr'><strong>rei</strong></span> <span class='ocrx_word' id='word_1_211' title='bbox 1196 2390 1300 2440; x_wconf 83' lang='lat' dir='ltr'><strong>amicam</strong></span> <span class='ocrx_word' id='word_1_212' title='bbox 1312 2407 1366 2442; x_wconf 85' lang='lat' dir='ltr'><strong>noea</strong></span> 
     </span>
     <span class='ocr_line' id='line_1_25' title="bbox 200 2452 1367 2518; baseline 0.003 -14"><span class='ocrx_word' id='word_1_213' title='bbox 200 2466 249 2505; x_wconf 86' lang='lat' dir='ltr'><strong>tur.</strong></span> <span class='ocrx_word' id='word_1_214' title='bbox 284 2457 446 2504; x_wconf 77' lang='lat' dir='ltr'><strong>Contumeliam</strong></span> <span class='ocrx_word' id='word_1_215' title='bbox 458 2468 516 2503; x_wconf 83' lang='lat' dir='ltr'><strong>vero</strong></span> <span class='ocrx_word' id='word_1_216' title='bbox 527 2452 633 2517; x_wconf 89' lang='lat' dir='ltr'><strong>proprie,</strong></span> <span class='ocrx_word' id='word_1_217' title='bbox 642 2461 668 2500; x_wconf 84' lang='lat' dir='ltr'><strong>et</strong></span> <span class='ocrx_word' id='word_1_218' title='bbox 679 2462 707 2501; x_wconf 90' lang='lat' dir='ltr'><strong>ut</strong></span> <span class='ocrx_word' id='word_1_219' title='bbox 716 2453 765 2501; x_wconf 91' lang='lat' dir='ltr'><strong>mi·</strong></span> <span class='ocrx_word' id='word_1_220' title='bbox 797 2468 852 2501; x_wconf 85' lang='lat' dir='ltr'><strong>ease</strong></span> <span class='ocrx_word' id='word_1_221' title='bbox 867 2452 1010 2502; x_wconf 79' lang='lat' dir='ltr'><strong>laedendam</strong></span> <span class='ocrx_word' id='word_1_222' title='bbox 1043 2454 1152 2518; x_wconf 63' lang='lat' dir='ltr'><strong>Mic]</strong></span> <span class='ocrx_word' id='word_1_223' title='bbox 1173 2455 1209 2504; x_wconf 80' lang='lat' dir='ltr'><strong>Et</strong></span> <span class='ocrx_word' id='word_1_224' title='bbox 1230 2455 1276 2517; x_wconf 77' lang='lat' dir='ltr'><strong>(Et</strong></span> <span class='ocrx_word' id='word_1_225' title='bbox 1292 2458 1367 2507; x_wconf 82' lang='lat' dir='ltr'><strong>abeat</strong></span> 
     </span>
     <span class='ocr_line' id='line_1_26' title="bbox 200 2517 1367 2585; baseline 0.001 -16"><span class='ocrx_word' id='word_1_226' title='bbox 200 2519 237 2568; x_wconf 86' lang='lat' dir='ltr'><strong>les</strong></span> <span class='ocrx_word' id='word_1_227' title='bbox 248 2518 448 2584; x_wconf 81' lang='lat' dir='ltr'><strong>(Contumeliam.</strong></span> <span class='ocrx_word' id='word_1_228' title='bbox 481 2520 586 2579; x_wconf 80' lang='lat' dir='ltr'><strong>Proprie,</strong></span> <span class='ocrx_word' id='word_1_229' title='bbox 598 2534 642 2565; x_wconf 74' lang='lat' dir='ltr'><strong>sm</strong></span> <span class='ocrx_word' id='word_1_230' title='bbox 652 2525 679 2565; x_wconf 84' lang='lat' dir='ltr'><strong>ut</strong></span> <span class='ocrx_word' id='word_1_231' title='bbox 691 2520 763 2576; x_wconf 70' lang='lat' dir='ltr'><strong>addes,</strong></span> <span class='ocrx_word' id='word_1_232' title='bbox 796 2518 828 2566; x_wconf 86' lang='lat' dir='ltr'><strong>ah</strong></span> <span class='ocrx_word' id='word_1_233' title='bbox 837 2517 893 2566; x_wconf 89' lang='lat' dir='ltr'><strong>edd.</strong></span> <span class='ocrx_word' id='word_1_234' title='bbox 905 2518 983 2578; x_wconf 81' lang='lat' dir='ltr'><strong>Vera.)</strong></span> <span class='ocrx_word' id='word_1_235' title='bbox 997 2519 1044 2567; x_wconf 87' lang='lat' dir='ltr'><strong>hoc</strong></span> <span class='ocrx_word' id='word_1_236' title='bbox 1057 2520 1179 2569; x_wconf 83' lang='lat' dir='ltr'><strong>concitate</strong></span> <span class='ocrx_word' id='word_1_237' title='bbox 1194 2521 1367 2585; x_wconf 84' lang='lat' dir='ltr'><strong>pronuncian-</strong></span> 
     </span>
     <span class='ocr_line' id='line_1_27' title="bbox 200 2581 1368 2647; baseline 0.003 -14"><span class='ocrx_word' id='word_1_238' title='bbox 200 2587 243 2633; x_wconf 81' lang='lat' dir='ltr'><strong>aed</strong></span> <span class='ocrx_word' id='word_1_239' title='bbox 258 2592 285 2633; x_wconf 76' lang='lat' dir='ltr'><strong>stt</strong></span> <span class='ocrx_word' id='word_1_240' title='bbox 302 2598 404 2647; x_wconf 77' lang='lat' dir='ltr'><strong>aequom.</strong></span> <span class='ocrx_word' id='word_1_241' title='bbox 439 2581 501 2631; x_wconf 86' lang='lat' dir='ltr'><strong>Edd.</strong></span> <span class='ocrx_word' id='word_1_242' title='bbox 519 2582 618 2630; x_wconf 85' lang='lat' dir='ltr'><strong>Venett.</strong></span> <span class='ocrx_word' id='word_1_243' title='bbox 634 2582 683 2631; x_wconf 72' lang='lat' dir='ltr'><strong>Ma.</strong></span> <span class='ocrx_word' id='word_1_244' title='bbox 697 2582 727 2630; x_wconf 87' lang='grc' dir='ltr'><strong>Β.</strong></span> <span class='ocrx_word' id='word_1_245' title='bbox 739 2589 766 2631; x_wconf 86' lang='lat' dir='ltr'><strong>st</strong></span> <span class='ocrx_word' id='word_1_246' title='bbox 796 2581 856 2631; x_wconf 87' lang='lat' dir='ltr'><strong>dum</strong></span> <span class='ocrx_word' id='word_1_247' title='bbox 871 2591 916 2631; x_wconf 86' lang='lat' dir='ltr'><strong>est.</strong></span> <span class='ocrx_word' id='word_1_248' title='bbox 949 2583 1089 2647; x_wconf 59' lang='lat' dir='ltr'><strong>Beqsidst]</strong></span> <span class='ocrx_word' id='word_1_249' title='bbox 1108 2584 1257 2646; x_wconf 79' lang='lat' dir='ltr'><strong>liujusrnodi</strong></span> <span class='ocrx_word' id='word_1_250' title='bbox 1272 2586 1368 2637; x_wconf 87' lang='lat' dir='ltr'><strong>militia</strong></span> 
     </span>
     <span class='ocr_line' id='line_1_28' title="bbox 201 2646 1365 2714; baseline 0.003 -17"><span class='ocrx_word' id='word_1_251' title='bbox 201 2648 240 2697; x_wconf 83' lang='lat' dir='ltr'><strong>ed</strong></span> <span class='ocrx_word' id='word_1_252' title='bbox 259 2648 301 2699; x_wconf 87' lang='lat' dir='ltr'><strong>Du</strong></span> <span class='ocrx_word' id='word_1_253' title='bbox 319 2647 348 2697; x_wconf 87' lang='grc' dir='ltr'><strong>Β.</strong></span> <span class='ocrx_word' id='word_1_254' title='bbox 374 2646 472 2707; x_wconf 81' lang='lat' dir='ltr'><strong>Recte).</strong></span> <span class='ocrx_word' id='word_1_255' title='bbox 506 2646 644 2705; x_wconf 83' lang='lat' dir='ltr'><strong>Sallustius,</strong></span> <span class='ocrx_word' id='word_1_256' title='bbox 663 2649 766 2709; x_wconf 78' lang='lat' dir='ltr'><strong>Neque</strong></span> <span class='ocrx_word' id='word_1_257' title='bbox 796 2646 985 2709; x_wconf 71' lang='lat' dir='ltr'><strong>permultum</strong></span> <span class='ocrx_word' id='word_1_258' title='bbox 994 2658 1098 2713; x_wconf 59' lang='lat' dir='ltr'><strong>“pente</strong></span> <span class='ocrx_word' id='word_1_259' title='bbox 1111 2649 1365 2714; x_wconf 66' lang='lat' dir='ltr'><strong>macipitueesdiei-</strong></span> 
     </span>
     <span class='ocr_line' id='line_1_29' title="bbox 201 2712 1365 2777; baseline 0.001 -15"><span class='ocrx_word' id='word_1_260' title='bbox 201 2716 343 2770; x_wconf 74' lang='lat' dir='ltr'><strong>matanatis,</strong></span> <span class='ocrx_word' id='word_1_261' title='bbox 364 2719 408 2761; x_wconf 84' lang='lat' dir='ltr'><strong>stc.</strong></span> <span class='ocrx_word' id='word_1_262' title='bbox 443 2714 606 2760; x_wconf 72' lang='lat' dir='ltr'><strong>contumetiam</strong></span> <span class='ocrx_word' id='word_1_263' title='bbox 627 2718 675 2759; x_wconf 73' lang='lat' dir='ltr'><strong>tata</strong></span> <span class='ocrx_word' id='word_1_264' title='bbox 690 2714 765 2775; x_wconf 56' lang='grc' dir='ltr'><strong>Βιαζ-</strong></span> <span class='ocrx_word' id='word_1_265' title='bbox 797 2720 838 2759; x_wconf 87' lang='lat' dir='ltr'><strong>tur</strong></span> <span class='ocrx_word' id='word_1_266' title='bbox 853 2713 978 2761; x_wconf 75' lang='lat' dir='ltr'><strong>Emotis:</strong></span> <span class='ocrx_word' id='word_1_267' title='bbox 1005 2712 1047 2761; x_wconf 88' lang='lat' dir='ltr'><strong>ubi</strong></span> <span class='ocrx_word' id='word_1_268' title='bbox 1065 2712 1118 2762; x_wconf 87' lang='lat' dir='ltr'><strong>dux</strong></span> <span class='ocrx_word' id='word_1_269' title='bbox 1135 2713 1267 2777; x_wconf 82' lang='lat' dir='ltr'><strong>alloquitur</strong></span> <span class='ocrx_word' id='word_1_270' title='bbox 1285 2714 1365 2774; x_wconf 65' lang='lat' dir='ltr'><strong>cirea</strong></span> 
     </span>
     <span class='ocr_line' id='line_1_30' title="bbox 201 2774 1353 2839; baseline 0.002 -12"><span class='ocrx_word' id='word_1_271' title='bbox 201 2774 569 2839; x_wconf 60' lang='lat' dir='ltr'><strong>momsaedptauflmttor]</strong></span> <span class='ocrx_word' id='word_1_272' title='bbox 579 2776 764 2839; x_wconf 79' lang='lat' dir='ltr'><strong>Apparetha·</strong></span> <span class='ocrx_word' id='word_1_273' title='bbox 799 2778 902 2827; x_wconf 71' lang='lat' dir='ltr'><strong>datm</strong></span> <span class='ocrx_word' id='word_1_274' title='bbox 912 2779 1029 2838; x_wconf 67' lang='lat' dir='ltr'><strong>peditem</strong></span> <span class='ocrx_word' id='word_1_275' title='bbox 1041 2780 1129 2827; x_wconf 68' lang='lat' dir='ltr'><strong>ubam</strong></span> <span class='ocrx_word' id='word_1_276' title='bbox 1142 2782 1220 2836; x_wconf 66' lang='lat' dir='ltr'><strong>nuta,</strong></span> <span class='ocrx_word' id='word_1_277' title='bbox 1233 2796 1268 2829; x_wconf 83' lang='lat' dir='ltr'><strong>ssa</strong></span> <span class='ocrx_word' id='word_1_278' title='bbox 1345 2784 1353 2797; x_wconf 82' lang='lat'>&#39;</span> 
     </span>
     <span class='ocr_line' id='line_1_31' title="bbox 201 2840 1365 2904; baseline 0.002 -13"><span class='ocrx_word' id='word_1_279' title='bbox 201 2840 302 2891; x_wconf 88' lang='lat' dir='ltr'><strong>thonem</strong></span> <span class='ocrx_word' id='word_1_280' title='bbox 313 2851 339 2889; x_wconf 87' lang='lat' dir='ltr'><strong>et</strong></span> <span class='ocrx_word' id='word_1_281' title='bbox 354 2842 534 2889; x_wconf 81' lang='lat' dir='ltr'><strong>dehortatorem</strong></span> <span class='ocrx_word' id='word_1_282' title='bbox 550 2855 604 2889; x_wconf 84' lang='lat' dir='ltr'><strong>esse</strong></span> <span class='ocrx_word' id='word_1_283' title='bbox 616 2841 764 2899; x_wconf 84' lang='lat' dir='ltr'><strong>certaminis,</strong></span> <span class='ocrx_word' id='word_1_284' title='bbox 796 2842 860 2888; x_wconf 82' lang='lat' dir='ltr'><strong>ssias&#39;.</strong></span> <span class='ocrx_word' id='word_1_285' title='bbox 878 2840 1294 2904; x_wconf 69' lang='lat' dir='ltr'><strong>UudeVirgiliuasicaitAEnvii.</strong></span> <span class='ocrx_word' id='word_1_286' title='bbox 1340 2848 1365 2893; x_wconf 72' lang='grc' dir='ltr'><strong>δ.</strong></span> 
     </span>
     <span class='ocr_line' id='line_1_32' title="bbox 202 2904 1366 2971; baseline 0.003 -15"><span class='ocrx_word' id='word_1_287' title='bbox 202 2916 228 2957; x_wconf 86' lang='lat' dir='ltr'><strong>et</strong></span> <span class='ocrx_word' id='word_1_288' title='bbox 239 2906 270 2955; x_wconf 88' lang='lat' dir='ltr'><strong>ad</strong></span> <span class='ocrx_word' id='word_1_289' title='bbox 281 2905 369 2971; x_wconf 85' lang='lat' dir='ltr'><strong>pocula</strong></span> <span class='ocrx_word' id='word_1_290' title='bbox 379 2904 482 2954; x_wconf 86' lang='lat' dir='ltr'><strong>militem</strong></span> <span class='ocrx_word' id='word_1_291' title='bbox 491 2918 639 2969; x_wconf 82' lang='lat' dir='ltr'><strong>provocare:</strong></span> <span class='ocrx_word' id='word_1_292' title='bbox 657 2905 766 2954; x_wconf 81' lang='lat' dir='ltr'><strong>maxime</strong></span> <span class='ocrx_word' id='word_1_293' title='bbox 796 2908 967 2969; x_wconf 75' lang='lat' dir='ltr'><strong>-desnataqae</strong></span> <span class='ocrx_word' id='word_1_294' title='bbox 983 2909 1042 2955; x_wconf 79' lang='lat' dir='ltr'><strong>hetto</strong></span> <span class='ocrx_word' id='word_1_295' title='bbox 1055 2911 1157 2971; x_wconf 70' lang='lat' dir='ltr'><strong>Agendae</strong></span> <span class='ocrx_word' id='word_1_296' title='bbox 1173 2912 1198 2956; x_wconf 80' lang='lat' dir='ltr'><strong>ts</strong></span> <span class='ocrx_word' id='word_1_297' title='bbox 1213 2925 1280 2957; x_wconf 77' lang='lat' dir='ltr'><strong>aru</strong></span> <span class='ocrx_word' id='word_1_298' title='bbox 1297 2919 1366 2959; x_wconf 79' lang='lat' dir='ltr'><strong>assat</strong></span> 
     </span>
     <span class='ocr_line' id='line_1_33' title="bbox 202 2968 1364 3035; baseline 0 -13"><span class='ocrx_word' id='word_1_299' title='bbox 202 2987 258 3023; x_wconf 79' lang='lat' dir='ltr'><strong>oum</strong></span> <span class='ocrx_word' id='word_1_300' title='bbox 276 2970 359 3019; x_wconf 81' lang='lat' dir='ltr'><strong>videat</strong></span> <span class='ocrx_word' id='word_1_301' title='bbox 377 2969 527 3035; x_wconf 83' lang='lat' dir='ltr'><strong>persuasisse</strong></span> <span class='ocrx_word' id='word_1_302' title='bbox 544 2968 592 3019; x_wconf 87' lang='lat' dir='ltr'><strong>ista</strong></span> <span class='ocrx_word' id='word_1_303' title='bbox 608 2968 719 3027; x_wconf 88' lang='lat' dir='ltr'><strong>consilia,</strong></span> <span class='ocrx_word' id='word_1_304' title='bbox 737 2979 767 3018; x_wconf 87' lang='lat' dir='ltr'><strong>ut</strong></span> <span class='ocrx_word' id='word_1_305' title='bbox 796 2969 1018 3033; x_wconf 56' lang='lat' dir='ltr'><strong>ubtmsmsqaa</strong></span> <span class='ocrx_word' id='word_1_306' title='bbox 1029 2979 1150 3021; x_wconf 77' lang='lat' dir='ltr'><strong>retractat.</strong></span> <span class='ocrx_word' id='word_1_307' title='bbox 1178 2972 1237 3021; x_wconf 78' lang='lat' dir='ltr'><strong>AEu.</strong></span> <span class='ocrx_word' id='word_1_308' title='bbox 1250 2973 1293 3021; x_wconf 82' lang='lat' dir='ltr'><strong>rii.</strong></span> <span class='ocrx_word' id='word_1_309' title='bbox 1305 2975 1364 3023; x_wconf 73' lang='grc'><strong>614.</strong></span> 
     </span>
     <span class='ocr_line' id='line_1_34' title="bbox 199 3033 1364 3101; baseline 0.001 -15"><span class='ocrx_word' id='word_1_310' title='bbox 199 3034 380 3085; x_wconf 82' lang='lat' dir='ltr'><strong>hoccertameu</strong></span> <span class='ocrx_word' id='word_1_311' title='bbox 392 3044 537 3083; x_wconf 86' lang='lat' dir='ltr'><strong>moveretur.</strong></span> <span class='ocrx_word' id='word_1_312' title='bbox 573 3036 629 3083; x_wconf 75' lang='lat' dir='ltr'><strong>Tan</strong></span> <span class='ocrx_word' id='word_1_313' title='bbox 639 3033 765 3097; x_wconf 69' lang='lat' dir='ltr'><strong>insignem]</strong></span> <span class='ocrx_word' id='word_1_314' title='bbox 797 3036 923 3096; x_wconf 73' lang='lat' dir='ltr'><strong>Ipassssat</strong></span> <span class='ocrx_word' id='word_1_315' title='bbox 930 3052 1039 3098; x_wconf 67' lang='lat' dir='ltr'><strong>pagam</strong></span> <span class='ocrx_word' id='word_1_316' title='bbox 1055 3040 1364 3101; x_wconf 74' lang='lat' dir='ltr'><strong>saqas&#39;tartasseaetaraps-</strong></span> 
     </span>
     <span class='ocr_line' id='line_1_35' title="bbox 201 3098 1365 3165; baseline 0.003 -16"><span class='ocrx_word' id='word_1_317' title='bbox 201 3100 325 3164; x_wconf 73' lang='lat' dir='ltr'><strong>Insignem,</strong></span> <span class='ocrx_word' id='word_1_318' title='bbox 337 3110 366 3149; x_wconf 89' lang='lat' dir='ltr'><strong>ut</strong></span> <span class='ocrx_word' id='word_1_319' title='bbox 376 3098 446 3149; x_wconf 86' lang='lat' dir='ltr'><strong>miles</strong></span> <span class='ocrx_word' id='word_1_320' title='bbox 456 3098 526 3158; x_wconf 83' lang='lat' dir='ltr'><strong>dixit,</strong></span> <span class='ocrx_word' id='word_1_321' title='bbox 538 3098 596 3163; x_wconf 86' lang='lat' dir='ltr'><strong>quia</strong></span> <span class='ocrx_word' id='word_1_322' title='bbox 611 3102 714 3161; x_wconf 61' lang='lat' dir='ltr'><strong>helgoto</strong></span> <span class='ocrx_word' id='word_1_323' title='bbox 724 3114 764 3148; x_wconf 91' lang='lat' dir='ltr'><strong>ar·</strong></span> <span class='ocrx_word' id='word_1_324' title='bbox 798 3100 842 3147; x_wconf 80' lang='lat' dir='ltr'><strong>das.</strong></span> <span class='ocrx_word' id='word_1_325' title='bbox 867 3100 1035 3159; x_wconf 53' lang='lat' dir='ltr'><strong>Dedi-sito,</strong></span> <span class='ocrx_word' id='word_1_326' title='bbox 1046 3100 1144 3165; x_wconf 74' lang='lat' dir='ltr'><strong>Dassa]</strong></span> <span class='ocrx_word' id='word_1_327' title='bbox 1157 3102 1205 3151; x_wconf 76' lang='lat' dir='ltr'><strong>Ma</strong></span> <span class='ocrx_word' id='word_1_328' title='bbox 1220 3102 1252 3151; x_wconf 81' lang='grc' dir='ltr'><strong>Β.</strong></span> <span class='ocrx_word' id='word_1_329' title='bbox 1264 3112 1293 3151; x_wconf 88' lang='lat' dir='ltr'><strong>et</strong></span> <span class='ocrx_word' id='word_1_330' title='bbox 1303 3114 1365 3153; x_wconf 79' lang='lat' dir='ltr'><strong>retr.</strong></span> 
     </span>
     <span class='ocr_line' id='line_1_36' title="bbox 201 3162 1364 3230; baseline 0.004 -17"><span class='ocrx_word' id='word_1_331' title='bbox 201 3180 297 3213; x_wconf 87' lang='lat' dir='ltr'><strong>morum</strong></span> <span class='ocrx_word' id='word_1_332' title='bbox 312 3174 377 3215; x_wconf 83' lang='lat' dir='ltr'><strong>aunt</strong></span> <span class='ocrx_word' id='word_1_333' title='bbox 406 3164 601 3213; x_wconf 81' lang='lat' dir='ltr'><strong>D.-Hascisss</strong></span> <span class='ocrx_word' id='word_1_334' title='bbox 617 3162 643 3227; x_wconf 85' lang='lat' dir='ltr'><strong>a]</strong></span> <span class='ocrx_word' id='word_1_335' title='bbox 661 3163 763 3228; x_wconf 78' lang='lat' dir='ltr'><strong>Repeti·</strong></span> <span class='ocrx_word' id='word_1_336' title='bbox 796 3162 853 3211; x_wconf 87' lang='lat' dir='ltr'><strong>libb.</strong></span> <span class='ocrx_word' id='word_1_337' title='bbox 867 3167 965 3213; x_wconf 73' lang='lat' dir='ltr'><strong>Dorus.-</strong></span> <span class='ocrx_word' id='word_1_338' title='bbox 985 3174 1014 3213; x_wconf 89' lang='lat' dir='ltr'><strong>ut</strong></span> <span class='ocrx_word' id='word_1_339' title='bbox 1027 3174 1053 3213; x_wconf 89' lang='lat' dir='ltr'><strong>et</strong></span> <span class='ocrx_word' id='word_1_340' title='bbox 1062 3164 1089 3213; x_wconf 90' lang='lat' dir='ltr'><strong>in</strong></span> <span class='ocrx_word' id='word_1_341' title='bbox 1101 3166 1200 3230; x_wconf 87' lang='lat' dir='ltr'><strong>scriptis</strong></span> <span class='ocrx_word' id='word_1_342' title='bbox 1212 3182 1285 3217; x_wconf 78' lang='lat' dir='ltr'><strong>exem</strong></span> <span class='ocrx_word' id='word_1_343' title='bbox 1303 3168 1364 3217; x_wconf 89' lang='lat' dir='ltr'><strong>lari-</strong></span> 
     </span>
     <span class='ocr_line' id='line_1_37' title="bbox 201 3182 1364 3293; baseline 0.003 -14"><span class='ocrx_word' id='word_1_344' title='bbox 201 3239 279 3287; x_wconf 85' lang='lat' dir='ltr'><strong>turus,</strong></span> <span class='ocrx_word' id='word_1_345' title='bbox 291 3228 443 3286; x_wconf 84' lang='lat' dir='ltr'><strong>utdiximus.</strong></span> <span class='ocrx_word' id='word_1_346' title='bbox 456 3228 571 3293; x_wconf 88' lang='lat' dir='ltr'><strong>puellam,</strong></span> <span class='ocrx_word' id='word_1_347' title='bbox 582 3182 682 3277; x_wconf 65' lang='lat' dir='ltr'><strong>altenis</strong></span> <span class='ocrx_word' id='word_1_348' title='bbox 693 3228 765 3277; x_wconf 87' lang='lat' dir='ltr'><strong>miles</strong></span> <span class='ocrx_word' id='word_1_349' title='bbox 795 3229 842 3277; x_wconf 89' lang='lat' dir='ltr'><strong>bus</strong></span> <span class='ocrx_word' id='word_1_350' title='bbox 859 3229 975 3279; x_wconf 81' lang='lat' dir='ltr'><strong>Priscian.</strong></span> <span class='ocrx_word' id='word_1_351' title='bbox 993 3228 1035 3279; x_wconf 87' lang='lat' dir='ltr'><strong>lib.</strong></span> <span class='ocrx_word' id='word_1_352' title='bbox 1050 3229 1092 3279; x_wconf 83' lang='lat' dir='ltr'><strong>vii.</strong></span> <span class='ocrx_word' id='word_1_353' title='bbox 1103 3246 1128 3293; x_wconf 86' lang='lat' dir='ltr'><strong>p.</strong></span> <span class='ocrx_word' id='word_1_354' title='bbox 1141 3231 1197 3282; x_wconf 76' lang='grc'><strong>766.</strong></span> <span class='ocrx_word' id='word_1_355' title='bbox 1220 3183 1364 3282; x_wconf 54' lang='lat' dir='ltr'><strong>L-—ssenr-</strong></span> 
     </span>
     <span class='ocr_line' id='line_1_38' title="bbox 203 3292 1365 3369; baseline 0.003 -28"><span class='ocrx_word' id='word_1_356' title='bbox 203 3292 340 3369; x_wconf 67' lang='lat' dir='ltr'><strong>extemplo,</strong></span> <span class='ocrx_word' id='word_1_357' title='bbox 365 3292 400 3342; x_wconf 87' lang='lat' dir='ltr'><strong>sic</strong></span> <span class='ocrx_word' id='word_1_358' title='bbox 419 3293 485 3341; x_wconf 87' lang='lat' dir='ltr'><strong>enim</strong></span> <span class='ocrx_word' id='word_1_359' title='bbox 502 3308 577 3357; x_wconf 89' lang='lat' dir='ltr'><strong>supra</strong></span> <span class='ocrx_word' id='word_1_360' title='bbox 596 3292 670 3341; x_wconf 85' lang='lat' dir='ltr'><strong>etiam</strong></span> <span class='ocrx_word' id='word_1_361' title='bbox 688 3293 765 3343; x_wconf 84' lang='lat' dir='ltr'><strong>Thais</strong></span> <span class='ocrx_word' id='word_1_362' title='bbox 795 3292 859 3341; x_wconf 87' lang='lat' dir='ltr'><strong>leiua</strong></span> <span class='ocrx_word' id='word_1_363' title='bbox 870 3293 954 3353; x_wconf 87' lang='lat' dir='ltr'><strong>edidit,</strong></span> <span class='ocrx_word' id='word_1_364' title='bbox 964 3297 1066 3343; x_wconf 81' lang='lat' dir='ltr'><strong>satiu’st.</strong></span> <span class='ocrx_word' id='word_1_365' title='bbox 1084 3294 1113 3343; x_wconf 83' lang='grc' dir='ltr'><strong>Ζ.</strong></span> <span class='ocrx_word' id='word_1_366' title='bbox 1143 3296 1283 3345; x_wconf 79' lang='lat' dir='ltr'><strong>Menander</strong></span> <span class='ocrx_word' id='word_1_367' title='bbox 1297 3298 1365 3361; x_wconf 84' lang='lat' dir='ltr'><strong>apud</strong></span> 
     </span>
     <span class='ocr_line' id='line_1_39' title="bbox 202 3356 1366 3423; baseline 0.003 -17"><span class='ocrx_word' id='word_1_368' title='bbox 202 3358 258 3421; x_wconf 83' lang='lat' dir='ltr'><strong>ipsa</strong></span> <span class='ocrx_word' id='word_1_369' title='bbox 267 3358 379 3405; x_wconf 80' lang='lat' dir='ltr'><strong>dixerat:</strong></span> <span class='ocrx_word' id='word_1_370' title='bbox 396 3360 453 3406; x_wconf 77' lang='lat' dir='ltr'><strong>ostis</strong></span> <span class='ocrx_word' id='word_1_371' title='bbox 468 3374 493 3406; x_wconf 85' lang='lat' dir='ltr'><strong>aa</strong></span> <span class='ocrx_word' id='word_1_372' title='bbox 508 3360 572 3405; x_wconf 77' lang='lat' dir='ltr'><strong>titas·</strong></span> <span class='ocrx_word' id='word_1_373' title='bbox 583 3360 639 3405; x_wconf 80' lang='lat' dir='ltr'><strong>sas&#39;hi</strong></span> <span class='ocrx_word' id='word_1_374' title='bbox 649 3359 714 3415; x_wconf 81' lang='lat' dir='ltr'><strong>dors,</strong></span> <span class='ocrx_word' id='word_1_375' title='bbox 724 3374 764 3407; x_wconf 83' lang='lat' dir='ltr'><strong>sa-</strong></span> <span class='ocrx_word' id='word_1_376' title='bbox 796 3356 920 3407; x_wconf 71' lang='lat' dir='ltr'><strong>Stohoenm</strong></span> <span class='ocrx_word' id='word_1_377' title='bbox 936 3358 1017 3407; x_wconf 85' lang='lat' dir='ltr'><strong>simile</strong></span> <span class='ocrx_word' id='word_1_378' title='bbox 1027 3358 1087 3423; x_wconf 84' lang='lat' dir='ltr'><strong>quid</strong></span> <span class='ocrx_word' id='word_1_379' title='bbox 1100 3358 1176 3408; x_wconf 83' lang='lat' dir='ltr'><strong>dicit:</strong></span> <span class='ocrx_word' id='word_1_380' title='bbox 1197 3358 1305 3409; x_wconf 67' lang='lat' dir='ltr'><strong>‘arants</strong></span> <span class='ocrx_word' id='word_1_381' title='bbox 1316 3362 1366 3422; x_wconf 70' lang='grc' dir='ltr'><strong>’ρρ</strong></span> 
     </span>
     <span class='ocr_line' id='line_1_40' title="bbox 202 3420 1364 3485; baseline 0.004 -15"><span class='ocrx_word' id='word_1_382' title='bbox 202 3438 254 3471; x_wconf 79' lang='lat' dir='ltr'><strong>rasa</strong></span> <span class='ocrx_word' id='word_1_383' title='bbox 269 3424 295 3470; x_wconf 84' lang='lat' dir='ltr'><strong>id</strong></span> <span class='ocrx_word' id='word_1_384' title='bbox 308 3424 389 3479; x_wconf 75' lang='lat' dir='ltr'><strong>amri,</strong></span> <span class='ocrx_word' id='word_1_385' title='bbox 400 3437 429 3470; x_wconf 80' lang='lat' dir='ltr'><strong>aa</strong></span> <span class='ocrx_word' id='word_1_386' title='bbox 440 3424 480 3469; x_wconf 79' lang='lat' dir='ltr'><strong>ahi</strong></span> <span class='ocrx_word' id='word_1_387' title='bbox 490 3425 622 3483; x_wconf 61' lang='lat' dir='ltr'><strong>occeperim</strong></span> <span class='ocrx_word' id='word_1_388' title='bbox 633 3438 681 3469; x_wconf 83' lang='lat' dir='ltr'><strong>asse</strong></span> <span class='ocrx_word' id='word_1_389' title='bbox 691 3426 763 3471; x_wconf 77' lang='lat' dir='ltr'><strong>ralia·</strong></span> <span class='ocrx_word' id='word_1_390' title='bbox 796 3420 1364 3485; x_wconf 47' lang='lat' dir='ltr'><strong>dvfllrphhvslsswffirdhhesfiradmir.</strong></span> 
     </span>
     <span class='ocr_line' id='line_1_41' title="bbox 202 3484 836 3551; baseline 0 -18"><span class='ocrx_word' id='word_1_391' title='bbox 202 3502 277 3551; x_wconf 71' lang='lat' dir='ltr'><strong>quasa.</strong></span> <span class='ocrx_word' id='word_1_392' title='bbox 312 3485 346 3533; x_wconf 86' lang='lat' dir='ltr'><strong>Et</strong></span> <span class='ocrx_word' id='word_1_393' title='bbox 361 3484 409 3534; x_wconf 79' lang='lat' dir='ltr'><strong>alio</strong></span> <span class='ocrx_word' id='word_1_394' title='bbox 425 3485 574 3546; x_wconf 65' lang='lat' dir='ltr'><strong>locosfidem</strong></span> <span class='ocrx_word' id='word_1_395' title='bbox 589 3488 766 3543; x_wconf 56' lang='lat' dir='ltr'><strong>tutemse&#39;rt</strong></span> <span class='ocrx_word' id='word_1_396' title='bbox 797 3486 836 3534; x_wconf 85' lang='lat' dir='ltr'><strong>W.</strong></span> 
     </span>
     <span class='ocr_line' id='line_1_42' title="bbox 200 3551 1366 3617; baseline 0.006 -19"><span class='ocrx_word' id='word_1_397' title='bbox 200 3552 527 3614; x_wconf 77' lang='lat' dir='ltr'><strong>praeposs&#39;tasso&#39;btapsdsse.</strong></span> <span class='ocrx_word' id='word_1_398' title='bbox 555 3551 766 3601; x_wconf 85' lang='lat' dir='ltr'><strong>Nuocveroeum</strong></span> <span class='ocrx_word' id='word_1_399' title='bbox 831 3553 854 3599; x_wconf 75' lang='lat'><strong>8.</strong></span> <span class='ocrx_word' id='word_1_400' title='bbox 871 3552 1207 3617; x_wconf 56' lang='lat' dir='ltr'><strong>eumaeumque]</strong></span> <span class='ocrx_word' id='word_1_401' title='bbox 1224 3554 1366 3605; x_wconf 82' lang='lat' dir='ltr'><strong>Debethie</strong></span> 
     </span>
     <span class='ocr_line' id='line_1_43' title="bbox 203 3614 1365 3680; baseline 0.003 -13"><span class='ocrx_word' id='word_1_402' title='bbox 203 3616 234 3667; x_wconf 86' lang='lat' dir='ltr'><strong>de</strong></span> <span class='ocrx_word' id='word_1_403' title='bbox 251 3616 354 3665; x_wconf 72' lang='lat' dir='ltr'><strong>Chares</strong></span> <span class='ocrx_word' id='word_1_404' title='bbox 367 3615 491 3679; x_wconf 78' lang='lat' dir='ltr'><strong>(Phadria</strong></span> <span class='ocrx_word' id='word_1_405' title='bbox 511 3614 552 3677; x_wconf 86' lang='lat' dir='ltr'><strong>Z.)</strong></span> <span class='ocrx_word' id='word_1_406' title='bbox 570 3625 668 3680; x_wconf 84' lang='lat' dir='ltr'><strong>pactum</strong></span> <span class='ocrx_word' id='word_1_407' title='bbox 688 3615 767 3665; x_wconf 80' lang='lat' dir='ltr'><strong>situs</strong></span> <span class='ocrx_word' id='word_1_408' title='bbox 798 3630 852 3665; x_wconf 87' lang='lat' dir='ltr'><strong>ease</strong></span> <span class='ocrx_word' id='word_1_409' title='bbox 868 3616 1009 3673; x_wconf 75' lang='lat' dir='ltr'><strong>vociferatio</strong></span> <span class='ocrx_word' id='word_1_410' title='bbox 1025 3632 1089 3666; x_wconf 76' lang='lat' dir='ltr'><strong>vana</strong></span> <span class='ocrx_word' id='word_1_411' title='bbox 1104 3619 1135 3667; x_wconf 87' lang='lat' dir='ltr'><strong>sd</strong></span> <span class='ocrx_word' id='word_1_412' title='bbox 1151 3618 1205 3677; x_wconf 86' lang='lat' dir='ltr'><strong>hoc,</strong></span> <span class='ocrx_word' id='word_1_413' title='bbox 1219 3628 1246 3668; x_wconf 84' lang='lat' dir='ltr'><strong>et</strong></span> <span class='ocrx_word' id='word_1_414' title='bbox 1258 3620 1365 3678; x_wconf 76' lang='lat' dir='ltr'><strong>verbum</strong></span> 
     </span>
     <span class='ocr_line' id='line_1_44' title="bbox 220 3678 1366 3750; baseline 0.005 -22"><span class='ocrx_word' id='word_1_415' title='bbox 220 3690 359 3745; x_wconf 63' lang='lat' dir='ltr'><strong>reponatur</strong></span> <span class='ocrx_word' id='word_1_416' title='bbox 380 3678 430 3739; x_wconf 88' lang='lat' dir='ltr'><strong>ille,</strong></span> <span class='ocrx_word' id='word_1_417' title='bbox 453 3689 479 3729; x_wconf 88' lang='lat' dir='ltr'><strong>et</strong></span> <span class='ocrx_word' id='word_1_418' title='bbox 505 3678 578 3729; x_wconf 85' lang='lat' dir='ltr'><strong>hodie</strong></span> <span class='ocrx_word' id='word_1_419' title='bbox 601 3680 767 3730; x_wconf 84' lang='lat' dir='ltr'><strong>introduxerit</strong></span> <span class='ocrx_word' id='word_1_420' title='bbox 798 3679 884 3730; x_wconf 86' lang='lat' dir='ltr'><strong>militis</strong></span> <span class='ocrx_word' id='word_1_421' title='bbox 897 3696 953 3730; x_wconf 90' lang='lat' dir='ltr'><strong>cum</strong></span> <span class='ocrx_word' id='word_1_422' title='bbox 966 3682 1071 3745; x_wconf 79' lang='lat' dir='ltr'><strong>qssodam</strong></span> <span class='ocrx_word' id='word_1_423' title='bbox 1085 3693 1154 3734; x_wconf 87' lang='lat' dir='ltr'><strong>motu</strong></span> <span class='ocrx_word' id='word_1_424' title='bbox 1166 3682 1270 3747; x_wconf 68' lang='lat' dir='ltr'><strong>ingenti,</strong></span> <span class='ocrx_word' id='word_1_425' title='bbox 1282 3693 1309 3733; x_wconf 88' lang='lat' dir='ltr'><strong>et</strong></span> <span class='ocrx_word' id='word_1_426' title='bbox 1318 3700 1366 3750; x_wconf 84' lang='lat' dir='ltr'><strong>par</strong></span> 
     </span>
     <span class='ocr_line' id='line_1_45' title="bbox 202 3696 1364 3809; baseline 0.001 -12"><span class='ocrx_word' id='word_1_427' title='bbox 202 3696 366 3803; x_wconf 59' lang='lat' dir='ltr'><strong>lhremetem,</strong></span> <span class='ocrx_word' id='word_1_428' title='bbox 378 3760 451 3808; x_wconf 89' lang='lat' dir='ltr'><strong>quem</strong></span> <span class='ocrx_word' id='word_1_429' title='bbox 465 3744 536 3793; x_wconf 89' lang='lat' dir='ltr'><strong>miles</strong></span> <span class='ocrx_word' id='word_1_430' title='bbox 552 3744 766 3809; x_wconf 85' lang='lat' dir='ltr'><strong>suspicaturama-</strong></span> <span class='ocrx_word' id='word_1_431' title='bbox 797 3744 917 3795; x_wconf 85' lang='lat' dir='ltr'><strong>immanes</strong></span> <span class='ocrx_word' id='word_1_432' title='bbox 924 3746 1011 3805; x_wconf 82' lang='lat' dir='ltr'><strong>minas,</strong></span> <span class='ocrx_word' id='word_1_433' title='bbox 1018 3746 1260 3797; x_wconf 79' lang='lat' dir='ltr'><strong>sinsullasirernm.</strong></span> <span class='ocrx_word' id='word_1_434' title='bbox 1278 3748 1364 3798; x_wconf 84' lang='lat' dir='ltr'><strong>Vana·</strong></span> 
     </span>
     <span class='ocr_line' id='line_1_46' title="bbox 203 3810 1206 3875; baseline 0 -13"><span class='ocrx_word' id='word_1_435' title='bbox 203 3821 289 3868; x_wconf 84' lang='lat' dir='ltr'><strong>torem,</strong></span> <span class='ocrx_word' id='word_1_436' title='bbox 301 3810 361 3859; x_wconf 87' lang='lat' dir='ltr'><strong>dicit</strong></span> <span class='ocrx_word' id='word_1_437' title='bbox 377 3820 462 3859; x_wconf 71' lang='lat' dir='ltr'><strong>murra</strong></span> <span class='ocrx_word' id='word_1_438' title='bbox 477 3820 576 3875; x_wconf 76' lang='lat' dir='ltr'><strong>pacmm</strong></span> <span class='ocrx_word' id='word_1_439' title='bbox 587 3825 641 3859; x_wconf 83' lang='lat' dir='ltr'><strong>esse</strong></span> <span class='ocrx_word' id='word_1_440' title='bbox 657 3810 703 3859; x_wconf 89' lang='lat' dir='ltr'><strong>hoc</strong></span> <span class='ocrx_word' id='word_1_441' title='bbox 715 3810 765 3860; x_wconf 78' lang='lat' dir='ltr'><strong>lac-</strong></span> <span class='ocrx_word' id='word_1_442' title='bbox 798 3812 1206 3873; x_wconf 66' lang='lat' dir='ltr'><strong>quecomminatioeatveileredes</strong></span> 
     </span>
     <span class='ocr_line' id='line_1_47' title="bbox 203 3873 1365 3942; baseline 0.003 -17"><span class='ocrx_word' id='word_1_443' title='bbox 203 3884 269 3931; x_wconf 85' lang='lat' dir='ltr'><strong>tum;</strong></span> <span class='ocrx_word' id='word_1_444' title='bbox 287 3874 352 3923; x_wconf 91' lang='lat' dir='ltr'><strong>unde</strong></span> <span class='ocrx_word' id='word_1_445' title='bbox 360 3873 435 3925; x_wconf 86' lang='lat' dir='ltr'><strong>istum</strong></span> <span class='ocrx_word' id='word_1_446' title='bbox 446 3874 525 3923; x_wconf 88' lang='lat' dir='ltr'><strong>credit</strong></span> <span class='ocrx_word' id='word_1_447' title='bbox 533 3874 695 3939; x_wconf 88' lang='lat' dir='ltr'><strong>repetiturum</strong></span> <span class='ocrx_word' id='word_1_448' title='bbox 704 3890 766 3934; x_wconf 85' lang='lat' dir='ltr'><strong>ease,</strong></span> <span class='ocrx_word' id='word_1_449' title='bbox 797 3890 854 3923; x_wconf 84' lang='lat' dir='ltr'><strong>cum</strong></span> <span class='ocrx_word' id='word_1_450' title='bbox 865 3875 924 3924; x_wconf 80' lang='lat' dir='ltr'><strong>foris</strong></span> <span class='ocrx_word' id='word_1_451' title='bbox 937 3876 970 3925; x_wconf 89' lang='lat' dir='ltr'><strong>air</strong></span> <span class='ocrx_word' id='word_1_452' title='bbox 982 3875 1101 3926; x_wconf 82' lang='lat' dir='ltr'><strong>meretrix</strong></span> <span class='ocrx_word' id='word_1_453' title='bbox 1111 3875 1217 3940; x_wconf 70' lang='lat' dir='ltr'><strong>(Locum</strong></span> <span class='ocrx_word' id='word_1_454' title='bbox 1230 3892 1279 3942; x_wconf 85' lang='lat' dir='ltr'><strong>ope</strong></span> <span class='ocrx_word' id='word_1_455' title='bbox 1291 3878 1365 3929; x_wconf 77' lang='lat' dir='ltr'><strong>codd.</strong></span> 
     </span>
     <span class='ocr_line' id='line_1_48' title="bbox 203 3938 1366 4005; baseline 0.003 -16"><span class='ocrx_word' id='word_1_456' title='bbox 203 3940 267 4003; x_wconf 89' lang='lat' dir='ltr'><strong>quod</strong></span> <span class='ocrx_word' id='word_1_457' title='bbox 279 3939 344 3988; x_wconf 87' lang='lat' dir='ltr'><strong>dono</strong></span> <span class='ocrx_word' id='word_1_458' title='bbox 354 3938 428 3989; x_wconf 85' lang='lat' dir='ltr'><strong>dedit.</strong></span> <span class='ocrx_word' id='word_1_459' title='bbox 458 3940 493 3990; x_wconf 85' lang='lat' dir='ltr'><strong>Et</strong></span> <span class='ocrx_word' id='word_1_460' title='bbox 503 3938 655 3989; x_wconf 77' lang='lat' dir='ltr'><strong>videmititis</strong></span> <span class='ocrx_word' id='word_1_461' title='bbox 665 3939 767 4004; x_wconf 72' lang='lat' dir='ltr'><strong>gloriosi</strong></span> <span class='ocrx_word' id='word_1_462' title='bbox 797 3938 833 3987; x_wconf 85' lang='lat' dir='ltr'><strong>ita</strong></span> <span class='ocrx_word' id='word_1_463' title='bbox 840 3940 957 3989; x_wconf 67' lang='lat' dir='ltr'><strong>reatinae:</strong></span> <span class='ocrx_word' id='word_1_464' title='bbox 972 3940 1366 4005; x_wconf 64' lang='lat' dir='ltr'><strong>Dedethiussasoeifsratiaaaaa,</strong></span> 
     </span>
     <span class='ocr_line' id='line_1_49' title="bbox 202 4003 1365 4070; baseline 0.003 -17"><span class='ocrx_word' id='word_1_465' title='bbox 202 4003 339 4063; x_wconf 83' lang='lat' dir='ltr'><strong>stultitiam,</strong></span> <span class='ocrx_word' id='word_1_466' title='bbox 356 4004 425 4067; x_wconf 87' lang='lat' dir='ltr'><strong>quasi</strong></span> <span class='ocrx_word' id='word_1_467' title='bbox 442 4004 519 4052; x_wconf 87' lang='lat' dir='ltr'><strong>aciem</strong></span> <span class='ocrx_word' id='word_1_468' title='bbox 536 4015 561 4053; x_wconf 87' lang='lat' dir='ltr'><strong>et</strong></span> <span class='ocrx_word' id='word_1_469' title='bbox 580 4004 692 4069; x_wconf 77' lang='lat' dir='ltr'><strong>pretium</strong></span> <span class='ocrx_word' id='word_1_470' title='bbox 708 4013 767 4054; x_wconf 85' lang='lat' dir='ltr'><strong>anta</strong></span> <span class='ocrx_word' id='word_1_471' title='bbox 798 4007 831 4053; x_wconf 78' lang='lat' dir='ltr'><strong>ad</strong></span> <span class='ocrx_word' id='word_1_472' title='bbox 837 4007 886 4062; x_wconf 74' lang='lat' dir='ltr'><strong>tae,</strong></span> <span class='ocrx_word' id='word_1_473' title='bbox 895 4013 923 4053; x_wconf 83' lang='lat' dir='ltr'><strong>at</strong></span> <span class='ocrx_word' id='word_1_474' title='bbox 930 4008 999 4055; x_wconf 75' lang='lat' dir='ltr'><strong>sares</strong></span> <span class='ocrx_word' id='word_1_475' title='bbox 1008 4008 1074 4055; x_wconf 82' lang='lat' dir='ltr'><strong>ssa’lsa</strong></span> <span class='ocrx_word' id='word_1_476' title='bbox 1083 4023 1135 4055; x_wconf 80' lang='lat' dir='ltr'><strong>cass</strong></span> <span class='ocrx_word' id='word_1_477' title='bbox 1144 4010 1242 4070; x_wconf 67' lang='grc' dir='ltr'><strong>Μαι</strong></span> <span class='ocrx_word' id='word_1_478' title='bbox 1251 4016 1316 4057; x_wconf 78' lang='lat' dir='ltr'><strong>sueta</strong></span> <span class='ocrx_word' id='word_1_479' title='bbox 1325 4013 1365 4057; x_wconf 66' lang='lat' dir='ltr'><strong>b-</strong></span> 
     </span>
     <span class='ocr_line' id='line_1_50' title="bbox 202 4068 1365 4133; baseline 0.003 -14"><span class='ocrx_word' id='word_1_480' title='bbox 202 4068 312 4133; x_wconf 88' lang='lat' dir='ltr'><strong>disponit</strong></span> <span class='ocrx_word' id='word_1_481' title='bbox 321 4088 327 4124; x_wconf 84' lang='lat'><strong>;</strong></span> <span class='ocrx_word' id='word_1_482' title='bbox 345 4080 370 4117; x_wconf 85' lang='lat' dir='ltr'><strong>et</strong></span> <span class='ocrx_word' id='word_1_483' title='bbox 383 4084 413 4117; x_wconf 90' lang='lat' dir='ltr'><strong>eo</strong></span> <span class='ocrx_word' id='word_1_484' title='bbox 430 4069 463 4129; x_wconf 82' lang='lat' dir='ltr'><strong>(et</strong></span> <span class='ocrx_word' id='word_1_485' title='bbox 478 4068 518 4131; x_wconf 87' lang='lat' dir='ltr'><strong>Z.)</strong></span> <span class='ocrx_word' id='word_1_486' title='bbox 535 4084 681 4119; x_wconf 86' lang='lat' dir='ltr'><strong>eonsensum</strong></span> <span class='ocrx_word' id='word_1_487' title='bbox 697 4084 764 4117; x_wconf 86' lang='lat' dir='ltr'><strong>com·</strong></span> <span class='ocrx_word' id='word_1_488' title='bbox 794 4073 869 4133; x_wconf 70' lang='lat' dir='ltr'><strong>gesti,</strong></span> <span class='ocrx_word' id='word_1_489' title='bbox 877 4077 901 4118; x_wconf 78' lang='lat' dir='ltr'><strong>et</strong></span> <span class='ocrx_word' id='word_1_490' title='bbox 908 4086 952 4132; x_wconf 79' lang='lat' dir='ltr'><strong>per</strong></span> <span class='ocrx_word' id='word_1_491' title='bbox 962 4074 1071 4120; x_wconf 73' lang='lat' dir='ltr'><strong>taram</strong></span> <span class='ocrx_word' id='word_1_492' title='bbox 1081 4074 1162 4130; x_wconf 60' lang='lat' dir='ltr'><strong>nisae</strong></span> <span class='ocrx_word' id='word_1_493' title='bbox 1170 4076 1220 4121; x_wconf 79' lang='lat' dir='ltr'><strong>aissa</strong></span> <span class='ocrx_word' id='word_1_494' title='bbox 1229 4074 1281 4121; x_wconf 77' lang='lat' dir='ltr'><strong>atla</strong></span> <span class='ocrx_word' id='word_1_495' title='bbox 1290 4077 1316 4121; x_wconf 74' lang='grc' dir='ltr'><strong>σι’</strong></span> <span class='ocrx_word' id='word_1_496' title='bbox 1324 4090 1365 4123; x_wconf 79' lang='lat' dir='ltr'><strong>ra·</strong></span> 
     </span>
     <span class='ocr_line' id='line_1_51' title="bbox 202 4132 1365 4197; baseline 0.003 -14"><span class='ocrx_word' id='word_1_497' title='bbox 202 4134 286 4183; x_wconf 90' lang='lat' dir='ltr'><strong>modat</strong></span> <span class='ocrx_word' id='word_1_498' title='bbox 304 4132 432 4197; x_wconf 85' lang='lat' dir='ltr'><strong>parasitus,</strong></span> <span class='ocrx_word' id='word_1_499' title='bbox 451 4148 524 4197; x_wconf 84' lang='lat' dir='ltr'><strong>quem</strong></span> <span class='ocrx_word' id='word_1_500' title='bbox 543 4133 656 4183; x_wconf 83' lang='lat' dir='ltr'><strong>Colacem</strong></span> <span class='ocrx_word' id='word_1_501' title='bbox 674 4134 700 4183; x_wconf 90' lang='lat' dir='ltr'><strong>in</strong></span> <span class='ocrx_word' id='word_1_502' title='bbox 719 4134 765 4183; x_wconf 88' lang='lat' dir='ltr'><strong>hac</strong></span> <span class='ocrx_word' id='word_1_503' title='bbox 797 4150 855 4192; x_wconf 79' lang='lat' dir='ltr'><strong>raas,</strong></span> <span class='ocrx_word' id='word_1_504' title='bbox 871 4151 974 4197; x_wconf 72' lang='lat' dir='ltr'><strong>sanoque</strong></span> <span class='ocrx_word' id='word_1_505' title='bbox 991 4138 1161 4186; x_wconf 66' lang='lat' dir='ltr'><strong>mariammes</strong></span> <span class='ocrx_word' id='word_1_506' title='bbox 1177 4138 1235 4185; x_wconf 80' lang='lat' dir='ltr'><strong>salla</strong></span> <span class='ocrx_word' id='word_1_507' title='bbox 1255 4140 1365 4187; x_wconf 64' lang='lat' dir='ltr'><strong>nidmu</strong></span> 
     </span>
     <span class='ocr_line' id='line_1_52' title="bbox 202 4196 1364 4263; baseline 0.005 -18"><span class='ocrx_word' id='word_1_508' title='bbox 202 4196 321 4246; x_wconf 69' lang='lat' dir='ltr'><strong>comedia</strong></span> <span class='ocrx_word' id='word_1_509' title='bbox 329 4197 502 4247; x_wconf 84' lang='lat' dir='ltr'><strong>intelleximus.</strong></span> <span class='ocrx_word' id='word_1_510' title='bbox 525 4198 721 4256; x_wconf 84' lang='lat' dir='ltr'><strong>E.—Particula,</strong></span> <span class='ocrx_word' id='word_1_511' title='bbox 731 4207 765 4256; x_wconf 78' lang='lat' dir='ltr'><strong>at,</strong></span> <span class='ocrx_word' id='word_1_512' title='bbox 797 4202 858 4249; x_wconf 74' lang='lat' dir='ltr'><strong>ades</strong></span> <span class='ocrx_word' id='word_1_513' title='bbox 867 4200 1133 4263; x_wconf 60' lang='lat' dir='ltr'><strong>explementum</strong></span> <span class='ocrx_word' id='word_1_514' title='bbox 1142 4200 1311 4263; x_wconf 56' lang='lat' dir='ltr'><strong>esurum)</strong></span> <span class='ocrx_word' id='word_1_515' title='bbox 1330 4202 1364 4251; x_wconf 86' lang='lat' dir='ltr'><strong>D.</strong></span> 
     </span>
     <span class='ocr_line' id='line_1_53' title="bbox 202 4256 1364 4328; baseline 0.007 -20"><span class='ocrx_word' id='word_1_516' title='bbox 202 4260 316 4325; x_wconf 86' lang='lat' dir='ltr'><strong>inprimis</strong></span> <span class='ocrx_word' id='word_1_517' title='bbox 326 4277 382 4310; x_wconf 86' lang='lat' dir='ltr'><strong>cum</strong></span> <span class='ocrx_word' id='word_1_518' title='bbox 393 4264 507 4325; x_wconf 68' lang='lat' dir='ltr'><strong>odjum</strong></span> <span class='ocrx_word' id='word_1_519' title='bbox 522 4262 649 4327; x_wconf 84' lang='lat' dir='ltr'><strong>particula,</strong></span> <span class='ocrx_word' id='word_1_520' title='bbox 665 4280 701 4322; x_wconf 82' lang='lat' dir='ltr'><strong>se,</strong></span> <span class='ocrx_word' id='word_1_521' title='bbox 712 4278 765 4313; x_wconf 84' lang='lat' dir='ltr'><strong>aer·</strong></span> <span class='ocrx_word' id='word_1_522' title='bbox 797 4266 909 4323; x_wconf 80' lang='lat' dir='ltr'><strong>-Raets,</strong></span> <span class='ocrx_word' id='word_1_523' title='bbox 916 4267 995 4327; x_wconf 61' lang='lat' dir='ltr'><strong>prob,</strong></span> <span class='ocrx_word' id='word_1_524' title='bbox 1004 4264 1113 4328; x_wconf 73' lang='lat' dir='ltr'><strong>pulchre]</strong></span> <span class='ocrx_word' id='word_1_525' title='bbox 1130 4265 1187 4314; x_wconf 75' lang='lat' dir='ltr'><strong>vid</strong></span> <span class='ocrx_word' id='word_1_526' title='bbox 1198 4265 1237 4315; x_wconf 79' lang='lat' dir='ltr'><strong>lo.</strong></span> <span class='ocrx_word' id='word_1_527' title='bbox 1250 4256 1364 4316; x_wconf 74' lang='lat' dir='ltr'><strong>Sariahs·</strong></span> 
     </span>
     <span class='ocr_line' id='line_1_54' title="bbox 202 4325 1274 4393; baseline 0.007 -20"><span class='ocrx_word' id='word_1_528' title='bbox 202 4325 239 4374; x_wconf 78' lang='lat' dir='ltr'><strong>vit</strong></span> <span class='ocrx_word' id='word_1_529' title='bbox 251 4326 457 4389; x_wconf 74' lang='lat' dir='ltr'><strong>interrogantibus</strong></span> <span class='ocrx_word' id='word_1_530' title='bbox 468 4328 499 4377; x_wconf 87' lang='lat' dir='ltr'><strong>ad</strong></span> <span class='ocrx_word' id='word_1_531' title='bbox 515 4327 708 4391; x_wconf 74' lang='lat' dir='ltr'><strong>indignationem</strong></span> <span class='ocrx_word' id='word_1_532' title='bbox 720 4343 764 4377; x_wconf 77' lang='lat' dir='ltr'><strong>ea·</strong></span> <span class='ocrx_word' id='word_1_533' title='bbox 797 4327 871 4377; x_wconf 82' lang='lat' dir='ltr'><strong>rien&#39;s.</strong></span> <span class='ocrx_word' id='word_1_534' title='bbox 884 4327 1102 4393; x_wconf 78' lang='lat' dir='ltr'><strong>Polycratlihvi.</strong></span> <span class='ocrx_word' id='word_1_535' title='bbox 1180 4332 1220 4378; x_wconf 71' lang='lat'><strong>³⁰.</strong></span> <span class='ocrx_word' id='word_1_536' title='bbox 1244 4330 1274 4381; x_wconf 90' lang='lat'><strong>1.</strong></span> 
     </span>
     <span class='ocr_line' id='line_1_55' title="bbox 202 4390 1364 4457; baseline 0.004 -16"><span class='ocrx_word' id='word_1_537' title='bbox 202 4390 369 4454; x_wconf 67' lang='lat' dir='ltr'><strong>primmdum</strong></span> <span class='ocrx_word' id='word_1_538' title='bbox 386 4401 420 4449; x_wconf 89' lang='lat' dir='ltr'><strong>ut,</strong></span> <span class='ocrx_word' id='word_1_539' title='bbox 434 4392 497 4441; x_wconf 80' lang='lat' dir='ltr'><strong>And.</strong></span> <span class='ocrx_word' id='word_1_540' title='bbox 510 4392 526 4441; x_wconf 90' lang='lat' dir='ltr'><strong>i.</strong></span> <span class='ocrx_word' id='word_1_541' title='bbox 544 4394 566 4440; x_wconf 77' lang='lat' dir='ltr'><strong>t.</strong></span> <span class='ocrx_word' id='word_1_542' title='bbox 586 4395 623 4441; x_wconf 80' lang='lat'><strong>28.</strong></span> <span class='ocrx_word' id='word_1_543' title='bbox 653 4394 713 4442; x_wconf 73' lang='lat' dir='ltr'><strong>Eine</strong></span> <span class='ocrx_word' id='word_1_544' title='bbox 723 4410 765 4456; x_wconf 71' lang='lat' dir='ltr'><strong>ega</strong></span> <span class='ocrx_word' id='word_1_545' title='bbox 829 4396 853 4441; x_wconf 70' lang='lat'><strong>4.</strong></span> <span class='ocrx_word' id='word_1_546' title='bbox 871 4394 935 4443; x_wconf 70' lang='lat'><em>1101·</em></span> <span class='ocrx_word' id='word_1_547' title='bbox 946 4396 1059 4443; x_wconf 73' lang='lat' dir='ltr'><strong>maleredo</strong></span> <span class='ocrx_word' id='word_1_548' title='bbox 1069 4398 1143 4457; x_wconf 59' lang='grc' dir='ltr'><strong>ὅρια</strong></span> <span class='ocrx_word' id='word_1_549' title='bbox 1170 4394 1235 4443; x_wconf 86' lang='lat' dir='ltr'><strong>Vide</strong></span> <span class='ocrx_word' id='word_1_550' title='bbox 1249 4395 1364 4446; x_wconf 79' lang='lat' dir='ltr'><strong>ordinem</strong></span> 
     </span>
     <span class='ocr_line' id='line_1_56' title="bbox 203 4456 1365 4523; baseline 0.007 -20"><span class='ocrx_word' id='word_1_551' title='bbox 203 4464 228 4503; x_wconf 81' lang='lat' dir='ltr'><strong>nt</strong></span> <span class='ocrx_word' id='word_1_552' title='bbox 240 4458 367 4505; x_wconf 72' lang='lat' dir='ltr'><strong>adversar?</strong></span> <span class='ocrx_word' id='word_1_553' title='bbox 389 4456 412 4505; x_wconf 91' lang='lat' dir='ltr'><strong>h.</strong></span> <span class='ocrx_word' id='word_1_554' title='bbox 422 4472 442 4505; x_wconf 87' lang='lat' dir='ltr'><strong>e.</strong></span> <span class='ocrx_word' id='word_1_555' title='bbox 460 4456 532 4521; x_wconf 86' lang='lat' dir='ltr'><strong>plane</strong></span> <span class='ocrx_word' id='word_1_556' title='bbox 543 4457 672 4520; x_wconf 72' lang='lat' dir='ltr'><strong>indiguum</strong></span> <span class='ocrx_word' id='word_1_557' title='bbox 687 4468 726 4506; x_wconf 86' lang='lat' dir='ltr'><strong>eat</strong></span> <span class='ocrx_word' id='word_1_558' title='bbox 741 4457 765 4505; x_wconf 88' lang='lat' dir='ltr'><strong>ei</strong></span> <span class='ocrx_word' id='word_1_559' title='bbox 797 4457 862 4509; x_wconf 84' lang='lat' dir='ltr'><strong>helii.</strong></span> <span class='ocrx_word' id='word_1_560' title='bbox 892 4458 976 4508; x_wconf 84' lang='lat' dir='ltr'><strong>Primo</strong></span> <span class='ocrx_word' id='word_1_561' title='bbox 990 4460 1140 4523; x_wconf 58' lang='lat' dir='ltr'><strong>eapqnatio</strong></span> <span class='ocrx_word' id='word_1_562' title='bbox 1154 4458 1288 4517; x_wconf 67' lang='lat' dir='ltr'><strong>mseuiumz</strong></span> <span class='ocrx_word' id='word_1_563' title='bbox 1309 4472 1365 4511; x_wconf 77' lang='lat' dir='ltr'><strong>tam</strong></span> 
     </span>
    </p>
   </div>
   <div class='ocr_carea' id='block_1_8' title="bbox 0 0 1423 4759">
    <p class='ocr_par' dir='ltr' id='par_1_8' title="bbox 0 0 1423 4759">
     <span class='ocr_line' id='line_1_57' title="bbox 0 0 1423 4759; baseline 0 0"><span class='ocrx_word' id='word_1_564' title='bbox 0 0 1423 4759; x_wconf 95' lang='lat' dir='ltr'><strong> </strong></span> 
     </span>
    </p>
   </div>
  </div>
 </body>
</html>
