<?xml version="1.0" encoding="UTF-8"?>
<!DOCTYPE html PUBLIC "-//W3C//DTD XHTML 1.0 Transitional//EN"
    "http://www.w3.org/TR/xhtml1/DTD/xhtml1-transitional.dtd">
<html xmlns="http://www.w3.org/1999/xhtml" xml:lang="en" lang="en">
 <head>
  <title>
</title>
<meta http-equiv="Content-Type" content="text/html;charset=utf-8" />
  <meta name='ocr-system' content='tesseract 3.04.00' />
  <meta name='ocr-capabilities' content='ocr_page ocr_carea ocr_par ocr_line ocrx_word'/>
</head>
<body>
  <div class='ocr_page' id='page_1' title='image "./publiiterentiic01lindgoog/publiiterentiic01lindgoog_0087.png"; bbox 0 0 2834 4759; ppageno 0'>
   <div class='ocr_carea' id='block_1_1' title="bbox 241 160 992 223">
    <p class='ocr_par' dir='ltr' id='par_1_1' title="bbox 241 160 992 223">
     <span class='ocr_line' id='line_1_1' title="bbox 241 160 992 223; baseline 0 0"><span class='ocrx_word' id='word_1_1' title='bbox 241 162 298 223; x_wconf 77' lang='lat' dir='ltr'><strong>lxii</strong></span> <span class='ocrx_word' id='word_1_2' title='bbox 653 160 719 221; x_wconf 88' lang='lat' dir='ltr'><strong>DE</strong></span> <span class='ocrx_word' id='word_1_3' title='bbox 746 160 992 223; x_wconf 82' lang='lat' dir='ltr'><strong>THEATRO.</strong></span> 
     </span>
    </p>
   </div>
   <div class='ocr_carea' id='block_1_2' title="bbox 238 288 1389 937">
    <p class='ocr_par' dir='ltr' id='par_1_2' title="bbox 238 288 1387 452">
     <span class='ocr_line' id='line_1_2' title="bbox 241 288 1386 371; baseline 0.002 -20"><span class='ocrx_word' id='word_1_4' title='bbox 241 312 297 351; x_wconf 84' lang='lat' dir='ltr'><strong>aaa</strong></span> <span class='ocrx_word' id='word_1_5' title='bbox 311 291 459 371; x_wconf 73' lang='lat' dir='ltr'><strong>orriri-git:</strong></span> <span class='ocrx_word' id='word_1_6' title='bbox 480 308 531 349; x_wconf 78' lang='lat' dir='ltr'><strong>sec</strong></span> <span class='ocrx_word' id='word_1_7' title='bbox 547 299 648 349; x_wconf 79' lang='lat' dir='ltr'><strong>contra</strong></span> <span class='ocrx_word' id='word_1_8' title='bbox 660 288 806 371; x_wconf 76' lang='lat' dir='ltr'><strong>tragoedia</strong></span> <span class='ocrx_word' id='word_1_9' title='bbox 820 310 901 351; x_wconf 80' lang='lat' dir='ltr'><strong>rocoa</strong></span> <span class='ocrx_word' id='word_1_10' title='bbox 912 290 1091 371; x_wconf 68' lang='lat' dir='ltr'><strong>ingreditor.</strong></span> <span class='ocrx_word' id='word_1_11' title='bbox 1127 290 1289 371; x_wconf 61' lang='lat' dir='ltr'><strong>Tmu-</strong></span> <span class='ocrx_word' id='word_1_12' title='bbox 1304 292 1386 365; x_wconf 85' lang='lat' dir='ltr'><strong>enim,</strong></span> 
     </span>
     <span class='ocr_line' id='line_1_3' title="bbox 238 372 1387 452; baseline 0 -19"><span class='ocrx_word' id='word_1_13' title='bbox 238 378 333 451; x_wconf 84' lang='lat' dir='ltr'><strong>&#39;quum</strong></span> <span class='ocrx_word' id='word_1_14' title='bbox 347 392 437 451; x_wconf 77' lang='lat' dir='ltr'><strong>grave</strong></span> <span class='ocrx_word' id='word_1_15' title='bbox 449 384 480 430; x_wconf 88' lang='lat' dir='ltr'><strong>et</strong></span> <span class='ocrx_word' id='word_1_16' title='bbox 492 391 630 449; x_wconf 81' lang='lat' dir='ltr'><strong>magnum</strong></span> <span class='ocrx_word' id='word_1_17' title='bbox 646 384 861 449; x_wconf 72' lang='lat' dir='ltr'><strong>argumentum,</strong></span> <span class='ocrx_word' id='word_1_18' title='bbox 874 392 1054 451; x_wconf 73' lang='lat' dir='ltr'><strong>magnasque</strong></span> <span class='ocrx_word' id='word_1_19' title='bbox 1066 386 1097 433; x_wconf 90' lang='lat' dir='ltr'><strong>et</strong></span> <span class='ocrx_word' id='word_1_20' title='bbox 1110 372 1243 451; x_wconf 81' lang='lat' dir='ltr'><strong>ingentes</strong></span> <span class='ocrx_word' id='word_1_21' title='bbox 1253 393 1387 452; x_wconf 70' lang='lat' dir='ltr'><strong>peram</strong></span> 
     </span>
    </p>

    <p class='ocr_par' dir='ltr' id='par_1_3' title="bbox 240 452 1389 937">
     <span class='ocr_line' id='line_1_4' title="bbox 264 452 1388 532; baseline 0.001 -20"><span class='ocrx_word' id='word_1_22' title='bbox 264 474 305 513; x_wconf 84' lang='lat' dir='ltr'><strong>rae</strong></span> <span class='ocrx_word' id='word_1_23' title='bbox 325 474 356 511; x_wconf 85' lang='lat' dir='ltr'><strong>ee</strong></span> <span class='ocrx_word' id='word_1_24' title='bbox 371 453 469 522; x_wconf 86' lang='lat' dir='ltr'><strong>ferret,</strong></span> <span class='ocrx_word' id='word_1_25' title='bbox 484 452 634 511; x_wconf 80' lang='lat' dir='ltr'><strong>cothurnis</strong></span> <span class='ocrx_word' id='word_1_26' title='bbox 654 453 697 511; x_wconf 89' lang='lat' dir='ltr'><strong>uti</strong></span> <span class='ocrx_word' id='word_1_27' title='bbox 718 452 831 511; x_wconf 79' lang='lat' dir='ltr'><strong>debuit.</strong></span> <span class='ocrx_word' id='word_1_28' title='bbox 873 452 1056 513; x_wconf 82' lang='lat' dir='ltr'><strong>Comoediam</strong></span> <span class='ocrx_word' id='word_1_29' title='bbox 1074 467 1183 523; x_wconf 89' lang='lat' dir='ltr'><strong>autem,</strong></span> <span class='ocrx_word' id='word_1_30' title='bbox 1205 474 1297 532; x_wconf 90' lang='lat' dir='ltr'><strong>quum</strong></span> <span class='ocrx_word' id='word_1_31' title='bbox 1316 467 1388 513; x_wconf 82' lang='lat' dir='ltr'><strong>esset</strong></span> 
     </span>
     <span class='ocr_line' id='line_1_5' title="bbox 241 474 1388 612; baseline 0.002 -19"><span class='ocrx_word' id='word_1_32' title='bbox 241 474 369 604; x_wconf 76' lang='lat' dir='ltr'><strong>bumilis,</strong></span> <span class='ocrx_word' id='word_1_33' title='bbox 384 546 414 593; x_wconf 90' lang='lat' dir='ltr'><strong>et</strong></span> <span class='ocrx_word' id='word_1_34' title='bbox 433 533 560 593; x_wconf 87' lang='lat' dir='ltr'><strong>rusticos</strong></span> <span class='ocrx_word' id='word_1_35' title='bbox 581 546 759 612; x_wconf 84' lang='lat' dir='ltr'><strong>proponeret</strong></span> <span class='ocrx_word' id='word_1_36' title='bbox 779 533 809 592; x_wconf 90' lang='lat' dir='ltr'><strong>in</strong></span> <span class='ocrx_word' id='word_1_37' title='bbox 828 553 926 603; x_wconf 84' lang='lat' dir='ltr'><strong>scena,</strong></span> <span class='ocrx_word' id='word_1_38' title='bbox 939 534 1035 612; x_wconf 87' lang='lat' dir='ltr'><strong>palliis</strong></span> <span class='ocrx_word' id='word_1_39' title='bbox 1048 549 1079 594; x_wconf 91' lang='lat' dir='ltr'><strong>et</strong></span> <span class='ocrx_word' id='word_1_40' title='bbox 1098 536 1192 595; x_wconf 80' lang='lat' dir='ltr'><strong>soccia</strong></span> <span class='ocrx_word' id='word_1_41' title='bbox 1212 534 1388 595; x_wconf 82' lang='lat' dir='ltr'><strong>commodius</strong></span> 
     </span>
     <span class='ocr_line' id='line_1_6' title="bbox 242 612 1388 694; baseline -0.001 -19"><span class='ocrx_word' id='word_1_42' title='bbox 242 628 307 675; x_wconf 88' lang='lat' dir='ltr'><strong>erat</strong></span> <span class='ocrx_word' id='word_1_43' title='bbox 321 615 427 674; x_wconf 87' lang='lat' dir='ltr'><strong>ornari.</strong></span> <span class='ocrx_word' id='word_1_44' title='bbox 470 612 560 679; x_wconf 86' lang='lat' dir='ltr'><strong>Quod</strong></span> <span class='ocrx_word' id='word_1_45' title='bbox 581 628 727 691; x_wconf 72' lang='lat' dir='ltr'><strong>praeterea</strong></span> <span class='ocrx_word' id='word_1_46' title='bbox 745 614 784 673; x_wconf 91' lang='lat' dir='ltr'><strong>de</strong></span> <span class='ocrx_word' id='word_1_47' title='bbox 803 614 849 673; x_wconf 90' lang='lat' dir='ltr'><strong>bis</strong></span> <span class='ocrx_word' id='word_1_48' title='bbox 869 617 958 674; x_wconf 87' lang='lat' dir='ltr'><strong>rebus</strong></span> <span class='ocrx_word' id='word_1_49' title='bbox 972 615 1032 674; x_wconf 89' lang='lat' dir='ltr'><strong>dici</strong></span> <span class='ocrx_word' id='word_1_50' title='bbox 1050 636 1138 693; x_wconf 81' lang='lat' dir='ltr'><strong>posse</strong></span> <span class='ocrx_word' id='word_1_51' title='bbox 1152 616 1298 694; x_wconf 80' lang='lat' dir='ltr'><strong>quispiam</strong></span> <span class='ocrx_word' id='word_1_52' title='bbox 1313 615 1388 694; x_wconf 87' lang='lat' dir='ltr'><strong>judi·</strong></span> 
     </span>
     <span class='ocr_line' id='line_1_7' title="bbox 240 694 1389 773; baseline 0 -18"><span class='ocrx_word' id='word_1_53' title='bbox 240 696 332 764; x_wconf 82' lang='lat' dir='ltr'><strong>nabit,</strong></span> <span class='ocrx_word' id='word_1_54' title='bbox 348 695 378 754; x_wconf 92' lang='lat' dir='ltr'><strong>id</strong></span> <span class='ocrx_word' id='word_1_55' title='bbox 398 696 428 755; x_wconf 92' lang='lat' dir='ltr'><strong>in</strong></span> <span class='ocrx_word' id='word_1_56' title='bbox 442 694 522 753; x_wconf 78' lang='lat' dir='ltr'><strong>uliud</strong></span> <span class='ocrx_word' id='word_1_57' title='bbox 543 708 659 773; x_wconf 89' lang='lat' dir='ltr'><strong>ternpus</strong></span> <span class='ocrx_word' id='word_1_58' title='bbox 677 707 831 772; x_wconf 82' lang='lat' dir='ltr'><strong>exspectet</strong></span> <span class='ocrx_word' id='word_1_59' title='bbox 848 715 968 755; x_wconf 88' lang='lat' dir='ltr'><strong>necesse</strong></span> <span class='ocrx_word' id='word_1_60' title='bbox 980 708 1043 754; x_wconf 87' lang='lat' dir='ltr'><strong>est:</strong></span> <span class='ocrx_word' id='word_1_61' title='bbox 1065 716 1125 756; x_wconf 87' lang='lat' dir='ltr'><strong>non</strong></span> <span class='ocrx_word' id='word_1_62' title='bbox 1137 697 1215 756; x_wconf 91' lang='lat' dir='ltr'><strong>enim</strong></span> <span class='ocrx_word' id='word_1_63' title='bbox 1235 697 1284 756; x_wconf 87' lang='lat' dir='ltr'><strong>hic</strong></span> <span class='ocrx_word' id='word_1_64' title='bbox 1298 696 1389 755; x_wconf 90' lang='lat' dir='ltr'><strong>omnia</strong></span> 
     </span>
     <span class='ocr_line' id='line_1_8' title="bbox 245 773 1388 854; baseline 0.002 -19"><span class='ocrx_word' id='word_1_65' title='bbox 245 775 332 835; x_wconf 83' lang='lat' dir='ltr'><strong>simul</strong></span> <span class='ocrx_word' id='word_1_66' title='bbox 352 774 498 837; x_wconf 89' lang='lat' dir='ltr'><strong>discutere</strong></span> <span class='ocrx_word' id='word_1_67' title='bbox 519 776 604 833; x_wconf 84' lang='lat' dir='ltr'><strong>nobis</strong></span> <span class='ocrx_word' id='word_1_68' title='bbox 625 773 716 842; x_wconf 89' lang='lat' dir='ltr'><strong>licuit,</strong></span> <span class='ocrx_word' id='word_1_69' title='bbox 732 789 795 834; x_wconf 90' lang='lat' dir='ltr'><strong>tum</strong></span> <span class='ocrx_word' id='word_1_70' title='bbox 815 788 937 854; x_wconf 86' lang='lat' dir='ltr'><strong>propter</strong></span> <span class='ocrx_word' id='word_1_71' title='bbox 958 776 1001 837; x_wconf 88' lang='lat' dir='ltr'><strong>rei</strong></span> <span class='ocrx_word' id='word_1_72' title='bbox 1021 775 1235 847; x_wconf 84' lang='lat' dir='ltr'><strong>difficultatem,</strong></span> <span class='ocrx_word' id='word_1_73' title='bbox 1247 790 1313 837; x_wconf 89' lang='lat' dir='ltr'><strong>tum</strong></span> <span class='ocrx_word' id='word_1_74' title='bbox 1325 797 1388 837; x_wconf 87' lang='lat' dir='ltr'><strong>vero</strong></span> 
     </span>
     <span class='ocr_line' id='line_1_9' title="bbox 240 856 899 937; baseline 0.003 -24"><span class='ocrx_word' id='word_1_75' title='bbox 240 857 314 935; x_wconf 69' lang='lat' dir='ltr'><strong>,qnia</strong></span> <span class='ocrx_word' id='word_1_76' title='bbox 326 878 380 937; x_wconf 87' lang='lat' dir='ltr'><strong>per</strong></span> <span class='ocrx_word' id='word_1_77' title='bbox 392 856 510 936; x_wconf 78' lang='lat' dir='ltr'><strong>negotia</strong></span> <span class='ocrx_word' id='word_1_78' title='bbox 522 856 619 915; x_wconf 82' lang='lat' dir='ltr'><strong>minus</strong></span> <span class='ocrx_word' id='word_1_79' title='bbox 633 856 690 916; x_wconf 81' lang='lat' dir='ltr'><strong>tuit</strong></span> <span class='ocrx_word' id='word_1_80' title='bbox 703 857 899 916; x_wconf 89' lang='lat' dir='ltr'><strong>commodum.</strong></span> 
     </span>
    </p>
   </div>
   <div class='ocr_carea' id='block_1_3' title="bbox 741 1064 903 1081">
    <p class='ocr_par' dir='ltr' id='par_1_4' title="bbox 741 1064 903 1081">
     <span class='ocr_line' id='line_1_10' title="bbox 741 1064 903 1081; baseline 0.012 -2"><span class='ocrx_word' id='word_1_81' title='bbox 741 1064 903 1081; x_wconf 49' lang='grc' dir='ltr'><strong>ψ</strong></span> 
     </span>
    </p>
   </div>
   <div class='ocr_carea' id='block_1_4' title="bbox 426 1232 1216 1468">
    <p class='ocr_par' dir='ltr' id='par_1_5' title="bbox 426 1232 1216 1468">
     <span class='ocr_line' id='line_1_11' title="bbox 426 1232 1216 1328; baseline 0.003 -21"><span class='ocrx_word' id='word_1_82' title='bbox 426 1232 502 1307; x_wconf 90' lang='lat' dir='ltr'><strong>DE</strong></span> <span class='ocrx_word' id='word_1_83' title='bbox 539 1232 765 1309; x_wconf 86' lang='lat' dir='ltr'>METRIS</span> <span class='ocrx_word' id='word_1_84' title='bbox 804 1232 1216 1328; x_wconf 67' lang='lat' dir='ltr'><strong>TERENTIANIS</strong></span> 
     </span>
     <span class='ocr_line' id='line_1_12' title="bbox 675 1394 965 1468; baseline -0.014 -1"><span class='ocrx_word' id='word_1_85' title='bbox 675 1394 965 1468; x_wconf 78' lang='grc' dir='ltr'><strong>ΣΧΕΔΙΑΣΜΔ.</strong></span> 
     </span>
    </p>
   </div>
   <div class='ocr_carea' id='block_1_5' title="bbox 573 1576 1059 1666">
    <p class='ocr_par' dir='ltr' id='par_1_6' title="bbox 573 1576 1059 1666">
     <span class='ocr_line' id='line_1_13' title="bbox 573 1576 1059 1666; baseline 0.004 -23"><span class='ocrx_word' id='word_1_86' title='bbox 573 1576 703 1666; x_wconf 63' lang='lat' dir='ltr'><strong>”ripam</strong></span> <span class='ocrx_word' id='word_1_87' title='bbox 724 1578 837 1657; x_wconf 75' lang='lat' dir='ltr'><strong>Oe&#39;am,</strong></span> <span class='ocrx_word' id='word_1_88' title='bbox 852 1590 887 1645; x_wconf 89' lang='lat' dir='ltr'><strong>et</strong></span> <span class='ocrx_word' id='word_1_89' title='bbox 899 1577 1059 1645; x_wconf 76' lang='grc' dir='ltr'><strong>Διποδία.</strong></span> 
     </span>
    </p>
   </div>
   <div class='ocr_carea' id='block_1_6' title="bbox 240 1696 1393 4182">
    <p class='ocr_par' dir='ltr' id='par_1_7' title="bbox 244 1696 1391 1863">
     <span class='ocr_line' id='line_1_14' title="bbox 244 1696 1391 1780; baseline 0.003 -18"><span class='ocrx_word' id='word_1_90' title='bbox 244 1696 391 1763; x_wconf 75' lang='lat' dir='ltr'><strong>Iauarous</strong></span> <span class='ocrx_word' id='word_1_91' title='bbox 405 1722 509 1761; x_wconf 85' lang='lat' dir='ltr'><strong>versus</strong></span> <span class='ocrx_word' id='word_1_92' title='bbox 524 1722 661 1761; x_wconf 90' lang='lat' dir='ltr'><strong>senorum</strong></span> <span class='ocrx_word' id='word_1_93' title='bbox 675 1700 784 1780; x_wconf 90' lang='lat' dir='ltr'><strong>pedum</strong></span> <span class='ocrx_word' id='word_1_94' title='bbox 798 1700 909 1761; x_wconf 84' lang='lat' dir='ltr'><strong>Latinis</strong></span> <span class='ocrx_word' id='word_1_95' title='bbox 922 1702 1071 1762; x_wconf 85' lang='lat' dir='ltr'><strong>veteribus</strong></span> <span class='ocrx_word' id='word_1_96' title='bbox 1085 1703 1214 1763; x_wconf 81' lang='lat' dir='ltr'><strong>tenariar</strong></span> <span class='ocrx_word' id='word_1_97' title='bbox 1227 1707 1391 1776; x_wconf 80' lang='lat' dir='ltr'><strong>vocabatur,</strong></span> 
     </span>
     <span class='ocr_line' id='line_1_15' title="bbox 244 1781 1154 1863; baseline -0.002 -18"><span class='ocrx_word' id='word_1_98' title='bbox 244 1806 263 1845; x_wconf 83' lang='lat' dir='ltr'><strong>a</strong></span> <span class='ocrx_word' id='word_1_99' title='bbox 275 1784 383 1863; x_wconf 91' lang='lat' dir='ltr'><strong>pedum</strong></span> <span class='ocrx_word' id='word_1_100' title='bbox 399 1796 428 1843; x_wconf 87' lang='lat' dir='ltr'><strong>et</strong></span> <span class='ocrx_word' id='word_1_101' title='bbox 443 1784 553 1843; x_wconf 88' lang='lat' dir='ltr'><strong>ictuum</strong></span> <span class='ocrx_word' id='word_1_102' title='bbox 567 1801 699 1841; x_wconf 89' lang='lat' dir='ltr'><strong>numero.</strong></span> <span class='ocrx_word' id='word_1_103' title='bbox 735 1782 888 1854; x_wconf 83' lang='lat' dir='ltr'><strong>Horatius,</strong></span> <span class='ocrx_word' id='word_1_104' title='bbox 903 1781 971 1841; x_wconf 82' lang='lat' dir='ltr'><strong>Art.</strong></span> <span class='ocrx_word' id='word_1_105' title='bbox 985 1782 1069 1842; x_wconf 91' lang='lat' dir='ltr'><strong>Poet.</strong></span> <span class='ocrx_word' id='word_1_106' title='bbox 1085 1789 1154 1843; x_wconf 76' lang='lat'><strong>251.</strong></span> 
     </span>
    </p>

    <p class='ocr_par' dir='ltr' id='par_1_8' title="bbox 455 1874 1122 1947">
     <span class='ocr_line' id='line_1_16' title="bbox 455 1874 1122 1947; baseline 0.003 -16"><span class='ocrx_word' id='word_1_107' title='bbox 455 1874 563 1947; x_wconf 79' lang='lat' dir='ltr'><strong>Syllaba</strong></span> <span class='ocrx_word' id='word_1_108' title='bbox 574 1877 657 1947; x_wconf 76' lang='lat' dir='ltr'><strong>longa</strong></span> <span class='ocrx_word' id='word_1_109' title='bbox 668 1875 744 1931; x_wconf 84' lang='lat' dir='ltr'><strong>brevi</strong></span> <span class='ocrx_word' id='word_1_110' title='bbox 756 1874 878 1947; x_wconf 84' lang='lat' dir='ltr'><strong>subjecta</strong></span> <span class='ocrx_word' id='word_1_111' title='bbox 889 1884 1001 1932; x_wconf 76' lang='lat' dir='ltr'><strong>voantur</strong></span> <span class='ocrx_word' id='word_1_112' title='bbox 1012 1877 1122 1942; x_wconf 71' lang='lat' dir='ltr'><strong>iambus,</strong></span> 
     </span>
    </p>

    <p class='ocr_par' dir='ltr' id='par_1_9' title="bbox 455 1946 1182 2021">
     <span class='ocr_line' id='line_1_17' title="bbox 455 1946 1182 2021; baseline 0.006 -20"><span class='ocrx_word' id='word_1_113' title='bbox 455 1946 506 2003; x_wconf 81' lang='lat' dir='ltr'><strong>Pes</strong></span> <span class='ocrx_word' id='word_1_114' title='bbox 519 1948 604 2002; x_wconf 88' lang='lat' dir='ltr'><strong>citus:</strong></span> <span class='ocrx_word' id='word_1_115' title='bbox 625 1946 697 2003; x_wconf 88' lang='lat' dir='ltr'><strong>uude</strong></span> <span class='ocrx_word' id='word_1_116' title='bbox 709 1946 791 2002; x_wconf 91' lang='lat' dir='ltr'><strong>etiam</strong></span> <span class='ocrx_word' id='word_1_117' title='bbox 801 1947 930 2001; x_wconf 83' lang='lat' dir='ltr'><strong>trimetria</strong></span> <span class='ocrx_word' id='word_1_118' title='bbox 942 1964 1091 2003; x_wconf 76' lang='lat' dir='ltr'><strong>accrescere</strong></span> <span class='ocrx_word' id='word_1_119' title='bbox 1098 1949 1182 2021; x_wconf 80' lang='lat' dir='ltr'><strong>jussit</strong></span> 
     </span>
    </p>

    <p class='ocr_par' dir='ltr' id='par_1_10' title="bbox 332 2016 1081 2084">
     <span class='ocr_line' id='line_1_18' title="bbox 332 2016 1081 2084; baseline 0.003 -13"><span class='ocrx_word' id='word_1_120' title='bbox 332 2018 340 2033; x_wconf 82' lang='lat'><em>⁰</em></span> <span class='ocrx_word' id='word_1_121' title='bbox 364 2026 365 2029; x_wconf 78' lang='grc'>’</span> <span class='ocrx_word' id='word_1_122' title='bbox 456 2016 565 2071; x_wconf 87' lang='lat' dir='ltr'><strong>Nomen</strong></span> <span class='ocrx_word' id='word_1_123' title='bbox 576 2018 697 2083; x_wconf 88' lang='lat' dir='ltr'><strong>iambeis,</strong></span> <span class='ocrx_word' id='word_1_124' title='bbox 712 2035 774 2071; x_wconf 91' lang='lat' dir='ltr'><strong>cum</strong></span> <span class='ocrx_word' id='word_1_125' title='bbox 785 2035 861 2071; x_wconf 81' lang='lat' dir='ltr'><strong>oenoe</strong></span> <span class='ocrx_word' id='word_1_126' title='bbox 871 2016 991 2071; x_wconf 78' lang='lat' dir='ltr'><strong>redderet</strong></span> <span class='ocrx_word' id='word_1_127' title='bbox 1001 2018 1081 2084; x_wconf 80' lang='lat' dir='ltr'><strong>ictae,</strong></span> 
     </span>
    </p>

    <p class='ocr_par' dir='ltr' id='par_1_11' title="bbox 240 2086 1393 3223">
     <span class='ocr_line' id='line_1_19' title="bbox 454 2086 950 2166; baseline -0.002 -23"><span class='ocrx_word' id='word_1_128' title='bbox 454 2089 562 2143; x_wconf 80' lang='lat' dir='ltr'><strong>Primus</strong></span> <span class='ocrx_word' id='word_1_129' title='bbox 574 2088 608 2142; x_wconf 87' lang='lat' dir='ltr'><strong>ad</strong></span> <span class='ocrx_word' id='word_1_130' title='bbox 620 2098 771 2143; x_wconf 84' lang='lat' dir='ltr'><strong>extremum</strong></span> <span class='ocrx_word' id='word_1_131' title='bbox 783 2086 878 2166; x_wconf 85' lang='lat' dir='ltr'><strong>similia</strong></span> <span class='ocrx_word' id='word_1_132' title='bbox 890 2088 950 2142; x_wconf 87' lang='lat' dir='ltr'><strong>sibi.</strong></span> 
     </span>
     <span class='ocr_line' id='line_1_20' title="bbox 245 2176 1391 2257; baseline 0.002 -20"><span class='ocrx_word' id='word_1_133' title='bbox 245 2178 316 2247; x_wconf 87' lang='lat' dir='ltr'><strong>Sex,</strong></span> <span class='ocrx_word' id='word_1_134' title='bbox 335 2178 439 2257; x_wconf 89' lang='lat' dir='ltr'><strong>inquit,</strong></span> <span class='ocrx_word' id='word_1_135' title='bbox 454 2178 543 2237; x_wconf 88' lang='lat' dir='ltr'><strong>habet</strong></span> <span class='ocrx_word' id='word_1_136' title='bbox 556 2178 631 2236; x_wconf 87' lang='lat' dir='ltr'><strong>ictus</strong></span> <span class='ocrx_word' id='word_1_137' title='bbox 646 2196 749 2235; x_wconf 87' lang='lat' dir='ltr'><strong>versus</strong></span> <span class='ocrx_word' id='word_1_138' title='bbox 769 2176 918 2247; x_wconf 84' lang='lat' dir='ltr'><strong>senarius3</strong></span> <span class='ocrx_word' id='word_1_139' title='bbox 940 2187 1082 2235; x_wconf 86' lang='lat' dir='ltr'><strong>ettamen</strong></span> <span class='ocrx_word' id='word_1_140' title='bbox 1097 2178 1245 2238; x_wconf 86' lang='lat' dir='ltr'><strong>trimetrus</strong></span> <span class='ocrx_word' id='word_1_141' title='bbox 1259 2180 1324 2239; x_wconf 88' lang='lat' dir='ltr'><strong>sive</strong></span> <span class='ocrx_word' id='word_1_142' title='bbox 1341 2190 1391 2238; x_wconf 84' lang='lat' dir='ltr'><strong>ter·</strong></span> 
     </span>
     <span class='ocr_line' id='line_1_21' title="bbox 244 2257 1390 2339; baseline 0.003 -22"><span class='ocrx_word' id='word_1_143' title='bbox 244 2260 343 2318; x_wconf 80' lang='lat' dir='ltr'><strong>aurias</strong></span> <span class='ocrx_word' id='word_1_144' title='bbox 357 2258 469 2317; x_wconf 73' lang='lat' dir='ltr'><strong>Graecis</strong></span> <span class='ocrx_word' id='word_1_145' title='bbox 484 2272 623 2328; x_wconf 86' lang='lat' dir='ltr'><strong>vocatur;</strong></span> <span class='ocrx_word' id='word_1_146' title='bbox 646 2259 730 2335; x_wconf 85' lang='lat' dir='ltr'><strong>quasi</strong></span> <span class='ocrx_word' id='word_1_147' title='bbox 745 2269 804 2316; x_wconf 87' lang='lat' dir='ltr'><strong>tres</strong></span> <span class='ocrx_word' id='word_1_148' title='bbox 818 2269 931 2316; x_wconf 91' lang='lat' dir='ltr'><strong>tantum</strong></span> <span class='ocrx_word' id='word_1_149' title='bbox 946 2257 1021 2317; x_wconf 89' lang='lat' dir='ltr'><strong>ictus</strong></span> <span class='ocrx_word' id='word_1_150' title='bbox 1035 2258 1180 2330; x_wconf 86' lang='lat' dir='ltr'><strong>redderet,</strong></span> <span class='ocrx_word' id='word_1_151' title='bbox 1194 2263 1234 2319; x_wconf 94' lang='lat' dir='ltr'><strong>ob</strong></span> <span class='ocrx_word' id='word_1_152' title='bbox 1250 2261 1335 2339; x_wconf 83' lang='lat' dir='ltr'><strong>pedis</strong></span> <span class='ocrx_word' id='word_1_153' title='bbox 1349 2282 1390 2319; x_wconf 87' lang='lat' dir='ltr'><strong>ce·</strong></span> 
     </span>
     <span class='ocr_line' id='line_1_22' title="bbox 244 2337 1391 2421; baseline 0.001 -22"><span class='ocrx_word' id='word_1_154' title='bbox 244 2339 400 2409; x_wconf 83' lang='lat' dir='ltr'><strong>letitatem,</strong></span> <span class='ocrx_word' id='word_1_155' title='bbox 420 2341 585 2417; x_wconf 71' lang='lat' dir='ltr'><strong>praesertim</strong></span> <span class='ocrx_word' id='word_1_156' title='bbox 608 2359 674 2397; x_wconf 88' lang='lat' dir='ltr'><strong>cum</strong></span> <span class='ocrx_word' id='word_1_157' title='bbox 694 2350 773 2397; x_wconf 88' lang='lat' dir='ltr'><strong>totus</strong></span> <span class='ocrx_word' id='word_1_158' title='bbox 794 2338 897 2396; x_wconf 87' lang='lat' dir='ltr'><strong>iambis</strong></span> <span class='ocrx_word' id='word_1_159' title='bbox 917 2338 1000 2417; x_wconf 89' lang='lat' dir='ltr'><strong>puris</strong></span> <span class='ocrx_word' id='word_1_160' title='bbox 1015 2337 1153 2398; x_wconf 89' lang='lat' dir='ltr'><strong>decurrit.</strong></span> <span class='ocrx_word' id='word_1_161' title='bbox 1196 2338 1296 2401; x_wconf 86' lang='lat' dir='ltr'><strong>Latini</strong></span> <span class='ocrx_word' id='word_1_162' title='bbox 1310 2342 1391 2421; x_wconf 85' lang='lat' dir='ltr'><strong>igitur</strong></span> 
     </span>
     <span class='ocr_line' id='line_1_23' title="bbox 240 2417 1390 2501; baseline 0.003 -23"><span class='ocrx_word' id='word_1_163' title='bbox 240 2427 297 2499; x_wconf 83' lang='lat' dir='ltr'><strong>&#39;per</strong></span> <span class='ocrx_word' id='word_1_164' title='bbox 311 2425 475 2497; x_wconf 78' lang='grc' dir='ltr'>μονοποδίαν,</span> <span class='ocrx_word' id='word_1_165' title='bbox 490 2420 620 2499; x_wconf 76' lang='lat' dir='ltr'><strong>ringulae</strong></span> <span class='ocrx_word' id='word_1_166' title='bbox 629 2417 725 2499; x_wconf 77' lang='lat' dir='ltr'><strong>pedes,</strong></span> <span class='ocrx_word' id='word_1_167' title='bbox 739 2420 794 2477; x_wconf 88' lang='lat' dir='ltr'><strong>hos</strong></span> <span class='ocrx_word' id='word_1_168' title='bbox 808 2439 911 2477; x_wconf 87' lang='lat' dir='ltr'><strong>versus</strong></span> <span class='ocrx_word' id='word_1_169' title='bbox 925 2418 1114 2491; x_wconf 88' lang='lat' dir='ltr'><strong>dividebant;</strong></span> <span class='ocrx_word' id='word_1_170' title='bbox 1137 2420 1238 2481; x_wconf 87' lang='lat' dir='ltr'><strong>Graeci</strong></span> <span class='ocrx_word' id='word_1_171' title='bbox 1256 2442 1311 2501; x_wconf 86' lang='lat' dir='ltr'><strong>per</strong></span> <span class='ocrx_word' id='word_1_172' title='bbox 1324 2428 1390 2481; x_wconf 71' lang='lat' dir='ltr'><strong>birr-</strong></span> 
     </span>
     <span class='ocr_line' id='line_1_24' title="bbox 244 2498 1391 2582; baseline 0.001 -22"><span class='ocrx_word' id='word_1_173' title='bbox 244 2506 310 2571; x_wconf 80' lang='lat' dir='ltr'><strong>br&#39;ar,</strong></span> <span class='ocrx_word' id='word_1_174' title='bbox 325 2522 376 2561; x_wconf 85' lang='lat' dir='ltr'><strong>seu</strong></span> <span class='ocrx_word' id='word_1_175' title='bbox 388 2501 555 2581; x_wconf 78' lang='lat' dir='ltr'><strong>gerniaatos.</strong></span> <span class='ocrx_word' id='word_1_176' title='bbox 584 2500 657 2559; x_wconf 86' lang='lat' dir='ltr'><strong>lnde</strong></span> <span class='ocrx_word' id='word_1_177' title='bbox 668 2500 718 2577; x_wconf 92' lang='lat' dir='ltr'><strong>qui</strong></span> <span class='ocrx_word' id='word_1_178' title='bbox 733 2498 849 2559; x_wconf 85' lang='lat' dir='ltr'><strong>Graecis</strong></span> <span class='ocrx_word' id='word_1_179' title='bbox 863 2512 909 2557; x_wconf 88' lang='lat' dir='ltr'><strong>est</strong></span> <span class='ocrx_word' id='word_1_180' title='bbox 922 2509 1107 2571; x_wconf 85' lang='lat' dir='ltr'><strong>tetrametrar,</strong></span> <span class='ocrx_word' id='word_1_181' title='bbox 1117 2500 1244 2560; x_wconf 87' lang='lat' dir='ltr'><strong>Varroni</strong></span> <span class='ocrx_word' id='word_1_182' title='bbox 1257 2524 1277 2563; x_wconf 88' lang='lat' dir='ltr'><strong>a</strong></span> <span class='ocrx_word' id='word_1_183' title='bbox 1291 2504 1391 2582; x_wconf 86' lang='lat' dir='ltr'><strong>pedum</strong></span> 
     </span>
     <span class='ocr_line' id='line_1_25' title="bbox 245 2579 1391 2662; baseline 0.001 -22"><span class='ocrx_word' id='word_1_184' title='bbox 245 2602 367 2641; x_wconf 88' lang='lat' dir='ltr'><strong>numero</strong></span> <span class='ocrx_word' id='word_1_185' title='bbox 381 2596 426 2641; x_wconf 91' lang='lat' dir='ltr'><strong>est</strong></span> <span class='ocrx_word' id='word_1_186' title='bbox 440 2580 608 2641; x_wconf 79' lang='lat' dir='ltr'><strong>octonariar.</strong></span> <span class='ocrx_word' id='word_1_187' title='bbox 650 2580 729 2640; x_wconf 88' lang='lat' dir='ltr'><strong>Juba</strong></span> <span class='ocrx_word' id='word_1_188' title='bbox 741 2600 795 2637; x_wconf 85' lang='lat' dir='ltr'><strong>rex</strong></span> <span class='ocrx_word' id='word_1_189' title='bbox 813 2579 892 2658; x_wconf 89' lang='lat' dir='ltr'><strong>apud</strong></span> <span class='ocrx_word' id='word_1_190' title='bbox 909 2580 1049 2639; x_wconf 82' lang='lat' dir='ltr'><strong>Rufinum</strong></span> <span class='ocrx_word' id='word_1_191' title='bbox 1069 2581 1106 2640; x_wconf 92' lang='lat' dir='ltr'><strong>de</strong></span> <span class='ocrx_word' id='word_1_192' title='bbox 1127 2582 1246 2653; x_wconf 81' lang='lat' dir='ltr'><strong>Mettis,</strong></span> <span class='ocrx_word' id='word_1_193' title='bbox 1261 2605 1292 2662; x_wconf 89' lang='lat' dir='ltr'><strong>p.</strong></span> <span class='ocrx_word' id='word_1_194' title='bbox 1309 2588 1391 2644; x_wconf 74' lang='lat'><strong>2712.</strong></span> 
     </span>
     <span class='ocr_line' id='line_1_26' title="bbox 246 2659 1390 2741; baseline -0.001 -19"><span class='ocrx_word' id='word_1_195' title='bbox 246 2662 328 2728; x_wconf 81' lang='lat' dir='ltr'><strong>Quod</strong></span> <span class='ocrx_word' id='word_1_196' title='bbox 340 2672 432 2722; x_wconf 84' lang='lat' dir='ltr'><strong>autem</strong></span> <span class='ocrx_word' id='word_1_197' title='bbox 446 2662 517 2721; x_wconf 84' lang='lat' dir='ltr'><strong>biair</strong></span> <span class='ocrx_word' id='word_1_198' title='bbox 533 2660 661 2741; x_wconf 81' lang='lat' dir='ltr'><strong>pedibus,</strong></span> <span class='ocrx_word' id='word_1_199' title='bbox 676 2671 702 2719; x_wconf 87' lang='lat' dir='ltr'><strong>et</strong></span> <span class='ocrx_word' id='word_1_200' title='bbox 717 2680 771 2719; x_wconf 85' lang='lat' dir='ltr'><strong>aaa</strong></span> <span class='ocrx_word' id='word_1_201' title='bbox 785 2659 916 2739; x_wconf 75' lang='lat' dir='ltr'><strong>singulis,</strong></span> <span class='ocrx_word' id='word_1_202' title='bbox 932 2660 1085 2721; x_wconf 79' lang='lat' dir='ltr'><strong>scandatur</strong></span> <span class='ocrx_word' id='word_1_203' title='bbox 1099 2662 1242 2732; x_wconf 82' lang='lat' dir='ltr'><strong>iambicus,</strong></span> <span class='ocrx_word' id='word_1_204' title='bbox 1255 2674 1334 2723; x_wconf 79' lang='lat' dir='ltr'><strong>actm</strong></span> <span class='ocrx_word' id='word_1_205' title='bbox 1353 2665 1390 2721; x_wconf 85' lang='lat' dir='ltr'><strong>ia-</strong></span> 
     </span>
     <span class='ocr_line' id='line_1_27' title="bbox 243 2740 1392 2823; baseline -0.001 -20"><span class='ocrx_word' id='word_1_206' title='bbox 243 2744 371 2803; x_wconf 77' lang='lat' dir='ltr'><strong>etitutum</strong></span> <span class='ocrx_word' id='word_1_207' title='bbox 391 2753 442 2802; x_wconf 84' lang='lat' dir='ltr'><strong>ert.</strong></span> <span class='ocrx_word' id='word_1_208' title='bbox 479 2741 519 2802; x_wconf 82' lang='lat' dir='ltr'><strong>Et</strong></span> <span class='ocrx_word' id='word_1_209' title='bbox 539 2763 618 2812; x_wconf 88' lang='lat' dir='ltr'><strong>mox,</strong></span> <span class='ocrx_word' id='word_1_210' title='bbox 638 2740 719 2799; x_wconf 76' lang='lat' dir='ltr'><strong>Unde</strong></span> <span class='ocrx_word' id='word_1_211' title='bbox 738 2763 757 2799; x_wconf 92' lang='lat' dir='ltr'><strong>a</strong></span> <span class='ocrx_word' id='word_1_212' title='bbox 818 2751 860 2800; x_wconf 87' lang='lat' dir='ltr'><strong>ret</strong></span> <span class='ocrx_word' id='word_1_213' title='bbox 873 2741 1012 2800; x_wconf 66' lang='lat' dir='ltr'><strong>tamam</strong></span> <span class='ocrx_word' id='word_1_214' title='bbox 1031 2742 1152 2822; x_wconf 77' lang='lat' dir='ltr'><strong>cingulis</strong></span> <span class='ocrx_word' id='word_1_215' title='bbox 1167 2742 1289 2823; x_wconf 78' lang='lat' dir='ltr'><strong>pedibar</strong></span> <span class='ocrx_word' id='word_1_216' title='bbox 1302 2744 1392 2804; x_wconf 77' lang='lat' dir='ltr'><strong>acardi</strong></span> 
     </span>
     <span class='ocr_line' id='line_1_28' title="bbox 243 2761 1391 2903; baseline 0.004 -23"><span class='ocrx_word' id='word_1_217' title='bbox 243 2824 329 2882; x_wconf 83' lang='lat' dir='ltr'><strong>etiam</strong></span> <span class='ocrx_word' id='word_1_218' title='bbox 349 2823 429 2903; x_wconf 83' lang='lat' dir='ltr'><strong>apud</strong></span> <span class='ocrx_word' id='word_1_219' title='bbox 447 2833 550 2882; x_wconf 73' lang='lat' dir='ltr'><strong>ueteres</strong></span> <span class='ocrx_word' id='word_1_220' title='bbox 570 2822 690 2891; x_wconf 77' lang='lat' dir='ltr'><strong>solitum,</strong></span> <span class='ocrx_word' id='word_1_221' title='bbox 713 2761 834 2881; x_wconf 54' lang='lat' dir='ltr'><strong>iardbitam</strong></span> <span class='ocrx_word' id='word_1_222' title='bbox 850 2831 942 2880; x_wconf 85' lang='lat' dir='ltr'><strong>autem</strong></span> <span class='ocrx_word' id='word_1_223' title='bbox 962 2821 1043 2881; x_wconf 79' lang='lat' dir='ltr'><strong>binis.</strong></span> <span class='ocrx_word' id='word_1_224' title='bbox 1086 2822 1202 2883; x_wconf 87' lang='lat' dir='ltr'><strong>Marius</strong></span> <span class='ocrx_word' id='word_1_225' title='bbox 1216 2824 1391 2895; x_wconf 87' lang='lat' dir='ltr'><strong>Victorinus,</strong></span> 
     </span>
     <span class='ocr_line' id='line_1_29' title="bbox 243 2902 1393 2986; baseline 0.003 -25"><span class='ocrx_word' id='word_1_226' title='bbox 243 2924 274 2983; x_wconf 91' lang='lat' dir='ltr'><strong>p.</strong></span> <span class='ocrx_word' id='word_1_227' title='bbox 290 2908 379 2965; x_wconf 79' lang='lat'><strong>2497.</strong></span> <span class='ocrx_word' id='word_1_228' title='bbox 394 2904 453 2962; x_wconf 87' lang='lat' dir='ltr'><strong>Per</strong></span> <span class='ocrx_word' id='word_1_229' title='bbox 464 2902 656 2982; x_wconf 72' lang='lat' dir='ltr'><strong>antepodium</strong></span> <span class='ocrx_word' id='word_1_230' title='bbox 670 2902 731 2961; x_wconf 83' lang='lat' dir='ltr'><strong>tola</strong></span> <span class='ocrx_word' id='word_1_231' title='bbox 744 2902 889 2981; x_wconf 76' lang='lat' dir='ltr'><strong>dactylica</strong></span> <span class='ocrx_word' id='word_1_232' title='bbox 902 2902 1092 2974; x_wconf 66' lang='lat' dir='ltr'><strong>inundantum</strong></span> <span class='ocrx_word' id='word_1_233' title='bbox 1110 2925 1165 2985; x_wconf 79' lang='lat' dir='ltr'><strong>prr</strong></span> <span class='ocrx_word' id='word_1_234' title='bbox 1178 2904 1323 2986; x_wconf 82' lang='lat' dir='ltr'><strong>dipodiam</strong></span> <span class='ocrx_word' id='word_1_235' title='bbox 1336 2926 1393 2965; x_wconf 89' lang='lat' dir='ltr'><strong>orm</strong></span> 
     </span>
     <span class='ocr_line' id='line_1_30' title="bbox 243 2983 1393 3081; baseline 0.001 -38"><span class='ocrx_word' id='word_1_236' title='bbox 243 2994 362 3043; x_wconf 67' lang='lat' dir='ltr'><strong>caetera.</strong></span> <span class='ocrx_word' id='word_1_237' title='bbox 403 2984 537 3043; x_wconf 87' lang='lat' dir='ltr'><strong>Nescivit</strong></span> <span class='ocrx_word' id='word_1_238' title='bbox 561 2984 609 3042; x_wconf 90' lang='lat' dir='ltr'><strong>hic</strong></span> <span class='ocrx_word' id='word_1_239' title='bbox 630 2983 802 3043; x_wconf 86' lang='lat' dir='ltr'><strong>bacchiacos</strong></span> <span class='ocrx_word' id='word_1_240' title='bbox 815 2996 846 3041; x_wconf 90' lang='lat' dir='ltr'><strong>et</strong></span> <span class='ocrx_word' id='word_1_241' title='bbox 866 2984 999 3053; x_wconf 84' lang='lat' dir='ltr'><strong>creticos,</strong></span> <span class='ocrx_word' id='word_1_242' title='bbox 1016 3004 1090 3061; x_wconf 89' lang='lat' dir='ltr'><strong>quos</strong></span> <span class='ocrx_word' id='word_1_243' title='bbox 1110 2986 1200 3045; x_wconf 89' lang='lat' dir='ltr'><strong>etiam</strong></span> <span class='ocrx_word' id='word_1_244' title='bbox 1220 2986 1393 3081; x_wconf 70' lang='lat' dir='ltr'><strong>monopodia</strong></span> 
     </span>
     <span class='ocr_line' id='line_1_31' title="bbox 244 3063 1392 3147; baseline 0.005 -25"><span class='ocrx_word' id='word_1_245' title='bbox 244 3064 406 3124; x_wconf 89' lang='lat' dir='ltr'><strong>dimetitur.</strong></span> <span class='ocrx_word' id='word_1_246' title='bbox 441 3064 610 3135; x_wconf 88' lang='lat' dir='ltr'><strong>Diomedes,</strong></span> <span class='ocrx_word' id='word_1_247' title='bbox 626 3085 656 3143; x_wconf 93' lang='lat' dir='ltr'><strong>p.</strong></span> <span class='ocrx_word' id='word_1_248' title='bbox 668 3068 738 3122; x_wconf 79' lang='grc'><strong>503.</strong></span> <span class='ocrx_word' id='word_1_249' title='bbox 751 3063 867 3122; x_wconf 84' lang='lat' dir='ltr'><strong>Feritar</strong></span> <span class='ocrx_word' id='word_1_250' title='bbox 879 3064 1008 3123; x_wconf 73' lang='lat' dir='ltr'><strong>ratariae</strong></span> <span class='ocrx_word' id='word_1_251' title='bbox 1020 3064 1154 3125; x_wconf 81' lang='lat' dir='ltr'><strong>iambicus</strong></span> <span class='ocrx_word' id='word_1_252' title='bbox 1168 3066 1335 3128; x_wconf 71' lang='lat' dir='ltr'><strong>combinatis</strong></span> <span class='ocrx_word' id='word_1_253' title='bbox 1344 3088 1392 3147; x_wconf 84' lang='lat' dir='ltr'><strong>pe-</strong></span> 
     </span>
     <span class='ocr_line' id='line_1_32' title="bbox 243 3143 913 3223; baseline -0.001 -19"><span class='ocrx_word' id='word_1_254' title='bbox 243 3144 324 3205; x_wconf 74' lang='lat' dir='ltr'><strong>dibus</strong></span> <span class='ocrx_word' id='word_1_255' title='bbox 338 3155 390 3205; x_wconf 74' lang='lat' dir='ltr'><strong>ter.</strong></span> <span class='ocrx_word' id='word_1_256' title='bbox 418 3144 614 3205; x_wconf 84' lang='lat' dir='ltr'><strong>Terentianus</strong></span> <span class='ocrx_word' id='word_1_257' title='bbox 630 3143 765 3215; x_wconf 86' lang='lat' dir='ltr'><strong>Maurus,</strong></span> <span class='ocrx_word' id='word_1_258' title='bbox 779 3166 808 3223; x_wconf 91' lang='lat' dir='ltr'><strong>p.</strong></span> <span class='ocrx_word' id='word_1_259' title='bbox 824 3150 913 3205; x_wconf 79' lang='lat'><strong>2432.</strong></span> 
     </span>
    </p>

    <p class='ocr_par' dir='ltr' id='par_1_12' title="bbox 456 3238 966 3309">
     <span class='ocr_line' id='line_1_33' title="bbox 456 3238 966 3309; baseline 0 -16"><span class='ocrx_word' id='word_1_260' title='bbox 456 3238 566 3293; x_wconf 85' lang='lat' dir='ltr'><strong>lumbus</strong></span> <span class='ocrx_word' id='word_1_261' title='bbox 577 3239 634 3309; x_wconf 86' lang='lat' dir='ltr'><strong>ipse</strong></span> <span class='ocrx_word' id='word_1_262' title='bbox 645 3255 691 3293; x_wconf 82' lang='lat' dir='ltr'><strong>tea</strong></span> <span class='ocrx_word' id='word_1_263' title='bbox 703 3238 775 3293; x_wconf 90' lang='lat' dir='ltr'><strong>enim</strong></span> <span class='ocrx_word' id='word_1_264' title='bbox 786 3238 854 3293; x_wconf 88' lang='lat' dir='ltr'><strong>locis</strong></span> <span class='ocrx_word' id='word_1_265' title='bbox 865 3246 966 3303; x_wconf 90' lang='lat' dir='ltr'><strong>manet,</strong></span> 
     </span>
    </p>

    <p class='ocr_par' dir='ltr' id='par_1_13' title="bbox 454 3308 988 3365">
     <span class='ocr_line' id='line_1_34' title="bbox 454 3308 988 3365; baseline -0.002 -2"><span class='ocrx_word' id='word_1_266' title='bbox 454 3309 490 3363; x_wconf 89' lang='lat' dir='ltr'><strong>Et</strong></span> <span class='ocrx_word' id='word_1_267' title='bbox 501 3308 564 3365; x_wconf 90' lang='lat' dir='ltr'><strong>inde</strong></span> <span class='ocrx_word' id='word_1_268' title='bbox 575 3326 676 3363; x_wconf 89' lang='lat' dir='ltr'><strong>nomen</strong></span> <span class='ocrx_word' id='word_1_269' title='bbox 688 3308 804 3363; x_wconf 88' lang='lat' dir='ltr'><strong>inditum</strong></span> <span class='ocrx_word' id='word_1_270' title='bbox 817 3318 857 3362; x_wconf 89' lang='lat' dir='ltr'><strong>est</strong></span> <span class='ocrx_word' id='word_1_271' title='bbox 868 3309 988 3363; x_wconf 73' lang='lat' dir='ltr'><strong>caurio:</strong></span> 
     </span>
    </p>

    <p class='ocr_par' dir='ltr' id='par_1_14' title="bbox 452 3378 1030 3445">
     <span class='ocr_line' id='line_1_35' title="bbox 452 3378 1030 3445; baseline -0.002 -11"><span class='ocrx_word' id='word_1_272' title='bbox 452 3378 506 3434; x_wconf 88' lang='lat' dir='ltr'><strong>Sed</strong></span> <span class='ocrx_word' id='word_1_273' title='bbox 519 3386 559 3433; x_wconf 82' lang='lat' dir='ltr'><strong>ter</strong></span> <span class='ocrx_word' id='word_1_274' title='bbox 570 3380 675 3445; x_wconf 82' lang='lat' dir='ltr'><strong>seritur,</strong></span> <span class='ocrx_word' id='word_1_275' title='bbox 692 3379 756 3433; x_wconf 88' lang='lat' dir='ltr'><strong>hinc</strong></span> <span class='ocrx_word' id='word_1_276' title='bbox 769 3380 902 3433; x_wconf 81' lang='lat' dir='ltr'><strong>trimetrar</strong></span> <span class='ocrx_word' id='word_1_277' title='bbox 914 3379 1030 3444; x_wconf 81' lang='lat' dir='ltr'><strong>dicitur;</strong></span> 
     </span>
    </p>

    <p class='ocr_par' dir='ltr' id='par_1_15' title="bbox 241 3448 1392 4182">
     <span class='ocr_line' id='line_1_36' title="bbox 456 3448 1100 3521; baseline 0 -16"><span class='ocrx_word' id='word_1_278' title='bbox 456 3448 616 3505; x_wconf 87' lang='lat' dir='ltr'><strong>Scandendo</strong></span> <span class='ocrx_word' id='word_1_279' title='bbox 628 3450 708 3505; x_wconf 91' lang='lat' dir='ltr'><strong>binos</strong></span> <span class='ocrx_word' id='word_1_280' title='bbox 720 3448 795 3521; x_wconf 88' lang='lat' dir='ltr'><strong>quod</strong></span> <span class='ocrx_word' id='word_1_281' title='bbox 806 3449 888 3519; x_wconf 88' lang='lat' dir='ltr'><strong>pedes</strong></span> <span class='ocrx_word' id='word_1_282' title='bbox 899 3451 1100 3521; x_wconf 77' lang='lat' dir='ltr'><strong>conjungimus.</strong></span> 
     </span>
     <span class='ocr_line' id='line_1_37' title="bbox 243 3538 1392 3620; baseline 0.002 -23"><span class='ocrx_word' id='word_1_283' title='bbox 243 3538 329 3611; x_wconf 81' lang='lat' dir='ltr'><strong>Iotae,</strong></span> <span class='ocrx_word' id='word_1_284' title='bbox 348 3539 490 3619; x_wconf 81' lang='lat' dir='ltr'><strong>perctrario</strong></span> <span class='ocrx_word' id='word_1_285' title='bbox 503 3539 627 3609; x_wconf 77' lang='lat' dir='ltr'><strong>dicitur3</strong></span> <span class='ocrx_word' id='word_1_286' title='bbox 651 3539 720 3617; x_wconf 86' lang='lat' dir='ltr'><strong>quie</strong></span> <span class='ocrx_word' id='word_1_287' title='bbox 741 3538 858 3609; x_wconf 90' lang='lat' dir='ltr'><strong>tibicen,</strong></span> <span class='ocrx_word' id='word_1_288' title='bbox 874 3538 945 3597; x_wconf 90' lang='lat' dir='ltr'><strong>dum</strong></span> <span class='ocrx_word' id='word_1_289' title='bbox 958 3538 1108 3616; x_wconf 83' lang='lat' dir='ltr'><strong>rythmum</strong></span> <span class='ocrx_word' id='word_1_290' title='bbox 1122 3552 1153 3599; x_wconf 86' lang='lat' dir='ltr'><strong>et</strong></span> <span class='ocrx_word' id='word_1_291' title='bbox 1165 3552 1283 3620; x_wconf 86' lang='lat' dir='ltr'><strong>tempus</strong></span> <span class='ocrx_word' id='word_1_292' title='bbox 1296 3542 1392 3601; x_wconf 91' lang='lat' dir='ltr'><strong>mode·</strong></span> 
     </span>
     <span class='ocr_line' id='line_1_38' title="bbox 243 3620 1390 3700; baseline 0 -21"><span class='ocrx_word' id='word_1_293' title='bbox 243 3622 372 3692; x_wconf 84' lang='lat' dir='ltr'><strong>rebatur,</strong></span> <span class='ocrx_word' id='word_1_294' title='bbox 389 3634 433 3679; x_wconf 90' lang='lat' dir='ltr'><strong>ter</strong></span> <span class='ocrx_word' id='word_1_295' title='bbox 454 3621 483 3679; x_wconf 88' lang='lat' dir='ltr'><strong>in</strong></span> <span class='ocrx_word' id='word_1_296' title='bbox 505 3621 647 3687; x_wconf 87' lang='lat' dir='ltr'><strong>trimetro,</strong></span> <span class='ocrx_word' id='word_1_297' title='bbox 663 3631 766 3697; x_wconf 85' lang='lat' dir='ltr'><strong>quater</strong></span> <span class='ocrx_word' id='word_1_298' title='bbox 788 3621 817 3677; x_wconf 89' lang='lat' dir='ltr'><strong>in</strong></span> <span class='ocrx_word' id='word_1_299' title='bbox 840 3631 1020 3689; x_wconf 87' lang='lat' dir='ltr'><strong>tetrametro,</strong></span> <span class='ocrx_word' id='word_1_300' title='bbox 1042 3620 1137 3679; x_wconf 87' lang='lat' dir='ltr'><strong>solum</strong></span> <span class='ocrx_word' id='word_1_301' title='bbox 1156 3622 1231 3700; x_wconf 91' lang='lat' dir='ltr'><strong>pede</strong></span> <span class='ocrx_word' id='word_1_302' title='bbox 1255 3622 1390 3682; x_wconf 85' lang='lat' dir='ltr'><strong>feriebat:</strong></span> 
     </span>
     <span class='ocr_line' id='line_1_39' title="bbox 244 3699 1392 3782; baseline -0.001 -22"><span class='ocrx_word' id='word_1_303' title='bbox 244 3706 320 3779; x_wconf 71' lang='grc' dir='ltr'>ἄρσις</span> <span class='ocrx_word' id='word_1_304' title='bbox 340 3714 438 3761; x_wconf 83' lang='lat' dir='ltr'><strong>autern</strong></span> <span class='ocrx_word' id='word_1_305' title='bbox 459 3702 520 3760; x_wconf 85' lang='lat' dir='ltr'><strong>sive</strong></span> <span class='ocrx_word' id='word_1_306' title='bbox 541 3700 660 3759; x_wconf 81' lang='lat' dir='ltr'><strong>elevatio</strong></span> <span class='ocrx_word' id='word_1_307' title='bbox 680 3699 862 3779; x_wconf 83' lang='lat' dir='ltr'><strong>appellatur;</strong></span> <span class='ocrx_word' id='word_1_308' title='bbox 885 3699 966 3777; x_wconf 92' lang='lat' dir='ltr'><strong>quod</strong></span> <span class='ocrx_word' id='word_1_309' title='bbox 985 3702 1013 3759; x_wconf 90' lang='lat' dir='ltr'><strong>in</strong></span> <span class='ocrx_word' id='word_1_310' title='bbox 1028 3700 1131 3761; x_wconf 90' lang='lat' dir='ltr'><strong>iisdem</strong></span> <span class='ocrx_word' id='word_1_311' title='bbox 1146 3702 1277 3779; x_wconf 85' lang='lat' dir='ltr'><strong>syllabis,</strong></span> <span class='ocrx_word' id='word_1_312' title='bbox 1291 3705 1392 3782; x_wconf 89' lang='lat' dir='ltr'><strong>quibus</strong></span> 
     </span>
     <span class='ocr_line' id='line_1_40' title="bbox 243 3781 1392 3861; baseline 0 -20"><span class='ocrx_word' id='word_1_313' title='bbox 243 3782 351 3843; x_wconf 89' lang='lat' dir='ltr'><strong>tibicen</strong></span> <span class='ocrx_word' id='word_1_314' title='bbox 364 3782 460 3861; x_wconf 82' lang='lat' dir='ltr'><strong>prdem</strong></span> <span class='ocrx_word' id='word_1_315' title='bbox 474 3781 723 3850; x_wconf 87' lang='lat' dir='ltr'><strong>accommodabat,</strong></span> <span class='ocrx_word' id='word_1_316' title='bbox 740 3794 821 3840; x_wconf 88' lang='lat' dir='ltr'><strong>actor</strong></span> <span class='ocrx_word' id='word_1_317' title='bbox 836 3801 927 3839; x_wconf 85' lang='lat' dir='ltr'><strong>rocam</strong></span> <span class='ocrx_word' id='word_1_318' title='bbox 941 3783 1065 3841; x_wconf 89' lang='lat' dir='ltr'><strong>acuebat</strong></span> <span class='ocrx_word' id='word_1_319' title='bbox 1076 3804 1111 3841; x_wconf 88' lang='lat' dir='ltr'><strong>ac</strong></span> <span class='ocrx_word' id='word_1_320' title='bbox 1124 3782 1254 3843; x_wconf 89' lang='lat' dir='ltr'><strong>tollebat.</strong></span> <span class='ocrx_word' id='word_1_321' title='bbox 1278 3784 1312 3843; x_wconf 92' lang='lat' dir='ltr'><strong>In</strong></span> <span class='ocrx_word' id='word_1_322' title='bbox 1327 3782 1392 3843; x_wconf 73' lang='lat' dir='ltr'><strong>iberi</strong></span> 
     </span>
     <span class='ocr_line' id='line_1_41' title="bbox 242 3861 1391 3939; baseline -0.001 -17"><span class='ocrx_word' id='word_1_323' title='bbox 242 3876 341 3923; x_wconf 90' lang='lat' dir='ltr'><strong>autem</strong></span> <span class='ocrx_word' id='word_1_324' title='bbox 355 3878 423 3923; x_wconf 90' lang='lat' dir='ltr'><strong>sunt</strong></span> <span class='ocrx_word' id='word_1_325' title='bbox 437 3874 553 3923; x_wconf 83' lang='lat' dir='ltr'><strong>caeterae</strong></span> <span class='ocrx_word' id='word_1_326' title='bbox 568 3861 697 3939; x_wconf 82' lang='lat' dir='ltr'><strong>syllabae,</strong></span> <span class='ocrx_word' id='word_1_327' title='bbox 713 3882 780 3939; x_wconf 85' lang='lat' dir='ltr'><strong>quae</strong></span> <span class='ocrx_word' id='word_1_328' title='bbox 802 3863 863 3921; x_wconf 88' lang='lat' dir='ltr'><strong>ictu</strong></span> <span class='ocrx_word' id='word_1_329' title='bbox 876 3862 1026 3920; x_wconf 77' lang='lat' dir='ltr'><strong>destitutae</strong></span> <span class='ocrx_word' id='word_1_330' title='bbox 1039 3864 1135 3921; x_wconf 87' lang='lat' dir='ltr'><strong>minus</strong></span> <span class='ocrx_word' id='word_1_331' title='bbox 1149 3864 1258 3924; x_wconf 91' lang='lat' dir='ltr'><strong>idcirco</strong></span> <span class='ocrx_word' id='word_1_332' title='bbox 1274 3865 1391 3925; x_wconf 88' lang='lat' dir='ltr'><strong>audiun-</strong></span> 
     </span>
     <span class='ocr_line' id='line_1_42' title="bbox 242 3940 1391 4025; baseline -0.001 -23"><span class='ocrx_word' id='word_1_333' title='bbox 242 3957 301 4003; x_wconf 86' lang='lat' dir='ltr'><strong>tur.</strong></span> <span class='ocrx_word' id='word_1_334' title='bbox 344 3944 409 4003; x_wconf 87' lang='lat' dir='ltr'><strong>Hos</strong></span> <span class='ocrx_word' id='word_1_335' title='bbox 424 3946 499 4003; x_wconf 88' lang='lat' dir='ltr'><strong>ictus</strong></span> <span class='ocrx_word' id='word_1_336' title='bbox 515 3944 576 4001; x_wconf 86' lang='lat' dir='ltr'><strong>sive</strong></span> <span class='ocrx_word' id='word_1_337' title='bbox 590 3946 687 4019; x_wconf 74' lang='grc' dir='ltr'><strong><em>ὄρσεις,</em></strong></span> <span class='ocrx_word' id='word_1_338' title='bbox 702 3961 809 4020; x_wconf 82' lang='lat' dir='ltr'><strong>magno</strong></span> <span class='ocrx_word' id='word_1_339' title='bbox 824 3940 998 4001; x_wconf 89' lang='lat' dir='ltr'><strong>discentium</strong></span> <span class='ocrx_word' id='word_1_340' title='bbox 1012 3944 1177 4013; x_wconf 91' lang='lat' dir='ltr'><strong>commodo,</strong></span> <span class='ocrx_word' id='word_1_341' title='bbox 1192 3965 1245 4005; x_wconf 92' lang='lat' dir='ltr'><strong>nos</strong></span> <span class='ocrx_word' id='word_1_342' title='bbox 1264 3948 1350 4025; x_wconf 90' lang='lat' dir='ltr'><strong>primi</strong></span> <span class='ocrx_word' id='word_1_343' title='bbox 1364 3946 1391 4002; x_wconf 92' lang='lat' dir='ltr'><strong>in</strong></span> 
     </span>
     <span class='ocr_line' id='line_1_43' title="bbox 241 4025 1392 4102; baseline -0.001 -19"><span class='ocrx_word' id='word_1_344' title='bbox 241 4038 342 4084; x_wconf 85' lang='lat' dir='ltr'><strong>nostra</strong></span> <span class='ocrx_word' id='word_1_345' title='bbox 363 4026 490 4085; x_wconf 88' lang='lat' dir='ltr'><strong>editione</strong></span> <span class='ocrx_word' id='word_1_346' title='bbox 512 4042 564 4101; x_wconf 91' lang='lat' dir='ltr'><strong>per</strong></span> <span class='ocrx_word' id='word_1_347' title='bbox 586 4036 724 4082; x_wconf 87' lang='lat' dir='ltr'><strong>accentus</strong></span> <span class='ocrx_word' id='word_1_348' title='bbox 748 4035 851 4082; x_wconf 90' lang='lat' dir='ltr'><strong>acutos</strong></span> <span class='ocrx_word' id='word_1_349' title='bbox 875 4025 1083 4102; x_wconf 85' lang='lat' dir='ltr'><strong>expressimus,</strong></span> <span class='ocrx_word' id='word_1_350' title='bbox 1107 4038 1167 4083; x_wconf 88' lang='lat' dir='ltr'><strong>tres</strong></span> <span class='ocrx_word' id='word_1_351' title='bbox 1191 4026 1222 4084; x_wconf 88' lang='lat' dir='ltr'><strong>in</strong></span> <span class='ocrx_word' id='word_1_352' title='bbox 1244 4026 1392 4094; x_wconf 87' lang='lat' dir='ltr'><strong>trimetris,</strong></span> 
     </span>
     <span class='ocr_line' id='line_1_44' title="bbox 244 4104 621 4182; baseline -0.005 -18"><span class='ocrx_word' id='word_1_353' title='bbox 244 4118 368 4182; x_wconf 82' lang='lat' dir='ltr'><strong>quatuor</strong></span> <span class='ocrx_word' id='word_1_354' title='bbox 382 4106 411 4165; x_wconf 92' lang='lat' dir='ltr'><strong>in</strong></span> <span class='ocrx_word' id='word_1_355' title='bbox 427 4104 621 4166; x_wconf 84' lang='lat' dir='ltr'><strong>tetrametris:</strong></span> 
     </span>
    </p>
   </div>
   <div class='ocr_carea' id='block_1_7' title="bbox 453 4196 1265 4483">
    <p class='ocr_par' dir='ltr' id='par_1_16' title="bbox 456 4196 1232 4339">
     <span class='ocr_line' id='line_1_45' title="bbox 456 4196 1232 4273; baseline 0.004 -20"><span class='ocrx_word' id='word_1_356' title='bbox 456 4198 539 4253; x_wconf 74' lang='lat' dir='ltr'><strong>Poeta</strong></span> <span class='ocrx_word' id='word_1_357' title='bbox 551 4214 613 4252; x_wconf 91' lang='lat' dir='ltr'><strong>cum</strong></span> <span class='ocrx_word' id='word_1_358' title='bbox 625 4198 743 4269; x_wconf 88' lang='lat' dir='ltr'><strong>primum</strong></span> <span class='ocrx_word' id='word_1_359' title='bbox 756 4196 877 4251; x_wconf 80' lang='lat' dir='ltr'><strong>inimum</strong></span> <span class='ocrx_word' id='word_1_360' title='bbox 888 4196 922 4251; x_wconf 88' lang='lat' dir='ltr'><strong>ad</strong></span> <span class='ocrx_word' id='word_1_361' title='bbox 935 4197 1106 4254; x_wconf 87' lang='lat' dir='ltr'><strong>scribendum</strong></span> <span class='ocrx_word' id='word_1_362' title='bbox 1118 4200 1232 4273; x_wconf 75' lang='lat' dir='ltr'><strong>appulit,</strong></span> 
     </span>
     <span class='ocr_line' id='line_1_46' title="bbox 456 4266 961 4339; baseline -0.004 -15"><span class='ocrx_word' id='word_1_363' title='bbox 456 4268 490 4324; x_wconf 92' lang='lat' dir='ltr'><strong>ld</strong></span> <span class='ocrx_word' id='word_1_364' title='bbox 501 4268 552 4323; x_wconf 80' lang='lat' dir='ltr'><strong>sibi</strong></span> <span class='ocrx_word' id='word_1_365' title='bbox 564 4269 657 4339; x_wconf 79' lang='lat' dir='ltr'><strong>negoti</strong></span> <span class='ocrx_word' id='word_1_366' title='bbox 669 4266 782 4322; x_wconf 77' lang='lat' dir='ltr'><strong>credidit</strong></span> <span class='ocrx_word' id='word_1_367' title='bbox 794 4267 884 4322; x_wconf 83' lang='lat' dir='ltr'><strong>solrim</strong></span> <span class='ocrx_word' id='word_1_368' title='bbox 895 4266 961 4322; x_wconf 83' lang='lat' dir='ltr'><strong>dari.</strong></span> 
     </span>
    </p>

    <p class='ocr_par' dir='ltr' id='par_1_17' title="bbox 453 4336 1265 4483">
     <span class='ocr_line' id='line_1_47' title="bbox 455 4336 1265 4413; baseline 0.005 -20"><span class='ocrx_word' id='word_1_369' title='bbox 455 4338 610 4404; x_wconf 75' lang='lat' dir='ltr'><strong>Enimvero,</strong></span> <span class='ocrx_word' id='word_1_370' title='bbox 624 4338 712 4403; x_wconf 87' lang='lat' dir='ltr'><strong>Dare,</strong></span> <span class='ocrx_word' id='word_1_371' title='bbox 724 4336 765 4392; x_wconf 91' lang='lat' dir='ltr'><strong>nil</strong></span> <span class='ocrx_word' id='word_1_372' title='bbox 774 4338 829 4392; x_wconf 88' lang='lat' dir='ltr'><strong>loci</strong></span> <span class='ocrx_word' id='word_1_373' title='bbox 840 4348 881 4393; x_wconf 82' lang='lat' dir='ltr'><strong>est</strong></span> <span class='ocrx_word' id='word_1_374' title='bbox 893 4338 1015 4409; x_wconf 74' lang='lat' dir='ltr'><strong>segnitia</strong></span> <span class='ocrx_word' id='word_1_375' title='bbox 1025 4357 1114 4413; x_wconf 85' lang='lat' dir='ltr'><strong>neque</strong></span> <span class='ocrx_word' id='word_1_376' title='bbox 1125 4340 1265 4409; x_wconf 71' lang='lat' dir='ltr'><strong>socordia,</strong></span> 
     </span>
     <span class='ocr_line' id='line_1_48' title="bbox 453 4406 1242 4483; baseline 0.004 -18"><span class='ocrx_word' id='word_1_377' title='bbox 453 4408 593 4475; x_wconf 86' lang='lat' dir='ltr'><strong>Quantum</strong></span> <span class='ocrx_word' id='word_1_378' title='bbox 605 4408 725 4465; x_wconf 82' lang='lat' dir='ltr'><strong>intellexi</strong></span> <span class='ocrx_word' id='word_1_379' title='bbox 736 4406 819 4464; x_wconf 83' lang='lat' dir='ltr'><strong>mbdo</strong></span> <span class='ocrx_word' id='word_1_380' title='bbox 829 4410 902 4465; x_wconf 81' lang='lat' dir='ltr'><strong>senis</strong></span> <span class='ocrx_word' id='word_1_381' title='bbox 913 4409 1074 4466; x_wconf 70' lang='lat' dir='ltr'><strong>mumadam</strong></span> <span class='ocrx_word' id='word_1_382' title='bbox 1085 4410 1121 4467; x_wconf 87' lang='lat' dir='ltr'><strong>de</strong></span> <span class='ocrx_word' id='word_1_383' title='bbox 1130 4410 1242 4483; x_wconf 78' lang='lat' dir='ltr'><strong>nuptiis.</strong></span> 
     </span>
    </p>
   </div>
   <div class='ocr_carea' id='block_1_8' title="bbox 0 0 1422 4759">
    <p class='ocr_par' dir='ltr' id='par_1_18' title="bbox 0 0 1422 4759">
     <span class='ocr_line' id='line_1_49' title="bbox 0 0 1422 4759; baseline 0 0"><span class='ocrx_word' id='word_1_384' title='bbox 0 0 1422 4759; x_wconf 95' lang='lat' dir='ltr'><strong> </strong></span> 
     </span>
    </p>
   </div>
  </div>
 </body>
</html>
