2834 4759
232 181 293 244 lta
651 174 950 240 PROLOGUS

316 314 447 391 Poetae,
470 336 535 377 non
551 336 616 397 quo
630 311 753 375 furtum
768 309 875 373 facere
891 308 1063 374 studuerit.

317 412 358 476 Id
372 414 417 476 ita
431 434 515 488 esse,
531 433 589 474 vos
600 410 668 494 jam
679 407 828 491 judicare
842 408 1002 491 poteritis.

273 526 304 571 ao
318 512 421 577 Colax
437 512 613 576 Menandri
627 522 698 575 est:
723 510 756 572 in
771 530 811 571 ea
824 516 874 569 est
889 506 1053 589 parasitus
1069 504 1182 580 Colax,

319 611 366 674 Et
382 609 472 674 miles
488 608 666 693 gloriosus:
691 628 747 670 eas
764 626 798 669 se
814 625 878 665 non
891 611 993 686 ,negat

317 707 480 771 Personas
496 704 700 769 transtulisse
717 706 749 767 in
765 698 963 765 Eunuchum
979 720 1070 763 suam

318 804 373 867 Ex
389 803 529 879 Graeca3
554 802 682 866 sedeas
697 799 824 864 fabulas
840 800 943 865 factas
958 802 1049 884 prius

319 901 465 977 Latinas,
482 902 582 965 scisse
597 921 681 975 sese,
698 899 733 962 id
748 919 825 963 vero
841 910 1009 982 pernegat.

275 1014 305 1057 aa
318 999 419 1074 Quod
435 1000 462 1061 si
476 998 625 1082 personis
640 995 755 1060 iisdem
770 997 818 1060 uti
832 994 902 1059 aliis
917 1017 983 1059 non
996 993 1090 1071 licet;

319 1096 388 1169 Qui
402 1096 504 1178 magis
519 1094 595 1159 licet
610 1106 778 1159 currentes
794 1115 904 1157 servos
921 1094 1076 1169 scribere,

318 1193 429 1256 Bonas
445 1203 607 1256 matronas
623 1191 742 1267 facere,
758 1194 944 1255 meretrices
961 1190 1072 1267 malas,

319 1290 504 1354 Parasitum
519 1289 663 1364 edacem,
679 1286 855 1372 gloriosum
870 1286 1012 1365 militem,

320 1386 464 1452 Puerum
481 1388 632 1472 supponi,
647 1384 716 1449 falli
730 1408 791 1470 per
806 1408 934 1451 servum
950 1407 1070 1462 senem,

277 1499 309 1543 40
321 1486 454 1562 Amare,
470 1486 590 1562 odisse,
607 1485 787 1568 suspicari?
810 1485 951 1567 denique

320 1582 457 1647 Nullum
471 1594 522 1647 est
534 1583 751 1667 jamdictum,
768 1582 857 1665 quod
873 1603 937 1644 non
953 1582 1075 1645 dictum
1091 1581 1132 1643 sit
1147 1582 1251 1663 prius.

321 1680 434 1751 Quare
449 1702 578 1764 aequum
593 1690 643 1743 est
659 1701 716 1743 vos
731 1700 940 1763 cognoscere,
956 1689 1054 1762 atque
1069 1678 1253 1761 ignoscere,

321 1779 407 1850 Quae
423 1790 549 1842 veteres
566 1778 766 1855 factitarunt,
782 1779 809 1841 si
824 1775 947 1842 faciunt
961 1778 1046 1840 novi.

320 1876 410 1940 Date
425 1898 568 1959 operam,
584 1887 618 1940 et
633 1898 707 1941 cum
722 1874 849 1941 silentio
864 1874 1121 1950 animadvertite,

234 2041 304 2100 (aunt
316 2038 390 2086 verba
401 2036 511 2086 Terentii
524 2036 588 2084 Eun.
601 2037 617 2083 i.
631 2038 653 2083 2.
666 2035 731 2095 iuli
749 2052 799 2085 non
832 2039 928 2095 mma,
946 2041 1025 2087 tristes
1040 2052 1112 2093 aaut,
1129 2038 1209 2084 edaces
1223 2038 1340 2097 paratum
1351 2048 1392 2079 rar

234 2103 300 2153 enim
312 2101 423 2151 stultitia
458 2104 701 2161 tiidettpeecatam,
717 2118 798 2163 pecca-
832 2104 1017 2149 commemoravit.
1041 2100 1069 2148 L.

234 2177 282 2215 tam
298 2170 452 2229 imprudentia
469 2173 504 2213 ert
518 2164 604 2228 poeta]
626 2165 709 2213 Primo
726 2174 800 2227 negat
865 2168 904 2213 38.
924 2163 1070 2227 Parasitum]
1089 2164 1125 2212 Ut
1140 2162 1307 2213 Gnathonem
1341 2163 1389 2207 Gic

233 2242 369 2297 moestum,
377 2231 466 2279 deinde
474 2229 587 2277 concedit
595 2238 724 2293 etpurgat
750 2232 798 2277 lm·
831 2233 916 2278 masam
932 2228 1040 2293 sautem]
1059 2229 1095 2277 Ut
1110 2228 1272 2276 Thrasonem.
1310 2228 1390 2273 Giaria-

231 2294 371 2358 prudentia]
385 2294 534 2358 ignorantia,
547 2293 739 2357 uonimperitia.
775 2297 801 2342 a·
832 2311 882 2341 ram
893 2292 1001 2356 rtiiitem]
1015 2294 1106 2341 Facere
1116 2292 1271 2341 subauditur.
1297 2292 1327 2338 D.

153 2396 157 2403 ·
234 2364 261 2409 id
281 2369 316 2409 ert
336 2367 454 2421 peccatam
473 2357 560 2415 maaria
595 2357 661 2408 Nam
681 2366 801 2420 peccam
866 2359 904 2406 39.
922 2355 1390 2419 Falliperaeroumarrtem]UtDemeam

235 2423 356 2489 superius.
369 2438 457 2473 nomeu
470 2432 522 2478 est;
539 2431 564 2470 et
575 2436 687 2484 muana,
700 2422 799 2485 partici-
833 2432 858 2469 et
870 2422 1001 2470 Simonem.
1027 2422 1058 2469 D.

235 2489 311 2552 pium.
336 2488 694 2551 Etprimonegatpeccatumr
711 2486 800 2534 deinde
865 2489 905 2535 40.
927 2490 1019 2545 Amare,
1037 2489 1116 2543 adira,
1132 2483 1284 2548 aspirarit]
1303 2482 1390 2531 Mirer

235 2551 256 2600 si
272 2561 399 2617 peccatum
411 2560 456 2607 est,
470 2561 559 2614 purgat
575 2549 601 2597 id
617 2550 698 2614 ipsum
710 2549 800 2598 veniali
832 2550 944 2663 personis
952 2550 983 2598 ad
994 2560 1064 2614 gesta
1072 2565 1127 2599 eum
1137 2549 1258 2598 varietate
1269 2545 1390 2596 marinna
1404 2570 1405 2573 =

235 2615 352 2680 qualitate
363 2618 393 2665 ab
404 2614 577 2679 imprudentia
586 2614 704 2689 partibus.
730 2616 762 2663 D.
842 2616 897 2664 ecit.
936 2616 1016 2664 Omne
1037 2614 1103 2664 euim
1126 2614 1190 2676 quod
1214 2614 1241 2663 in
1264 2611 1391 2660 orationem

269 2683 307 2729 28.
334 2681 383 2730 Pro
405 2684 445 2744 qai
468 2678 630 2743 antiquissimi
652 2679 711 2728 libb.
735 2688 801 2729 recte
833 2679 1083 2743 venitvelpersona,
1096 2677 1238 2727 tellectum
1251 2686 1297 2725 est.
1330 2676 1389 2722 otis·

236 2763 286 2807 qua
309 2746 338 2793 B.
833 2743 870 2807 ee]
896 2744 961 2799 Quia
981 2746 1054 2800 cdere,
1072 2758 1121 2791 non
1142 2752 1180 2791 eet
1197 2742 1315 2790 Latinum
1336 2738 1389 2800 (Mt

269 2812 308 2857 tl.
328 2810 393 2873 Lege
404 2825 478 2857 eatae
491 2822 538 2856 mc
550 2825 593 2855 aaa
604 2815 681 2871 negat.
704 2808 734 2855 Β.
834 2808 926 2857 Boend
940 2817 965 2857 et
976 2808 1013 2857 ed.
1032 2809 1073 2857 Do
1086 2807 1114 2856 B.
1127 2807 1229 2865 addunt,
1247 2810 1272 2855 ta
1289 2805 1391 2866 afficta

269 2877 308 2923 82.
334 2876 362 2922 la
379 2876 513 2922 umectam
531 2870 608 2934 mam]
629 2872 670 2920 Ad
685 2871 800 2930 fabulam,
834 2873 918 2933 moda).
943 2873 975 2921 D.

236 2935 574 2992 nouadhominemretulitt
591 2936 659 2984 utVi
689 2936 800 2985 .AEu.v.
867 2939 905 2985 41.
931 2940 1026 2985 Nullam
1045 2937 1146 2999 estjam
1164 2940 1260 2995 dictam,
1354 2948 1391 2977 m

239 3006 292 3051 122
312 3004 550 3053 Centaurciaeelu'tar
660 2951 707 3048 rl)
834 3003 920 3049 &tam
937 3000 981 3063 rit]
1001 3003 1090 3063 Σχῆμα
1110 2998 1194 3061 λόγου,
1212 3009 1264 3049 aaa
1296 3035 1302 3047 .
1335 2998 1391 3044 Nam

271 3070 309 3115 33.
327 3068 375 3115 Per
386 3063 525 3128 eaafataiae
539 3064 592 3113 inte
612 3064 618 3076 '
638 3065 656 3114 't
668 3064 801 3114 Menandri
834 3068 928 3123 dictam
940 3064 977 3114 bia
988 3066 1103 3128 positum,
1112 3076 1141 3113 ut
1150 3063 1267 3128 superius
1274 3070 1390 3127 pesam

238 3132 352 3179 Colacem
363 3140 388 3178 et
400 3130 554 3178 Eunuchum.
579 3129 607 3175 B.
834 3128 931 3178 diversa
952 3129 1081 3193 significat.
1116 3130 1283 3177 D.-Nuiiam
1301 3134 1335 3174 est
1346 3124 1392 3186 jam

271 3198 310 3242 34.
329 3194 405 3243 Metti
416 3194 495 3257 gratia
505 3202 572 3242 recte
587 3193 679 3242 habeut
689 3210 737 3243 rete
748 3209 801 3242 om·
834 3196 920 3242 dictam
930 3192 1002 3257 quad]
1016 3194 1091 3243 Hunc
1102 3194 1183 3242 locum
1195 3191 1308 3251 Terentii
1319 3188 1393 3237 hudrt

239 3274 283 3307 nes
294 3259 372 3306 nostri
381 3258 449 3306 codd.
460 3266 485 3307 et
495 3257 591 3314 Faerni,
603 3258 801 3320 praterBembi-
836 3257 980 3321 Hieronyna
998 3258 1024 3306 in
1042 3257 1183 3307 Ecclesiest
1200 3272 1253 3321 cap.
1276 3258 1296 3304 l.
1312 3254 1342 3302 ad
1356 3250 1392 3299 illi

239 3339 306 3379 num,
316 3323 397 3379 ubire,
409 3322 611 3377 deletoalterore,
621 3322 750 3386 reperitur.
772 3323 801 3370 B.
835 3324 924 3371 verba:
954 3326 1017 3375 Quid
1029 3330 1070 3381 eat,
1084 3326 1145 3385 qaod
1154 3320 1226 3382 soit?
1249 3324 1325 3383 ipram
1342 3318 1394 3380 qiud

272 3388 311 3435 86.
330 3384 551 3447 mutierem]
565 3385 614 3433 Ma.
627 3386 802 3435 Rdircarrea·
835 3390 887 3435 erit.
922 3388 1053 3449 Haicqar'd
1068 3390 1142 3435 simile
1156 3389 1278 3435 sementia
1294 3392 1317 3432 et
1332 3382 1392 3429 carrl-

239 3460 280 3499 tet.
305 3450 452 3499 L.-Placet
462 3450 570 3513 vulgaris
580 3450 654 3498 lectio
664 3466 716 3513 prae
728 3450 802 3499 Bem-
834 3468 875 3498 cru
885 3454 938 3499 ait.-
956 3453 1025 3499 Ntttt
1035 3454 1171 3507 eetdietam,
1182 3452 1242 3513 qaod
1251 3468 1298 3497 aaa
1309 3451 1339 3495 rit
1348 3448 1391 3492 die

240 3516 346 3573 siniam,
364 3516 406 3564 ubi
420 3526 458 3564 est
471 3524 598 3563 camitem
612 3531 708 3563 servam
738 3516 803 3563 Nam
836 3524 883 3562 tam
892 3520 967 3577 priua.
1005 3516 1393 3577 UadeproeeeptcrmeaeDomttt.

240 3580 351 3643 sequitur
363 3588 484 3628 manat.
514 3578 717 3628 B.-Meneuder
732 3578 803 3641 Ἔφε-
837 3594 887 3627 cam
903 3584 977 3642 ipmm
998 3583 1133 3629 saradim
1152 3586 1280 3641 reponeret,
1293 3579 1393 3627 Perconi,

241 3644 298 3706 ala:
316 3645 381 3705 Ἐγὸ
390 3642 434 3703 μὲν
442 3644 487 3701 ἤδη
496 3661 535 3704 μοι
547 3645 615 3700 mari,
623 3643 652 3701 νὴ
661 3643 718 3693 τοὺς
729 3644 804 3701 θεοὺς,
837 3647 919 3707 inquit,
939 3648 979 3707 qai
997 3653 1051 3692 cate
1068 3661 1108 3692 aar
1124 3652 1202 3692 amira
1221 3646 1337 3697 diremit,
1356 3646 1392 3686 etr.

240 3709 282 3758 Ἐν
291 3711 342 3757 τοῖς
350 3707 450 3773 ,κύκλοις
462 3706 563 3767 ἐμαυτὸν
580 3705 723 3756 ἔκδεδυκότα
733 3708 806 3771 Ὀρᾷν
839 3708 982 3757 L—(lredo
997 3724 1011 3756 a
1027 3719 1099 3772 poeta
1112 3724 1172 3765 esse,
1184 3710 1272 3756 dictum
1284 3708 1342 3770 qaod
1356 3716 1393 3751 tan

242 3773 323 3836 κύκλῳ
332 3771 453 3835 τρέχοντα
464 3772 503 3820 real
513 3769 672 3831 πωλούμενον.
696 3774 736 3820 W.
838 3776 952 3834 ritpriut,
964 3782 1075 3836 utsupra
1086 3788 1108 3821 v.
1121 3773 1160 3823 27.
1185 3772 1214 3819 Β.

274 3840 313 3890 37.
331 3842 408 3886 Baras
418 3834 546 3899 matronae]
566 3836 599 3884 Ut
616 3836 803 3885 Nausistratam.
869 3839 908 3885 42
925 3840 968 3886 Var
974 3854 1111 3899 cagmmcere,
1119 3846 1188 3900 atque
1197 3834 1325 3899 igmeere]
1333 3832 1390 3893 Σχίπ

242 3906 377 3951 Meretrieea
387 3900 472 3963 malae]
484 3900 647 3947 Ut'l'haidem
656 3910 728 3963 atque
741 3902 803 3950 Bac·
836 3919 871 3960 μα
881 3900 965 3961 λόγον,
976 3900 1111 3965 παρόμοιον.
1136 3902 1168 3949 D.

241 3967 346 4015 chidem.
380 3965 421 4014 Sic
436 3976 474 4013 est
489 3966 515 4012 in
534 3964 668 4012 Heautont.
702 3968 805 4014 Scortari
870 3967 909 4013 43.
929 3968 983 4017 Qua
1001 3974 1086 4014 veteres
1099 3964 1250 4027 factitarunt,
1270 3968 1292 4011 et
1307 3962 1393 4025 sariam

242 4036 320 4079 erebra
342 4034 428 4088 adam,
450 4033 530 4078 micat
551 4031 630 4076 crelrre
657 4033 804 4079 maaioarier.
838 4028 900 4091 noui]
914 4030 947 4077 lit
958 4029 1025 4077 varie
1036 4030 1106 4087 dixit,
1112 4028 1257 4093 factitarunt
1268 4026 1392 4089 cessaturi·

245 4096 278 4142 Et
294 4096 424 4144 artificiose
440 4092 548 4142 ostendit
563 4108 661 4141 omnem
678 4094 805 4143 materiam
839 4106 931 4143 etcum
943 4108 1030 4157 magna
1041 4094 1183 4142 defensione
1195 4092 1313 4148 Terentii,
1326 4084 1392 4138 semel

243 4159 397 4207 comicorum.
418 4158 711 4221 D.-Meretricermatai]
727 4158 804 4207 Plaut
839 4157 994 4215 facientium,
1007 4158 1071 4221 quod
1134 4168 1261 4206 eveterea.
1286 4157 1319 4205 D.

243 4224 462 4285 eaptivtrolat.
490 4226 539 4271 Hie
549 4238 619 4284 aeque
634 4222 742 4283 perjurat
758 4226 807 4272 iera
872 4224 911 4269 44.
929 4174 1263 4285 Απίωιιάυονείῗῖ(1)οιηῑυε
1276 4216 1391 4285 aputh·

244 4296 286 4344 ert,
298 4304 338 4335 aec
349 4291 456 4335 meretrix
467 4292 535 4342 maia,
553 4288 633 4349 Neque
646 4290 711 4335 mike
720 4290 804 4349 glario-
839 4286 1084 4350 rentiumlegithaud
1094 4286 1288 4335 dubieturuuu
1299 4292 1392 4332 rorar-

243 4368 289 4399 eat.
324 4350 419 4399 Mariua
435 4352 554 4401 Victoria.
569 4350 595 4397 in
607 4350 684 4399 Cicer.
704 4352 804 4400 Rhetor.
839 4364 911 4399 τιτι.
931 4350 971 4411 Ζ.)
1006 4352 1059 4399 Nos
1072 4353 1228 4401 ἔλλειπυεῶς
1244 4346 1392 4398 dicimured-

243 4416 285 4465 lib.
306 4422 322 4463 t.
350 4418 467 4466 Terentiae
484 4418 613 4465 meretrices
630 4420 709 4473 maiar,
726 4434 805 4465 avarae
839 4420 926 4475 uertite,
937 4415 1001 4478 quod
1014 4428 1107 4466 veteres
1119 4416 1200 4480 plene,
1212 4418 1310 4463 animam
1321 4412 1392 4459 attar-
