2834 4759
47 176 147 221 sonna
162 155 235 241 vin]
472 156 542 225 PH
551 156 694 223 ORMI
704 158 755 224 Ο.
1124 159 1194 225 stt

84 290 265 377 Argentum
277 291 366 377 quod
380 289 484 357 hebes
498 293 718 359 condonamus
732 303 776 359 te.
814 291 880 359 Pu.
894 290 1017 361 Audio.

46 402 75 447 65
88 390 174 463 Quid
191 412 258 467 vos,
274 388 402 468 melum,
417 412 499 476 ergo
512 413 563 455 me
578 393 624 456 sic
638 390 859 471 ludificamini,

85 487 200 574 lnepti,
215 501 326 555 vostra
338 487 453 574 puerili
468 491 649 555 sententia?

84 586 180 664 Nolo,
195 586 284 651 volo:
309 586 382 652 volo
396 588 471 653 nolo
485 610 631 653 rursum:
655 590 748 667 cedo,
763 610 855 675 cape.
1238 659 1242 670 ,

84 684 182 757 Quod
189 686 539 764 dietum‚indictum'st:
556 688 989 773 quodmodoeratratum,id
999 688 1189 754 irritumest.

84 782 146 847 Cn.
163 783 239 858 Quo
253 797 360 870 pecto,
377 796 434 851 aut
448 786 534 851 unde
545 786 617 851 haec
631 786 684 852 hio
698 788 852 853 rescivit?
889 786 957 852 Da.
974 785 1116 852 Nescio:

43 892 73 939 oo
84 881 157 946 Nisi
170 906 220 947 me
236 883 358 949 dixisse
372 885 501 962 nemini,
517 886 550 950 id
567 897 656 952 certo
672 886 751 951 scio.

82 979 144 1047 Cu.
162 980 317 1059 Monstri,
329 983 375 1047 ita
388 1004 441 1047 me
454 982 502 1047 Di
516 995 633 1063 ament,
649 985 759 1051 simile.
797 985 862 1052 Pu.
879 985 981 1073 an‘eci
992 984 1188 1073 scrupulum.

144 1078 212 1144 Dn.
229 1080 334 1145 Hem!

83 1176 198 1243 Hicine
214 1190 252 1242 ut
266 1202 285 1252 a
299 1180 393 1245 nobis
408 1178 471 1245 boc
487 1191 611 1247 tantum
626 1184 752 1267 argenti
766 1183 903 1264 auferat,

81 1274 163 1341 Tam
177 1288 289 1362 aperte
303 1277 465 1343 irridens?
488 1282 588 1345 emori
601 1280 709 1346 hercle
725 1283 825 1347 satius
839 1294 910 1349 est:

81 1372 197 1439 Animo
211 1375 292 1439 virili
306 1378 523 1462 praesentique
538 1390 575 1443 ut
590 1379 646 1457 sis,
659 1402 750 1464 pura.

42 1482 71 1529 65
83 1470 184 1537 Vides
199 1486 290 1539 tuum
305 1486 474 1559 peccatum
488 1498 560 1541 esse
576 1477 719 1542 delatum
735 1478 834 1556 fores,

80 1570 198 1657 Neque
208 1574 276 1658 jam
290 1574 323 1637 id
338 1573 442 1639 celare
457 1598 554 1661 posse
569 1589 602 1641 te
616 1598 750 1643 uxorem
765 1588 873 1641 tuam:

81 1669 178 1736 Nunc
194 1672 283 1756 quod
298 1673 369 1757 ipss
383 1694 426 1737 ex
444 1672 512 1739 eliis
529 1676 731 1754 auditura'st‚
746 1675 898 1755 Chreme,

81 1767 120 1832 ld
135 1780 262 1835 nosmet
275 1771 433 1849 indicare,
445 1771 634 1857 placabilius
650 1785 711 1839 est.

80 1864 165 1931 Turn
179 1866 267 1933 bunc
281 1870 475 1953 impuratum
489 1872 666 1956 poterimus
681 1883 793 1937 nostro
806 1874 904 1939 modo

43 1971 71 2024 70
82 1963 211 2030 Ulcisci.
252 1965 317 2031 Pu.
333 1968 433 2032 Atat!
456 1970 518 2033 nisi
531 1969 609 2034 mihi
622 1972 797 2056 prospicio,
813 1971 944 2037 haereo:

80 2064 126 2131 Hi
139 2064 331 2151 gladiatorio
347 2068 451 2132 animo
466 2070 509 2135 ad
525 2092 575 2135 me
588 2069 743 2136 affectant
758 2071 851 2136 riam.

81 2162 142 2230 Cu.
159 2164 208 2229 At
223 2186 337 2229 vereor
351 2177 388 2229 ut
401 2166 522 2251 placari
536 2170 650 2253 possit.
689 2169 757 2235 Du.
774 2169 870 2235 Bono
884 2170 990 2235 animo
1004 2190 1061 2234 es:

82 2260 155 2349 Ego
170 2264 317 2349 redigam
332 2287 388 2329 vos
405 2268 438 2331 in
452 2267 606 2349 gratiam
630 2266 692 2333 boc
708 2267 823 2346 fretus,
840 2266 991 2346 Chreme,
1057 2262 1065 2272 ’

43 2425 77 2462 est
86 2412 214 2465 &rodhart
233 2414 393 2473 hrierendum
406 2422 554 2467 condononm
569 2426 598 2467 te.
632 2434 717 2467 omnes
733 2417 818 2477 nostri,
829 2426 855 2466 et
871 2416 961 2466 Faerui
976 2416 1087 2481 plerique
1102 2416 1194 2467 liabent

43 2477 79 2527 Sic
90 2490 126 2529 est
136 2480 196 2530 illud
207 2482 275 2546 apud
285 2481 354 2545 Virg.
366 2482 425 2531 AEn.
438 2482 454 2531 i.
467 2484 522 2534 676.
543 2487 598 2534 Vol·
631 2487 722 2531 elatam
758 2482 837 2532 Iidem
858 2483 923 2531 hunc
941 2482 1058 2531 exhibent
1074 2482 1193 2542 ordinem,

43 2546 71 2589 tis
83 2553 105 2591 rt
119 2548 155 2595 to
168 2563 254 2595 mecum
268 2550 358 2608 pariter
369 2550 483 2597 corridere
499 2552 599 2613 regnis?
628 2557 747 2610 precam
758 2556 828 2597 tuam.
851 2547 1046 2612 Reponeigitur,
1061 2550 1130 2595 Vrdda
1138 2564 1193 2610 pec-

48 2610 202 2673 Urbenaqaam
213 2620 296 2670 statuo,
308 2621 435 2662 onerant.
461 2613 492 2662 D.
631 2622 706 2661 cotom
719 2615 985 2661 contrementes
993 2612 1068 2675 soror.
1101 2612 1194 2661 Veram

72 2676 109 2722 54.
133 2678 288 2725 condonamur
310 2675 345 2740 te]
365 2680 475 2736 Condono,
494 2678 599 2728 ablativo
676 2680 709 2726 tia
726 2692 771 2726 nos
787 2677 924 2726 addidimus
940 2680 999 2732 boor
1024 2677 1050 2725 id
1066 2678 1131 2740 qnod
1146 2694 1194 2727 usu

44 2736 372 2801 (coenomanensem)
393 2742 495 2805 iunxit:
523 2756 551 2792 ut
572 2743 598 2791 in
653 2742 741 2791 orentii
757 2741 817 2791 satis
833 2743 962 2805 probatur:
986 2751 1021 2800 ut,
1042 2745 1128 2791 ibride
1146 2742 1193 2791 bac

44 2800 164 2864 Eunucho,
175 2809 535 2871 Habeooltomsltmuanonc
545 2826 597 2857 cor·
631 2816 687 2856 tua.-
713 2816 753 2857 tua
775 2807 818 2855 illa
834 2811 939 2855 duritia.-
964 2814 1003 2855 tao
1020 2806 1068 2855 isto
1085 2810 1194 2856 isoardo.-

42 2870 163 2920 dorobitar.
203 2872 399 2935 D.-Argantsm
425 2876 486 2936 qaod
515 2872 597 2937 daber]
630 2876 754 2935 opinionem
764 2872 909 2920 hanctsan.
933 2872 962 2920 Β.

42 2932 151 2985 Afranius
169 2952 183 2985 a
202 2936 236 2986 ud
257 2936 382 2985 Nonium:
412 2940 442 2986 Id
463 2954 544 2987 comm
563 2956 598 2987 mc
663 2936 911 3000 66.Nostriplerique
919 2939 999 2999 Neque
1007 2936 1093 2998 idjam.
1117 2937 1193 3001 Lege,

42 3003 150 3049 cmdomt.
184 2954 286 3051 lhutus
304 3002 418 3051 Bacchid.
435 3018 457 3051 v.
475 3005 497 3051 2.
515 3006 553 3051 24.
572 3006 598 3052 St
630 3004 711 3065 Neque
717 3002 769 3065 jdor
779 3005 890 3049 oelarcid
897 3006 962 3062 porse
974 3010 1059 3050 teat.
1083 3001 1112 3049 B.

42 3079 103 3123 quan
113 3070 185 3125 deber,
196 3076 217 3116 te
228 3070 333 3125 eandm,
344 3070 388 3115 tibi
395 3071 472 3127 babor,
483 3086 598 3132 nunquan
662 3068 700 3118 67.
712 3068 767 3116 Proe
776 3066 887 3115 Bembiui
896 3068 1130 3130 auditara⁸rtprobat
1137 3081 1192 3115 ver·

44 3131 82 3176 aba
92 3138 113 3178 te
121 3141 203 3192 petam.
230 3132 257 3180 ln
629 3148 671 3181 sua
694 3132 823 3180 lectionem
846 3130 954 3179 omnium
976 3130 1034 3179 libb.
1055 3142 1193 3179 nostrorum

71 3195 107 3242 65.
128 3196 224 3254 Motum,
245 3214 299 3260 ergo
317 3214 352 3247 sne
368 3200 410 3255 rie,
426 3197 483 3261 eta]
501 3200 596 3257 Moloni,
629 3200 740 3245 audituro
752 3200 791 3245 n’t.
815 3196 844 3243 B.

42 3256 174 3309 adverbium
191 3272 230 3311 est
248 3262 399 3327 interpositae
415 3262 596 3326 indignationis.
662 3263 700 3311 69.
713 3264 873 3310 Nostronodo
883 3260 976 3323 ulcisci]
988 3260 1194 3324 Ingenioscilicet

43 3320 275 3389 D·-·Ludi‚ricomirri]
290 3327 477 3383 ldeat,luditia
502 3328 532 3375 E.
630 3324 844 3389 (Ingeniosmied.
858 3326 899 3374 Du
910 3324 961 3389 Β.).
986 3327 1017 3375 D.

71 3390 106 3438 57.
119 3392 183 3449 uon,
196 3394 259 3441 uoto:
276 3395 324 3441 uolo
334 3396 384 3440 nolo
395 3391 496 3455 rursum]
514 3392 597 3441 Primo
662 3394 699 3443 70.
718 3392 759 3441 Ne
769 3406 854 3441 versus
870 3391 922 3439 hiet
932 3399 1086 3455 repugnante
1096 3400 1150 3439 arte
1165 3398 1192 3439 et

40 3450 129 3516 ringula
142 3457 286 3520 separatim:
304 3457 393 3505 deiude
404 3458 476 3505 simul
494 3466 596 3521 utruque
629 3456 740 3505 Terentii
757 3472 831 3514 more,
849 3471 940 3521 repone
956 3464 1050 3505 moreat.
1080 3455 1144 3503 vide
1161 3454 1194 3503 sd

41 3520 216 3626 pronuncianda
226 3531 290 3570 suut.
314 3522 597 3571 D.—0mnesserelibri
629 3522 695 3571 And.
707 3522 723 3570 i.
738 3524 758 3570 l.
771 3522 809 3571 66
833 3522 862 3568 Β.

62 3584 123 3631 serni
144 3596 167 3634 et
186 3588 235 3635 duo
253 3601 284 3634 ox
304 3585 394 3635 nostris
413 3586 539 3635 meliorem
561 3588 597 3637 rei
662 3588 700 3638 71.
725 3589 761 3636 Isr
780 3589 921 3649 gladiatorio
942 3584 1035 3647 anino}
1052 3585 1142 3633 Parata
1160 3584 1192 3633 ad

41 3656 109 3705 gesta
119 3650 229 3700 ordinem
245 3662 350 3711 servunt,
363 3668 425 3715 eope,
438 3655 497 3700 cedo
532 3652 597 3700 Nam
629 3652 781 3716 periculum
797 3652 843 3699 boc
855 3650 947 3707 estita
963 3650 1097 3714 perditoac
1114 3658 1191 3697 teme-

42 3710 104 3771 prius
114 3714 230 3765 dederant
246 3714 325 3767 minas
342 3716 450 3779 triginta,
467 3732 532 3765 uunc
543 3734 596 3767 ens·
629 3716 701 3774 rario,
714 3726 801 3765 utnon
817 3715 864 3764 sibi
875 3724 986 3771 cecant,
996 3714 1127 3763 dummodo
1137 3713 1192 3763 vul·

43 3773 128 3827 demre
160 3790 221 3829 tunt.
245 3781 274 3829 B.
629 3791 734 3830 nerent:
753 3780 891 3830 utSallust.
903 3780 960 3843 Jug.
972 3780 1011 3827 uu
1023 3781 1114 3827 acidiae
1124 3781 1195 3827 auen

72 3842 107 3889 56.
149 3854 257 3895 tratum
278 3855 385 3904 acuatur,
409 3862 508 3911 repone,
533 3846 598 3901 Quod
628 3848 714 3895 aitsrm
732 3848 844 3902 scadan,
863 3862 931 3908 qaam
949 3851 1019 3893 emt
1036 3851 1119 3906 tegere.
1151 3846 1193 3891 Ad

43 3908 182 3958 mororum
193 3914 393 3969 erot,irritom’rt.
419 3913 447 3961 B.
629 3908 863 3973 meoffeotnntot’om]
876 3907 1191 3971 Affectontoiosr,pleuumr

72 3972 108 4019 62.
121 3974 158 4023 Ne
174 3984 270 4033 tantum,
282 3976 346 4039 quod
362 3976 476 4089 inprimis
487 3977 595 4026 acuide-
628 3976 692 4039 quod
715 3991 760 4024 noa
783 3977 945 4049 ἐλλειπικᾷς.
967 3974 1194 4049 'Ds-Gladt'atorr'o

43 4032 86 4091 bet,
98 4037 121 4085 iu
137 4039 210 4089 Theai
223 4040 376 4100 conticescat,
398 4058 443 4106 ege
460 4058 491 4091 ex
507 4041 596 4091 nostris
628 4040 715 4103 anim]
728 4039 776 4095 Qui
787 4040 861 4089 etiam
872 4051 975 4103 pentum
986 4038 1047 4086 ahos
1055 4036 1192 4087 vulnerant.

43 4096 88 4149 fere
107 4105 223 4165 omnibus,
243 4108 329 4155 Hicine
345 4115 371 4156 at
387 4123 403 4156 a
424 4111 488 4156 nobis
508 4113 596 4156 tentam
628 4106 839 4154 E.—Glodiaterio
849 4103 938 4167 ammo]
951 4103 1055 4152 Latinus
1072 4101 1153 4151 Pscat.
1165 4102 1192 4151 in

42 4165 174 4231 margano·
185 4170 284 4234 rosnat.
308 4172 337 4220 B.
629 4171 748 4233 Panegyr.
765 4169 885 4219 Theodos.
903 4169 967 4232 Aug.
983 4170 1126 4231 gladiatorio
1140 4171 1192 4217 dea-

71 4232 107 4279 ⁶4.
124 4236 204 4285 Animo
219 4236 296 4301 or'rs'lr']
315 4238 337 4285 A
355 4237 491 4286 necessario
507 4237 595 4286 adhor·
625 4240 745 4299 peratione
765 4252 876 4298 pugnus,
896 4250 938 4282 aec
953 4236 1031 4297 groda
1048 4235 1134 4292 cedere,
1152 4236 1193 4282 ssd

43 4298 109 4345 tatur.
132 4299 161 4349 D.
627 4304 724 4364 mrtigio
739 4302 947 4349 storeoeteodm.
980 4297 1191 4357 Gelliuslibaii.

67 4360 102 4408 65-
112 4362 157 4412 Pro
167 4366 279 4416 Bembiui
287 4370 395 4426 delatum,
403 4369 467 4431 quod
475 4367 541 4417 houd
549 4366 594 4416 du·
627 4381 656 4415 ca
674 4368 716 4414 ,6.
726 4368 868 4428 gladiatorio
876 4381 961 4427 pagno.
984 4364 1013 4412 1.

41 4420 77 4472 bie
87 4440 203 4481 corrector
218 4433 301 4498 posuit
311 4432 343 4482 ad
356 4433 449 4483 histum
460 4432 594 4493 vitandum,
656 4382 699 4485 l2.
715 4434 747 4481 Ut
755 4427 940 4494 ptomripoutt]
951 4431 1076 4495 Utprosa
1087 4444 1137 4480 sorr.
1158 4426 1191 4475 D.
