2834 4759
210 212 275 277 232
651 200 935 268 TERENTII
1204 196 1367 280 [across.

253 342 417 419 Emoriar,
432 340 460 403 si
475 360 540 403 non
554 337 639 403 hane
655 358 791 401 uxorem
806 335 945 401 duxero.
1317 394 1320 397 ,

103 446 107 455 ’
211 454 243 501 eo
254 440 323 505 ΤΗ.
341 438 469 503 Tamen
484 438 511 501 si
526 447 632 522 pater.
669 434 734 501 Cu.
751 432 867 506 Quid?
896 431 940 497 ah
954 427 1052 508 volet,
1067 438 1158 495 certo
1173 426 1258 494 seio:

255 540 342 605 Civis
357 536 454 605 modo
469 536 541 601 baec
557 536 609 599 sit.
648 532 718 599 Tu.
735 530 909 596 Paululum
923 528 1104 613 opperirier

255 637 292 701 Si
306 637 371 701 ris:
391 636 460 719 jam
475 633 575 698 frater
589 632 660 715 ipse
675 630 729 695 hie
743 629 849 694 aderit
863 627 1013 711 virginis:

255 733 428 799 Nutricem
443 731 633 795 arcessitum
647 729 694 805 iit,
710 748 785 812 quae
799 724 885 791 illam
899 723 979 789 aluit
991 722 1175 809 parvolam:

256 830 296 897 In
311 829 539 915 cognoscendo
553 838 624 892 tute
638 828 709 912 ipse
725 824 844 900 aderis,
860 821 1009 887 Chaerea.

213 938 245 985 55
257 927 321 991 Crr.
339 924 415 1011 Ego
429 946 508 989 vero
522 944 647 989 maneo.
680 921 756 995 ΤΗ.
772 920 848 985 Vin'
862 921 999 997 interea,
1016 919 1136 983 dumis
1151 917 1249 995 venit,

256 1024 357 1090 Domi
371 1024 577 1108 opperiamur
592 1020 713 1105 potius,
728 1041 826 1104 quam
837 1017 890 1083 hie
906 1028 981 1082 ante
997 1018 1136 1082 ostiumi

257 1121 322 1187 Cir.
340 1119 442 1185 Immo
455 1118 624 1204 percupio.
663 1116 727 1181 Pr.
749 1116 858 1190 Quam
874 1128 993 1181 turem
1007 1125 1134 1191 actura,
1150 1115 1298 1189 obsecro,
1314 1114 1373 1175 esi

258 1218 327 1283 Tu.
344 1217 434 1283 Nam
448 1215 528 1302 quid
542 1218 609 1282 itat
647 1214 711 1303 Pr.
728 1214 891 1298 Rogitas?
921 1213 1010 1278 hune
1025 1224 1060 1277 tu
1074 1213 1109 1275 in
1122 1211 1202 1275 oedis
1217 1210 1345 1294 cogitas

257 1315 420 1401 Recipere
431 1312 595 1399 posthae?
632 1311 701 1377 Tu.
716 1312 784 1377 Cur
796 1314 885 1377 noni
917 1310 981 1375 Pr.
996 1310 1105 1375 Crede
1115 1306 1376 1381 hocmeaefidet

214 1429 247 1477 so
258 1415 363 1479 Dabit
377 1413 430 1479 hie
445 1412 585 1497 aliquam
599 1433 743 1497 pugnam
757 1412 876 1475 denuo.
915 1409 985 1474 Tu.
1003 1408 1071 1485 Au,
1087 1418 1170 1483 tace,
1187 1406 1339 1471 obsecro.

259 1511 322 1577 Pr.
348 1510 469 1575 Parum
483 1510 693 1595 perspexisse
707 1510 780 1593 ejus
797 1508 906 1573 videre
920 1507 1099 1573 audaciam.

248 1670 287 1718 49.
305 1671 668 1727 Emoriar‚sirrmbmea.rerem
681 1666 779 1729 durno]
812 1666 1020 1729 laeedpereupio.
1042 1662 1377 1726 D.-lsraaopereeplo]Cu-

216 1732 280 1782 Vide
300 1742 432 1781 mentorem
456 1730 670 1788 adolescentulum,
690 1730 730 1779 cui
752 1730 780 1779 in
811 1730 850 1795 pit
866 1731 1008 1779 adolescens
1029 1740 1059 1779 ut
1074 1728 1172 1843 irpffiedi
1188 1726 1248 1777 velit
1266 1727 1378 1785 domum,

215 1798 223 1845 i
289 1797 349 1845 flore
369 1796 430 1844 nibil
450 1795 545 1844 dulcius
564 1796 615 1844 vita
635 1805 680 1853 est,
700 1795 779 1859 ipsam
811 1795 926 1859 quoniam
940 1794 991 1844 illie
1007 1810 1037 1843 ea
1052 1810 1087 1858 pu
1151 1802 1279 1855 est,quern
1290 1792 1379 1841 sidere

234 1862 348 1973 eppira?
361 1860 663 1985 ⁸i⁸iii¹i¹⁰ii¹ffid³iu⁸
688 1860 753 1972 lp&
811 1859 950 1971 desideret.t
966 1860 1017 1973 giesi
1031 1857 1216 1977 hoeeipzllegit
1232 1856 1381 1979 Ργὼὶιιιὶῑ

282 1960 288 1973 .
328 1940 500 1985 amenapuer
590 1939 699 1982 arasa
753 1942 778 1972 o-
829 1940 857 1973 ro
925 1939 940 1972 a
992 1939 1058 1983 eene,
1216 1937 1316 1971 mae

217 1990 333 2049 ordenare
348 1988 461 2038 seeundo.
493 1992 573 2041 Quid?
590 1991 621 2036 all
636 1991 701 2047 volet,
719 1996 781 2036 serto
811 1939 963 2047 ibrebrugner?
986 1990 1016 2037 E.

215 2052 274 2116 erio]
289 2053 370 2108 Qarrr
398 2053 468 2102 deest
477 2055 548 2101 dieat.
577 2052 626 2100 Sed
636 2052 684 2101 ista
697 2052 780 2101 omnia
844 2055 884 2101 58.
901 2051 1128 2115 Hsaetas'aaeder]
1142 2052 1279 2100 honomen
1293 2050 1324 2098 in
1341 2048 1381 2098 bis

215 2117 468 2167 edeonllrmetionem
481 2116 569 2166 valent.
595 2117 780 2165 D.—Tumeaer'
811 2117 1031 2181 plueraletquam
1042 2116 1318 2178 aecusatiolappelletio
1330 2114 1381 2175 Z.).

214 2182 296 2246 pater]
307 2180 479 2231 Pendensbseo
488 2181 566 2230 oratio
573 2196 671 2230 sensum
677 2180 779 2246 plenum
811 2184 882 2229 Hune
890 2189 916 2230 ta
925 2185 951 2229 ta
961 2184 1023 2230 edes
1033 2179 1154 2244 eogitari]
1167 2179 1247 2228 Mire:
1264 2194 1327 2227 cum
1338 2178 1383 2227 ille

217 2248 304 2296 babet:
322 2245 633 2310 tamensirulueritpater.
660 2245 709 2293 Sed
720 2260 778 2293 eon·
808 2248 861 2307 jam
878 2244 944 2303 velit,
960 2250 1048 2309 cogites
1063 2245 1135 2300 dixit.
1151 2243 1236 2293 volens
1255 2252 1284 2292 ut
1309 2258 1382 2292 reeo-

217 2311 287 2360 tinuo
306 2327 362 2360 eum
384 2310 430 2359 boe
452 2310 614 2359 intellexisset
631 2309 779 2367 adolescens,
811 2310 880 2373 gitet.
927 2312 958 2358 In
983 2313 1045 2359 eder
1071 2313 1159 2373 sagitas
1185 2311 1285 2371 recipere
1314 2315 1382 2370 part-

216 2374 351 2439 reepondit,
371 2378 447 2439 quid?
471 2378 537 2433 volet,
555 2378 617 2430 reisr
641 2378 697 2423 riuis
716 2377 781 2422 nodo
812 2372 888 2437 laet]
913 2374 961 2422 Per
977 2374 1072 2423 aneilla
1087 2374 1163 2423 rerba
1179 2372 1232 2421 vult
1246 2373 1383 2421 ostendere

217 2444 327 2489 Marisa
356 2440 431 2504 Apud
441 2440 553 2488 Athenas
565 2438 726 2501 (Athenienses
738 2437 779 2499 Z.)
814 2439 895 2501 (forte,
910 2441 1090 2500 putemusdit
1106 2437 1156 2499 Z),
1172 2452 1245 2500 quarn
1262 2436 1299 2485 sit
1316 2448 1383 2486 trae-

216 2504 344 2553 dedeeoris
355 2503 456 2553 maximi
468 2511 528 2560 erat,
539 2518 589 2551 non
600 2502 679 2551 ciram
691 2504 781 2551 ducem
813 2504 943 2552 tandornm
953 2502 1145 2553 adolesoentium
1155 2501 1236 2566 perite
1250 2502 1384 2551 meren-ix.

218 2583 327 2618 uxorem.
356 2568 429 2616 Unde
440 2576 465 2615 et
475 2566 503 2615 in
511 2566 608 2615 Andria
619 2567 686 2616 Simo
698 2566 733 2615 ita
744 2567 780 2615 lo·
814 2568 846 2616 D.

235 2631 314 2680 uitur:
332 2633 583 2681 Adem'ertdemens?
599 2635 781 2694 arpsregrirrs?
846 2633 886 2681 59.
909 2630 1041 2694 Parrum]
1065 2631 1126 2680 Post
1140 2631 1187 2679 boe
1204 2630 1308 2689 lactum,
1326 2640 1387 2695 poet

217 2648 416 2759 b-Dirungue
433 2696 480 2744 ita:
503 2698 586 2744 Temen
602 2698 623 2743 si
637 2696 779 2758 peterqeid.
812 2697 876 2745 base
896 2696 1030 2745 audaciam.
1066 2698 1139 2744 Crede
1160 2698 1202 2743 hoe
1227 2710 1282 2743 m
1307 2694 1384 2758 fidei]

219 2764 261 2809 oa
274 2764 311 2808 At
327 2764 393 2819 solet,
410 2777 429 2808 e.
441 2779 460 2809 r.
476 2768 505 2808 ut
514 2760 580 2809 And.
592 2775 615 2808 r.
627 2761 650 2807 4.
664 2758 702 2809 47.
731 2763 780 2809 Pa·
814 2760 960 2810 Puellariter
969 2760 1041 2819 dixit,
1052 2762 1178 2821 uastati
1201 2759 1233 2808 D.

218 2829 254 2873 ter
265 2825 377 2873 ultimam
388 2824 460 2882 acuit,
473 2826 504 2873 ob
520 2839 625 2889 sequeus
641 2823 781 2873 Eneliticou
846 2826 886 2873 60.
909 2827 984 2873 Dabit
999 2828 1037 2873 bie
1052 2828 1155 2888 αἱμα
1167 2840 1269 2887 wasa
1291 2822 1385 2887 m]

220 2888 289 2944 Qutat
314 2888 343 2937 B.
815 2890 864 2938 Pro
878 2899 977 2953 stupro:
996 2898 1031 2948 ut,
1043 2889 1101 2937 AEn
1114 2889 1148 2937 xi.
1167 2888 1222 2939 786.
1239 2892 1274 2937 At
1291 2905 1341 2937 nes
1361 2892 1387 2935 tn

251 2956 290 3002 51.
310 2955 506 3003 Giebmodoiaee
515 2952 560 3017 sit]
571 2952 637 3001 lrlire
648 2952 688 3001 bia
699 2952 726 3001 in
737 2968 780 3002 ro·
818 2956 926 3003 Venerem
946 2970 1033 3016 regnes,
1053 2968 1095 3002 noe
1132 2950 1141 2963 ’
1229 2954 1300 3000 belle.
1342 2952 1386 3009 Ut.

218 3026 271 3067 tum
287 3034 432 3067 conversum
449 3028 494 3076 eet,
508 3019 573 3081 quod
589 3018 675 3066 timere
692 3018 780 3081 potuit,
818 3020 957 3081 Veretarqse
967 3020 1027 3066 bella
1034 3026 1059 3066 et
1066 3021 1147 3081 ingess
1165 3020 1252 3066 asim
1278 3016 1321 3064 Ut
1333 3018 1386 3066 Lu·

218 3098 269 3131 non
296 3084 414 3132 ducturus
442 3098 550 3131 uxorem.
591 3082 781 3130 D.-Paalslum
813 3081 892 3141 silius,
908 3084 1151 3140 Vicinus,oreer‘i,et
1165 3097 1272 3144 nagan
1284 3099 1387 3145 pagna·

218 3146 357 3210 opperirier]
370 3148 527 3211 Exspectare.
552 3147 581 3195 E.
813 3148 881 3195 νᾶπυ’
902 3161 1010 3209 pagense.
1049 3149 1125 3195 Dettr
1161 3148 1253 3195 Autem
1276 3146 1387 3221 proprie

252 3212 291 3258 52.
299 3213 423 3260 Paululam
431 3209 782 3273 oppeririersivirrjnmsrater
813 3226 859 3276 pro
875 3211 989 3259 inducet:
1007 3220 1042 3269 ut,
1054 3210 1086 3259 V'
1118 3209 1253 3261 '.AEneid.
1262 3210 1310 3258 xri.
1327 3212 1387 3259 453.

218 3274 521 3339 iprebieaderitrirgiair]
534 3275 605 3325 Adeo
618 3276 667 3324 cito
682 3275 782 3340 probari
814 3278 881 3324 dabit
898 3278 938 3324 iile
954 3278 1041 3324 ruinas.
1076 3278 1124 3333 Aa,
1142 3284 1200 3332 tere,
1218 3274 1328 3339 obsecro]
1348 3277 1388 3324 Aa

218 3348 306 3402 potest.
331 3340 362 3387 D.
813 3339 952 3403 interjectio
974 3350 1012 3388 est
1065 3341 1181 3388 rmrbater
1196 3338 1333 3396 mulieris:
1359 3349 1389 3387 ut

252 3404 291 3450 55.
315 3406 366 3466 lige
382 3420 434 3453 nere
449 3401 540 3466 maneo]
560 3402 636 3452 Modo
653 3420 705 3452 sero
722 3420 782 3453 con·
814 3404 881 3469 apud
891 3402 1044 3453 Grteeosio.
1068 3402 1208 3453 It-Dattr
1223 3405 1262 3451 bie
1310 3408 1316 3418 '

219 3466 348 3515 sentientia
370 3476 409 3516 est
432 3467 582 3525 adverbium,
605 3467 666 3517 alias
692 3468 783 3516 sondr-
812 3468 928 3532 paganas]
946 3468 1075 3534 Proprium
1088 3469 1190 3518 verbum
1206 3474 1251 3526 est
1265 3477 1293 3516 et
1338 3470 1387 3519 mi·

218 3530 316 3590 mamie,
338 3531 398 3580 alias
417 3532 564 3593 conjunctio,
584 3530 644 3581 alias
663 3531 784 3597 particula
815 3533 917 3582 linread
928 3532 1115 3597 exprimendum
1126 3532 1330 3597 semper,(eelere
1344 3532 1387 3595 Ζ.)

219 3595 323 3645 ironiam
337 3598 439 3659 juvans:
458 3606 492 3654 ut,
507 3596 565 3644 AEn.
583 3595 615 3644 ir.
634 3598 673 3646 93.
771 3624 782 3635 -
815 3614 871 3647 eum
888 3597 979 3660 aliquid
996 3598 1051 3647 lieri
1066 3597 1164 3646 dieitur.
1194 3596 1236 3655 Ut,
1249 3594 1324 3660 Virg.
1337 3600 1387 3647 Ge.

216 3664 281 3723 gion
297 3677 349 3711 vero
365 3664 455 3710 laudern
471 3670 494 3709 et
510 3664 583 3723 spolia
598 3664 676 3723 amplo
726 3665 784 3711 ertia
815 3662 850 3711 iii.
862 3663 917 3710 266.
927 3664 1029 3711 inbelles
1039 3666 1097 3710 dest
1105 3664 1190 3724 prelia
1200 3664 1276 3716 servir
1295 3672 1326 3710 et
1335 3662 1388 3720 hic,

222 3728 300 3789 lbque
314 3742 415 3789 puerque
431 3734 490 3775 tuus.
520 3725 638 3775 tre-Alii
654 3726 710 3775 libri
727 3742 784 3775 oum
815 3729 994 3790 debitalipm
1132 3726 1324 3775 E.—Dattrrtc
1339 3731 1388 3776 eli·

219 3790 332 3849 habeant,
345 3793 398 3840 dam
414 3794 435 3839 ir
451 3794 519 3849 verit,
532 3789 581 3850 alii,
599 3793 653 3839 dum
668 3794 731 3839 verrit
746 3792 783 3846 is,-
816 3808 884 3855 quan
898 3808 999 3855 pagense
1045 3791 1103 3839 laut.
1122 3790 1236 3839 Beeebid.
1254 3789 1280 3837 ii.
1299 3794 1326 3839 9.
1345 3793 1388 3840 59.

219 3870 264 3904 noe
292 3870 349 3904 cum
378 3856 473 3904 Faetus
501 3854 626 3919 sequimur
652 3854 784 3905 lectionem
816 3854 1129 3905 L-Bentl.cotloeatila:
1146 3856 1388 3920 martem-an

221 3920 306 3969 Bemb.
329 3919 379 3978 ubi,
401 3924 429 3978 is,
451 3920 525 3984 plane
545 3921 620 3969 abest.
661 3920 784 3968 Ceterum
816 3924 978 3985 clamate.
1000 3920 1029 3969 Z.

219 3988 282 4033 uisne
293 3984 513 4049 meliusputrmus,
524 4000 596 4047 quam
609 3986 662 4033 νᾶπυ’.
687 3984 717 4032 Β.
848 3986 887 4033 ot.
899 3986 992 4041 ,Puram
1000 3983 1292 4047 perrpestruejasvidere
1306 3988 1388 4034 aeda-

254 4048 292 4096 66.
314 4051 382 4097 Domi
402 4052 546 4111 opperiemur
561 4052 644 4111 potius,
661 4065 730 4111 quam
746 4052 784 4097 tte
815 4048 1149 4112 eien]Parussslparsieest.
1173 4048 1209 4097 Et
1216 4063 1267 4097 non
1275 4053 1389 4107 misse,

219 4120 273 4161 nau
292 4112 406 4176 mtiaesl]
430 4112 488 4161 Non
509 4112 594 4177 ignara
613 4112 784 4162 illecebrarum
815 4114 1010 4177 eedperspesr'sse
1026 4113 1103 4162 dixit:
1120 4115 1208 4175 utiam
1220 4112 1324 4161 nonsit
1341 4130 1388 4163 ex-

219 4176 344 4235 meretrix,
365 4192 415 4227 non
433 4177 511 4227 solum
531 4178 658 4226 Chaeream
677 4178 781 4227 mtiuetr
815 4178 934 4242 parienda
949 4177 1016 4227 illius
1032 4176 1207 4241 audaciaque
1223 4177 1259 4226 sit
1272 4178 1390 4243 perfecte

219 4240 478 4299 verumetiamvoeat,
491 4240 613 4305 ubivirgo
625 4250 669 4290 est.
699 4242 783 4291 Eter-
816 4242 921 4306 cognita.
945 4242 1087 4307 D.·-Lege‚
1103 4244 1191 4293 Pam
1203 4258 1318 4305 parspere
1334 4242 1390 4307 ejas

221 4300 254 4377 tis
264 4302 351 4352 callide
366 4306 501 4369 interrogat
517 4306 634 4355 aurelit:
652 4306 722 4371 quasi
739 4322 781 4355 ne·
816 4310 873 4355 nita·
888 4324 942 4356 aa.
971 4307 1013 4356 Sis
1030 4307 1096 4357 enirn
1113 4306 1192 4356 Plaut.
1206 4305 1330 4355 Muto.
1346 4308 1388 4357 22

220 4372 282 4414 serat
293 4366 363 4415 velle.
388 4369 420 4417 D.
816 4371 859 4420 ubi
869 4382 915 4429 est,
926 4374 1030 4435 demere,
1042 4382 1068 4421 et
1083 4372 1118 4422 ita
1133 4374 1235 4435 ruperis
1251 4370 1390 4435 aliquoties

253 4428 292 4479 57.
310 4432 380 4480 Immo
391 4432 512 4497 percupio]
526 4434 660 4493 Amatoris,
678 4450 728 4486 non
744 4452 783 4485 oo·
816 4435 928 4486 occurrit.
951 4436 979 4484 B.
