2834 4759
468 163 533 223 DE
559 163 804 225 Tttsnrno.
1165 166 1211 231 lxi

59 314 141 370 quam
152 292 288 353 fabulam
307 294 401 353 acturi
413 306 514 355 essem
532 294 651 355 scenici.
692 292 783 355 Unde
801 293 875 355 illud
893 308 941 353 est
952 292 1124 357 Ciceronis:
1143 298 1213 359 Non

59 374 183 454 intelligo
202 374 328 452 (inquit)
347 373 415 454 qaid
432 384 547 445 memet,
568 396 649 455 qnam
669 385 730 433 tans
750 374 833 434 bonos
856 376 1030 456 septenarios
1043 376 1154 454 sentiat
1173 379 1215 439 ad

57 454 158 513 tibions.
211 454 356 515 Tibicines
381 454 605 534 appellabantur
630 456 681 533 qui
709 455 880 534 hujusmodi
906 458 1021 517 cantica
1045 457 1084 518 sd
1110 460 1213 521 tibiam

56 536 226 606 findebant,
242 548 398 613 antequam
416 552 553 614 ageretur
567 536 722 604 comoedis,
737 536 785 596 vel
798 538 874 595 inter
892 535 901 594 i
986 552 1078 597 actus.
1121 540 1210 601 Unde

55 616 121 675 illud
142 616 267 675 Plauti:
295 617 411 675 Tibicen
430 636 479 675 oos
501 618 608 675 murco
629 616 674 675 hic
693 616 852 675 delectabit.
920 617 1044 677 udioues
1063 632 1161 681 sutem
1180 634 1212 683 et

54 697 210 757 batnones
233 698 274 755 sd
289 698 416 757 tibicinis
435 697 539 757 modos
553 696 707 767 saltabant,
722 711 754 757 et
765 696 897 757 nonnihil
909 699 999 758 etiarn
1012 700 1212 762 diverbiorum

53 778 296 855 pronunciabant.
340 776 427 837 Unde
441 778 560 837 Livius:
581 776 723 837 Ludicnes
731 799 767 837 ea
779 778 922 837 lletraria
932 778 1028 850 occdi,
1037 779 1078 839 ad
1089 781 1213 843 tibicinis

52 858 139 917 nodus
158 858 315 930 saltantes,
329 868 380 917 ont
400 858 541 919 indecoros
560 868 650 917 motus
668 879 745 919 more
766 858 877 918 Thasco
896 858 1014 919 dabant.
1055 858 1211 941 Proprium

55 941 121 999 cuim
140 939 300 999 ludicrum
319 960 355 999 ac
374 940 540 999 morionum
557 952 620 999 erat
640 952 739 999 motus
759 939 892 1010 decoros,
915 960 950 999 sc
969 954 1072 1019 gestus
1092 944 1212 1006 omniuo

52 1020 182 1079 decentes
196 1020 370 1079 ostendere.
413 1020 580 1080 Tibicinum
598 1032 697 1081 autem
711 1033 775 1079 erat
790 1020 939 1091 doeorum,
952 1021 1067 1090 modos,
1081 1021 1138 1083 hoc
1154 1038 1210 1097 est,

50 1120 196 1161 mensuras
211 1101 246 1160 in
260 1114 352 1159 cantu
365 1102 531 1171 observare,
546 1102 740 1179 remissusque
753 1114 804 1161 aut
817 1113 928 1170 acutos,
939 1115 991 1161 aut
1002 1102 1090 1161 etiam
1104 1125 1210 1183 graves

49 1182 138 1241 faeere
151 1202 214 1261 pro
229 1182 370 1242 arbitrio.
398 1181 434 1240 Iu
447 1180 590 1259 tragedia
600 1195 631 1240 et
639 1192 742 1261 satyro
755 1180 891 1242 sacham
900 1201 1022 1242 numero
1036 1184 1212 1245 intervenie-

46 1264 109 1323 bant
121 1263 272 1323 ποήσω
287 1275 319 1321 et
335 1262 483 1321 histriones
491 1286 502 1332 ,·
524 1264 553 1321 in
567 1262 700 1321 comedia
715 1262 803 1322 etiam
816 1272 935 1342 quotuor
948 1276 979 1322 et
992 1262 1106 1342 oiginti.
1148 1267 1211 1333 Qui

46 1344 125 1403 unul
139 1344 246 1403 coacti
261 1344 295 1401 in
311 1342 445 1421 quolibet
458 1344 562 1404 horum
577 1364 693 1422 genere,
709 1363 856 1421 unamque
870 1364 932 1402 rem
950 1357 1082 1422 agentes,
1096 1360 1131 1405 ut
1146 1346 1211 1425 jam

48 1424 150 1483 &tum
165 1437 229 1495 est,
245 1424 354 1483 chorus
371 1425 568 1483 vocabantur:
589 1424 675 1483 divisi
688 1424 719 1483 in
738 1423 813 1483 duas
830 1438 938 1501 partes,
952 1424 1137 1485 semichorio:
1159 1428 1210 1487 uhi

50 1520 136 1565 summ
149 1518 264 1585 gestus
282 1516 314 1564 et
329 1517 431 1564 cautus
449 1504 634 1565 absolverant
653 1526 732 1574 suos,
748 1519 810 1563 tum
825 1506 856 1563 in
870 1517 970 1583 partes
983 1504 1083 1583 plures
1096 1507 1210 1567 diside-

50 1587 163 1645 bantur:
187 1599 228 1645 ut
250 1585 305 1645 alii
319 1598 418 1644 essent
437 1586 487 1663 qui
501 1606 594 1654 senes,
608 1585 656 1645 alii
670 1586 722 1663 qui
736 1598 889 1654 amatores,
900 1584 1095 1656 mulierculas,
1108 1608 1210 1647 servos

49 1664 183 1737 luderent,
196 1667 401 1745 personisque
415 1686 449 1725 ae
462 1667 586 1726 vestium
597 1666 739 1725 varietate
752 1666 951 1737 induerentur,
962 1668 1209 1745 quemadmodum

50 1767 89 1805 res
100 1750 282 1817 exhibebat,
297 1767 334 1807 ac
348 1747 437 1805 moris
451 1760 515 1806 erat
524 1747 604 1825 apud
618 1768 678 1806 eos.

218 1874 376 1939 Amictus
389 1883 422 1939 ct
436 1874 591 1939 Persona
606 1873 816 1939 ffntrtoncm
828 1873 1035 1939 scenicorum.

82 1978 244 2039 Personati
260 1978 412 2036 histriones
425 1980 551 2056 agebant
565 1976 749 2046 comoediam,
764 1996 860 2055 neque
874 1980 1115 2055 agnoscebantur.
1150 1979 1210 2039 Sed

52 2059 86 2117 itu
98 2062 279 2139 compositae
294 2078 329 2117 ac
340 2058 473 2117 confiatae
487 2072 570 2117 crant
583 2078 728 2136 metonae,
740 2070 775 2116 ut
787 2058 930 2117 referrent
944 2058 974 2117 id
988 2061 1084 2137 ipsum
1098 2061 1180 2139 quod
1192 2081 1211 2120 a

51 2141 133 2199 nimo
145 2142 299 2219 agebatur
311 2162 319 2209 ς
341 2139 500 2216 liceretque
515 2140 570 2198 sub
585 2138 655 2217 ipsis
670 2157 773 2197 vocem
783 2138 847 2216 ejus
861 2138 962 2197 audire
976 2138 1108 2200 liberam.
1131 2140 1209 2200 Nam

52 2221 124 2297 quod
144 2219 289 2279 nonnulli
311 2219 421 2287 dicunt,
442 2220 597 2278 histriones
619 2229 733 2277 tantum
757 2219 887 2298 gestibus
908 2220 1083 2280 comoediam
1103 2222 1208 2301 egisse,

52 2320 102 2359 nou
123 2302 218 2360 etiam
240 2301 313 2359 vira
335 2300 506 2378 prolatione,
527 2300 558 2357 id
579 2300 674 2358 minus
695 2300 767 2357 mihi
788 2300 973 2377 probandum
992 2320 1056 2359 esse
1081 2302 1208 2361 videtur.

54 2380 264 2441 vestiebantur
288 2400 406 2459 quoque
430 2380 586 2439 histriones
608 2400 662 2459 pro
683 2381 797 2439 ratione
811 2400 921 2449 eorum,
937 2399 1011 2457 quos
1032 2382 1208 2453 referebant,

51 2462 102 2521 boc
115 2476 171 2533 est,
187 2461 239 2521 vel
256 2481 419 2531 servorum,
435 2460 482 2519 vel
496 2481 607 2530 senum,
622 2460 670 2519 vel
683 2460 804 2519 alterius
817 2480 950 2539 personae
963 2462 1088 2521 diversis
1101 2462 1207 2523 modis.

54 2543 168 2602 Senibus
198 2543 322 2603 comicis
343 2541 482 2602 candidus
509 2542 623 2600 vestitus
646 2540 780 2611 dabatur,
802 2543 852 2619 qui
879 2542 966 2600 etiarn
990 2543 1208 2621 antiquissimus

53 2624 137 2683 fnisse
150 2636 348 2683 memoratur.
390 2622 589 2681 Adulescentes
603 2621 741 2681 discolori
755 2639 836 2681 veste
851 2624 1091 2700 contegebantur.
1127 2624 1208 2683 Semi

54 2707 150 2765 comici
164 2706 280 2764 amictu
294 2704 492 2763 vestiebantur
503 2704 620 2781 exiguo,
633 2704 813 2781 paupertatis
828 2704 955 2781 autiquae
969 2705 1073 2781 gratia,
1089 2704 1135 2762 vel
1148 2726 1208 2782 quo

54 2786 218 2863 expeditius
238 2796 370 2862 agerent.
414 2783 541 2842 Parasiti
556 2804 621 2843 cum
637 2784 753 2843 intortis
774 2783 870 2861 palliis
887 2784 1053 2861 prodibant.
1096 2784 1208 2845 Milites

54 2866 204 2945 chlamyde
215 2886 367 2944 purpurea
377 2866 542 2924 utebantur.
583 2863 696 2923 Puella
709 2864 827 2923 habitus
840 2879 904 2922 erat
917 2867 1098 2944 peregrinus.
1130 2866 1208 2927 hetto

54 2947 136 3023 pallio
156 2946 235 3005 varii
258 2945 364 3004 coloris
384 2946 572 3005 vestiebatur.
620 2944 816 3003 Meretricibns
836 2944 981 3005 dabantur
1000 2956 1136 3025 sprnmta,
1151 2947 1207 3008 hoc

55 3041 104 3097 est,
117 3040 218 3087 vestes
234 3046 383 3104 expansae,
398 3038 428 3084 et
449 3046 516 3103 quae
534 3026 650 3104 longius
671 3025 880 3085 trahebantur:
901 3038 984 3085 erant
1005 3047 1122 3105 quoque
1143 3028 1206 3107 ple-

55 3128 175 3187 rumque
196 3108 273 3166 lutei
288 3107 403 3175 coloris,
418 3108 456 3166 oh
469 3106 631 3165 avaritiam.
673 3106 809 3183 Syrmata
822 3106 920 3175 etiam,
935 3127 986 3165 seu
1006 3108 1088 3185 pulla
1108 3123 1206 3185 gesta·

55 3190 118 3247 bant
131 3188 272 3248 luctuosa
294 3187 481 3257 funeralibus,
497 3208 565 3265 quae
586 3186 726 3246 incuriam
740 3188 785 3245 sui
806 3206 859 3264 per
873 3186 1079 3266 negligentiam
1094 3190 1206 3267 signifi·

57 3272 165 3329 cabant.
207 3268 270 3327 Sed
284 3268 437 3346 siquando
450 3267 620 3327 variandum
635 3268 664 3325 in
678 3267 831 3326 comoediis
843 3280 915 3336 erat,
930 3269 1111 3345 vestitusque
1125 3290 1205 3329 com·

55 3350 209 3410 mutandus
238 3368 293 3427 pro
320 3348 482 3416 affectibus,
508 3368 582 3427 quos
609 3368 648 3406 ea
672 3348 826 3407 comoedioe
853 3349 966 3408 actibus
994 3349 1205 3427 significabant,

55 3430 125 3491 latis
138 3430 269 3490 vestitus
283 3429 406 3489 dabatur
420 3428 578 3489 candidus:
600 3430 774 3488 aerumnosis
793 3427 960 3489 obsoletus:
982 3430 1067 3490 diviti
1088 3451 1206 3509 quoque

55 3532 235 3591 purpureus:
267 3512 389 3589 pauperi
412 3509 587 3589 phoeuicius.
637 3508 755 3587 Tragici
781 3522 833 3569 aut
856 3510 983 3588 tragoedi
1008 3524 1121 3571 actores
1145 3513 1205 3572 cal·

54 3606 271 3652 ceamentorum
298 3610 402 3669 genere
429 3612 447 3650 a
473 3590 615 3650 comoedis
643 3590 804 3661 variabant,
832 3611 925 3668 eoque
953 3592 1205 3654 discernebantur.

55 3672 221 3734 Utcbantur
246 3671 323 3730 enim
348 3672 450 3750 tragici
477 3672 508 3730 in
533 3672 647 3730 theatro
668 3670 819 3740 cothurnis,
841 3671 921 3749 quod
945 3672 1002 3730 tale
1026 3693 1119 3751 genus
1142 3688 1206 3733 erat

53 3754 251 3823 mlosamenti,
265 3765 300 3811 ut
320 3752 426 3812 dextro
446 3752 582 3828 laevoque
602 3750 671 3829 pedi
692 3752 880 3811 conveniret:
903 3765 1041 3811 caeterum
1063 3751 1154 3811 altum
1175 3768 1207 3814 et

50 3838 229 3913 prominens,
243 3846 416 3911 actoresque
435 3833 616 3911 proceriores
630 3832 761 3891 efficiens
775 3853 809 3891 ac
829 3832 977 3891 referens:
1001 3834 1074 3893 varii
1089 3830 1205 3906 coloris,

51 3930 77 3974 et
96 3919 256 3977 honestum
277 3927 364 3990 atque
385 3914 520 3991 elegante
543 3932 635 3989 usque
655 3912 693 3971 ad
713 3932 813 3971 suram
832 3913 1005 3991 plerumque
1025 3911 1206 3983 devinctum,

50 4018 127 4058 more
142 3996 268 4055 Punico.
306 3994 418 4053 Comici
433 4007 556 4063 actores,
571 4006 622 4053 aut
635 3993 763 4053 comoedi
778 3994 807 4051 in
819 3992 915 4053 scenis
929 3994 1021 4052 soccis
1032 3992 1207 4053 utebantur:

48 4080 126 4155 quod
149 4075 344 4137 calceamenti
367 4094 460 4153 genus
482 4075 591 4153 optime
616 4076 671 4133 sub
693 4072 784 4153 pallio
807 4071 1014 4133 conveniebat.
1056 4068 1210 4132 Quemad-

48 4160 167 4218 modum
181 4158 263 4217 enim
285 4174 446 4233 pauperum
467 4176 501 4214 ac
521 4156 696 4214 rusticorum
718 4153 926 4211 vestimentum
940 4148 996 4209 fuit
1016 4146 1149 4229 pallium,
1169 4151 1212 4206 ita

48 4242 135 4299 etiam
149 4258 249 4299 soem
269 4236 363 4295 altum
376 4235 433 4294 fuit
451 4234 679 4295 calceamentum
700 4232 817 4291 rusticis
859 4226 1003 4302 roprium,
1016 4235 1139 4308 propter
1157 4225 1213 4281 im-

50 4321 116 4379 bres
128 4334 160 4379 et
178 4318 290 4388 lutum,
304 4329 393 4394 atque
412 4316 556 4392 hybernas
576 4315 712 4396 pruinas.
754 4310 800 4369 Eo
859 4310 1006 4366 ceamenti
1026 4318 1136 4383 genere
1150 4313 1215 4356 ute·

51 4400 155 4459 bantur
169 4410 234 4461 mm
248 4396 306 4459 viri
319 4416 408 4473 quam
425 4394 571 4457 mulieres.
612 4389 854 4463 Quinctilianus:
876 4384 1014 4444 cotnoedic
1026 4386 1060 4443 in
1073 4375 1215 4435 cothurnos
