<?xml version="1.0" encoding="UTF-8"?>
<!DOCTYPE html PUBLIC "-//W3C//DTD XHTML 1.0 Transitional//EN"
    "http://www.w3.org/TR/xhtml1/DTD/xhtml1-transitional.dtd">
<html xmlns="http://www.w3.org/1999/xhtml" xml:lang="en" lang="en">
 <head>
  <title>
</title>
<meta http-equiv="Content-Type" content="text/html;charset=utf-8" />
  <meta name='ocr-system' content='tesseract 3.04.00' />
  <meta name='ocr-capabilities' content='ocr_page ocr_carea ocr_par ocr_line ocrx_word'/>
</head>
<body>
  <div class='ocr_page' id='page_1' title='image "./publiiterentiic01lindgoog/publiiterentiic01lindgoog_0458.png"; bbox 0 0 2834 4759; ppageno 0'>
   <div class='ocr_carea' id='block_1_1' title="bbox 29 149 1193 235">
    <p class='ocr_par' dir='ltr' id='par_1_1' title="bbox 29 149 1193 235">
     <span class='ocr_line' id='line_1_1' title="bbox 29 149 1193 235; baseline 0.002 -20"><span class='ocrx_word' id='word_1_1' title='bbox 29 170 155 217; x_wconf 70' lang='lat' dir='ltr'>scaris</span> <span class='ocrx_word' id='word_1_2' title='bbox 170 149 236 235; x_wconf 77' lang='lat' dir='ltr'>uu]</span> <span class='ocrx_word' id='word_1_3' title='bbox 485 151 754 220; x_wconf 72' lang='lat' dir='ltr'>nnuufflr.</span> <span class='ocrx_word' id='word_1_4' title='bbox 1129 152 1193 221; x_wconf 73' lang='lat' dir='ltr'>stt</span> 
     </span>
    </p>
   </div>
   <div class='ocr_carea' id='block_1_2' title="bbox 88 285 1091 375">
    <p class='ocr_par' dir='ltr' id='par_1_2' title="bbox 88 285 1091 375">
     <span class='ocr_line' id='line_1_2' title="bbox 88 285 1091 375; baseline 0.002 -24"><span class='ocrx_word' id='word_1_5' title='bbox 88 287 167 372; x_wconf 87' lang='lat' dir='ltr'>Ego</span> <span class='ocrx_word' id='word_1_6' title='bbox 182 289 295 355; x_wconf 86' lang='lat' dir='ltr'>sentio.</span> <span class='ocrx_word' id='word_1_7' title='bbox 331 286 397 353; x_wconf 84' lang='lat' dir='ltr'>Mt.</span> <span class='ocrx_word' id='word_1_8' title='bbox 412 285 490 353; x_wconf 80' lang='lat' dir='ltr'>Ah!</span> <span class='ocrx_word' id='word_1_9' title='bbox 512 290 687 375; x_wconf 74' lang='lat' dir='ltr'>pergisnei</span> <span class='ocrx_word' id='word_1_10' title='bbox 726 288 794 355; x_wconf 80' lang='lat' dir='ltr'>Du.</span> <span class='ocrx_word' id='word_1_11' title='bbox 811 288 950 375; x_wconf 82' lang='lat' dir='ltr'>Jamjam</span> <span class='ocrx_word' id='word_1_12' title='bbox 965 288 1091 355; x_wconf 85' lang='lat' dir='ltr'>desinn.</span> 
     </span>
    </p>
   </div>
   <div class='ocr_carea' id='block_1_3' title="bbox 88 384 1196 549">
    <p class='ocr_par' dir='ltr' id='par_1_3' title="bbox 88 384 1196 549">
     <span class='ocr_line' id='line_1_3' title="bbox 88 384 1196 473; baseline 0.002 -22"><span class='ocrx_word' id='word_1_13' title='bbox 88 384 156 451; x_wconf 87' lang='lat' dir='ltr'>Mt.</span> <span class='ocrx_word' id='word_1_14' title='bbox 173 384 283 471; x_wconf 87' lang='lat' dir='ltr'>lergo</span> <span class='ocrx_word' id='word_1_15' title='bbox 297 386 398 451; x_wconf 88' lang='lat' dir='ltr'>intro:</span> <span class='ocrx_word' id='word_1_16' title='bbox 421 400 455 453; x_wconf 93' lang='lat' dir='ltr'>et</span> <span class='ocrx_word' id='word_1_17' title='bbox 467 388 520 453; x_wconf 93' lang='lat' dir='ltr'>cui</span> <span class='ocrx_word' id='word_1_18' title='bbox 531 389 580 453; x_wconf 84' lang='lat' dir='ltr'>roi</span> <span class='ocrx_word' id='word_1_19' title='bbox 594 409 676 473; x_wconf 90' lang='lat' dir='ltr'>opus</span> <span class='ocrx_word' id='word_1_20' title='bbox 692 401 755 468; x_wconf 83' lang='lat' dir='ltr'>eat,</span> <span class='ocrx_word' id='word_1_21' title='bbox 776 390 807 454; x_wconf 90' lang='lat' dir='ltr'>ei</span> <span class='ocrx_word' id='word_1_22' title='bbox 826 388 960 455; x_wconf 83' lang='lat' dir='ltr'>hilarem</span> <span class='ocrx_word' id='word_1_23' title='bbox 981 386 1069 455; x_wconf 91' lang='lat' dir='ltr'>hunc</span> <span class='ocrx_word' id='word_1_24' title='bbox 1091 408 1196 455; x_wconf 84' lang='lat' dir='ltr'>suma·</span> 
     </span>
     <span class='ocr_line' id='line_1_4' title="bbox 155 482 337 549; baseline 0.005 -1"><span class='ocrx_word' id='word_1_25' title='bbox 155 482 337 549; x_wconf 80' lang='lat' dir='ltr'>mus&#39;diem.</span> 
     </span>
    </p>
   </div>
   <div class='ocr_carea' id='block_1_4' title="bbox 225 760 1023 851">
    <p class='ocr_par' dir='ltr' id='par_1_4' title="bbox 225 760 1023 851">
     <span class='ocr_line' id='line_1_5' title="bbox 225 760 1023 851; baseline 0.001 -9"><span class='ocrx_word' id='word_1_26' title='bbox 225 766 416 842; x_wconf 86' lang='lat' dir='ltr'><strong>ACTUS</strong></span> <span class='ocrx_word' id='word_1_27' title='bbox 461 767 676 851; x_wconf 86' lang='lat' dir='ltr'>QUINTI</span> <span class='ocrx_word' id='word_1_28' title='bbox 722 760 914 845; x_wconf 79' lang='lat' dir='ltr'>scENA</span> <span class='ocrx_word' id='word_1_29' title='bbox 952 770 1023 844; x_wconf 90' lang='lat' dir='ltr'>IV.</span> 
     </span>
    </p>
   </div>
   <div class='ocr_carea' id='block_1_5' title="bbox 553 959 689 1008">
    <p class='ocr_par' dir='ltr' id='par_1_5' title="bbox 553 959 689 1008">
     <span class='ocr_line' id='line_1_6' title="bbox 553 959 689 1008; baseline 0 -1"><span class='ocrx_word' id='word_1_30' title='bbox 553 959 689 1008; x_wconf 79' lang='lat' dir='ltr'><strong>DEMEA.</strong></span> 
     </span>
    </p>
   </div>
   <div class='ocr_carea' id='block_1_6' title="bbox 85 1081 1184 1365">
    <p class='ocr_par' dir='ltr' id='par_1_6' title="bbox 85 1081 1184 1365">
     <span class='ocr_line' id='line_1_7' title="bbox 85 1081 1184 1168; baseline 0.001 -21"><span class='ocrx_word' id='word_1_31' title='bbox 85 1081 272 1151; x_wconf 78' lang='lat' dir='ltr'>Nuttousu</span> <span class='ocrx_word' id='word_1_32' title='bbox 287 1083 332 1148; x_wconf 79' lang='lat' dir='ltr'>its</span> <span class='ocrx_word' id='word_1_33' title='bbox 346 1085 515 1168; x_wconf 88' lang='lat' dir='ltr'>quisquam</span> <span class='ocrx_word' id='word_1_34' title='bbox 530 1085 613 1149; x_wconf 91' lang='lat' dir='ltr'>bene</span> <span class='ocrx_word' id='word_1_35' title='bbox 628 1085 790 1149; x_wconf 83' lang='lat' dir='ltr'>subducta</span> <span class='ocrx_word' id='word_1_36' title='bbox 804 1084 927 1149; x_wconf 89' lang='lat' dir='ltr'>ratione</span> <span class='ocrx_word' id='word_1_37' title='bbox 942 1085 984 1149; x_wconf 86' lang='lat' dir='ltr'>ad</span> <span class='ocrx_word' id='word_1_38' title='bbox 1001 1085 1097 1149; x_wconf 88' lang='lat' dir='ltr'>vitam</span> <span class='ocrx_word' id='word_1_39' title='bbox 1111 1082 1184 1163; x_wconf 89' lang='lat' dir='ltr'>fuit,</span> 
     </span>
     <span class='ocr_line' id='line_1_8' title="bbox 86 1179 1012 1268; baseline 0.003 -24"><span class='ocrx_word' id='word_1_40' title='bbox 86 1181 183 1254; x_wconf 87' lang='lat' dir='ltr'>Quin</span> <span class='ocrx_word' id='word_1_41' title='bbox 197 1202 261 1259; x_wconf 87' lang='lat' dir='ltr'>res,</span> <span class='ocrx_word' id='word_1_42' title='bbox 276 1191 368 1259; x_wconf 77' lang='lat' dir='ltr'>tetus,</span> <span class='ocrx_word' id='word_1_43' title='bbox 381 1204 460 1245; x_wconf 84' lang='lat' dir='ltr'>usus</span> <span class='ocrx_word' id='word_1_44' title='bbox 477 1204 604 1267; x_wconf 87' lang='lat' dir='ltr'>semper</span> <span class='ocrx_word' id='word_1_45' title='bbox 617 1179 739 1267; x_wconf 89' lang='lat' dir='ltr'>aliquid</span> <span class='ocrx_word' id='word_1_46' title='bbox 754 1194 906 1268; x_wconf 87' lang='lat' dir='ltr'>apportet</span> <span class='ocrx_word' id='word_1_47' title='bbox 920 1184 1012 1261; x_wconf 90' lang='lat' dir='ltr'>novi;</span> 
     </span>
     <span class='ocr_line' id='line_1_9' title="bbox 87 1277 1049 1365; baseline 0.003 -23"><span class='ocrx_word' id='word_1_48' title='bbox 87 1277 228 1363; x_wconf 88' lang='lat' dir='ltr'>Aliquid</span> <span class='ocrx_word' id='word_1_49' title='bbox 241 1291 381 1357; x_wconf 86' lang='lat' dir='ltr'>moneat,</span> <span class='ocrx_word' id='word_1_50' title='bbox 397 1278 513 1358; x_wconf 87' lang='lat' dir='ltr'>utilia,</span> <span class='ocrx_word' id='word_1_51' title='bbox 528 1304 602 1365; x_wconf 81' lang='lat' dir='ltr'>quae</span> <span class='ocrx_word' id='word_1_52' title='bbox 616 1291 649 1344; x_wconf 89' lang='lat' dir='ltr'>te</span> <span class='ocrx_word' id='word_1_53' title='bbox 662 1280 745 1345; x_wconf 85' lang='lat' dir='ltr'>scire</span> <span class='ocrx_word' id='word_1_54' title='bbox 761 1281 888 1358; x_wconf 88' lang='lat' dir='ltr'>credas,</span> <span class='ocrx_word' id='word_1_55' title='bbox 898 1281 1028 1346; x_wconf 87' lang='lat' dir='ltr'>nescias</span> <span class='ocrx_word' id='word_1_56' title='bbox 1040 1306 1049 1359; x_wconf 83' lang='lat'>3</span> 
     </span>
    </p>
   </div>
   <div class='ocr_carea' id='block_1_7' title="bbox 35 1445 1206 4493">
    <p class='ocr_par' dir='ltr' id='par_1_7' title="bbox 35 1445 1206 4493">
     <span class='ocr_line' id='line_1_10' title="bbox 35 1445 1200 1510; baseline 0.002 -15"><span class='ocrx_word' id='word_1_57' title='bbox 35 1461 133 1495; x_wconf 84' lang='lat' dir='ltr'>rursus</span> <span class='ocrx_word' id='word_1_58' title='bbox 148 1448 200 1509; x_wconf 76' lang='lat' dir='ltr'>Ego</span> <span class='ocrx_word' id='word_1_59' title='bbox 215 1449 287 1494; x_wconf 77' lang='lat' dir='ltr'>tertio</span> <span class='ocrx_word' id='word_1_60' title='bbox 302 1461 383 1494; x_wconf 83' lang='lat' dir='ltr'>amare</span> <span class='ocrx_word' id='word_1_61' title='bbox 394 1462 526 1510; x_wconf 87' lang='lat' dir='ltr'>severeque</span> <span class='ocrx_word' id='word_1_62' title='bbox 537 1446 607 1495; x_wconf 78' lang='lat' dir='ltr'>dixit</span> <span class='ocrx_word' id='word_1_63' title='bbox 641 1448 911 1495; x_wconf 77' lang='lat' dir='ltr'>benemlduclcratiotte</span> <span class='ocrx_word' id='word_1_64' title='bbox 920 1445 1095 1510; x_wconf 82' lang='lat' dir='ltr'>aduitamsuit]</span> <span class='ocrx_word' id='word_1_65' title='bbox 1105 1447 1200 1497; x_wconf 73' lang='lat' dir='ltr'>Demea</span> 
     </span>
     <span class='ocr_line' id='line_1_11' title="bbox 38 1510 1199 1574; baseline 0.001 -14"><span class='ocrx_word' id='word_1_66' title='bbox 38 1512 82 1560; x_wconf 83' lang='lat' dir='ltr'>Et</span> <span class='ocrx_word' id='word_1_67' title='bbox 97 1514 168 1568; x_wconf 75' lang='lat' dir='ltr'>ridet,</span> <span class='ocrx_word' id='word_1_68' title='bbox 185 1510 228 1572; x_wconf 92' lang='lat' dir='ltr'>qui</span> <span class='ocrx_word' id='word_1_69' title='bbox 243 1510 388 1574; x_wconf 89' lang='lat' dir='ltr'>simpliciter</span> <span class='ocrx_word' id='word_1_70' title='bbox 406 1510 486 1560; x_wconf 86' lang='lat' dir='ltr'>ridet:</span> <span class='ocrx_word' id='word_1_71' title='bbox 511 1514 607 1569; x_wconf 75' lang='lat' dir='ltr'>deridet,</span> <span class='ocrx_word' id='word_1_72' title='bbox 640 1526 696 1559; x_wconf 89' lang='lat' dir='ltr'>cum</span> <span class='ocrx_word' id='word_1_73' title='bbox 707 1511 918 1560; x_wconf 83' lang='lat' dir='ltr'>animadvertisset</span> <span class='ocrx_word' id='word_1_74' title='bbox 929 1526 1008 1560; x_wconf 86' lang='lat' dir='ltr'>moret</span> <span class='ocrx_word' id='word_1_75' title='bbox 1020 1528 1077 1561; x_wconf 91' lang='lat' dir='ltr'>suos</span> <span class='ocrx_word' id='word_1_76' title='bbox 1087 1512 1199 1561; x_wconf 73' lang='lat' dir='ltr'>cutiens</span> 
     </span>
     <span class='ocr_line' id='line_1_12' title="bbox 36 1574 1200 1640; baseline 0.002 -17"><span class='ocrx_word' id='word_1_77' title='bbox 36 1580 88 1639; x_wconf 73' lang='lat' dir='ltr'>qui</span> <span class='ocrx_word' id='word_1_78' title='bbox 98 1590 155 1623; x_wconf 85' lang='lat' dir='ltr'>eum</span> <span class='ocrx_word' id='word_1_79' title='bbox 167 1574 267 1624; x_wconf 81' lang='lat' dir='ltr'>alterius</span> <span class='ocrx_word' id='word_1_80' title='bbox 278 1576 390 1624; x_wconf 89' lang='lat' dir='ltr'>irrisione</span> <span class='ocrx_word' id='word_1_81' title='bbox 402 1586 427 1625; x_wconf 91' lang='lat' dir='ltr'>et</span> <span class='ocrx_word' id='word_1_82' title='bbox 436 1585 561 1625; x_wconf 86' lang='lat' dir='ltr'>contemtu</span> <span class='ocrx_word' id='word_1_83' title='bbox 574 1576 608 1624; x_wconf 91' lang='lat' dir='ltr'>ri-</span> <span class='ocrx_word' id='word_1_84' title='bbox 641 1576 722 1634; x_wconf 90' lang='lat' dir='ltr'>duros,</span> <span class='ocrx_word' id='word_1_85' title='bbox 744 1576 884 1640; x_wconf 76' lang='lat' dir='ltr'>integritate</span> <span class='ocrx_word' id='word_1_86' title='bbox 912 1576 1076 1627; x_wconf 87' lang='lat' dir='ltr'>intolerandos</span> <span class='ocrx_word' id='word_1_87' title='bbox 1102 1576 1200 1627; x_wconf 81' lang='lat' dir='ltr'>laudem</span> 
     </span>
     <span class='ocr_line' id='line_1_13' title="bbox 37 1640 1199 1705; baseline 0.003 -18"><span class='ocrx_word' id='word_1_88' title='bbox 37 1642 97 1688; x_wconf 85' lang='lat' dir='ltr'>det.</span> <span class='ocrx_word' id='word_1_89' title='bbox 121 1642 269 1696; x_wconf 74' lang='lat' dir='ltr'>Fortunatus,</span> <span class='ocrx_word' id='word_1_90' title='bbox 281 1644 321 1702; x_wconf 77' lang='lat' dir='ltr'>pei</span> <span class='ocrx_word' id='word_1_91' title='bbox 332 1644 387 1688; x_wconf 81' lang='lat' dir='ltr'>istoc</span> <span class='ocrx_word' id='word_1_92' title='bbox 397 1641 538 1705; x_wconf 69' lang='lat' dir='ltr'>animosior]</span> <span class='ocrx_word' id='word_1_93' title='bbox 552 1642 609 1689; x_wconf 90' lang='lat' dir='ltr'>Non</span> <span class='ocrx_word' id='word_1_94' title='bbox 641 1656 690 1688; x_wconf 93' lang='lat' dir='ltr'>non</span> <span class='ocrx_word' id='word_1_95' title='bbox 707 1640 802 1699; x_wconf 86' lang='lat' dir='ltr'>mereri,</span> <span class='ocrx_word' id='word_1_96' title='bbox 819 1641 1019 1690; x_wconf 76' lang='lat' dir='ltr'>consuetudinem</span> <span class='ocrx_word' id='word_1_97' title='bbox 1036 1650 1128 1697; x_wconf 79' lang='lat' dir='ltr'>mutatt</span> <span class='ocrx_word' id='word_1_98' title='bbox 1153 1642 1199 1691; x_wconf 89' lang='lat' dir='ltr'>hoc</span> 
     </span>
     <span class='ocr_line' id='line_1_14' title="bbox 37 1704 1200 1770; baseline 0.001 -17"><span class='ocrx_word' id='word_1_99' title='bbox 37 1704 173 1753; x_wconf 80' lang='lat' dir='ltr'>laudantis</span> <span class='ocrx_word' id='word_1_100' title='bbox 188 1715 225 1753; x_wconf 89' lang='lat' dir='ltr'>est</span> <span class='ocrx_word' id='word_1_101' title='bbox 241 1705 305 1767; x_wconf 91' lang='lat' dir='ltr'>quod</span> <span class='ocrx_word' id='word_1_102' title='bbox 326 1704 367 1762; x_wconf 88' lang='lat' dir='ltr'>ait,</span> <span class='ocrx_word' id='word_1_103' title='bbox 382 1704 537 1766; x_wconf 73' lang='lat' dir='ltr'>soetunatus:</span> <span class='ocrx_word' id='word_1_104' title='bbox 565 1706 608 1754; x_wconf 86' lang='lat' dir='ltr'>sed</span> <span class='ocrx_word' id='word_1_105' title='bbox 640 1705 727 1754; x_wconf 91' lang='lat' dir='ltr'>doctus</span> <span class='ocrx_word' id='word_1_106' title='bbox 743 1707 774 1754; x_wconf 90' lang='lat' dir='ltr'>de</span> <span class='ocrx_word' id='word_1_107' title='bbox 790 1721 816 1754; x_wconf 90' lang='lat' dir='ltr'>se</span> <span class='ocrx_word' id='word_1_108' title='bbox 833 1706 912 1755; x_wconf 86' lang='lat' dir='ltr'>lacere</span> <span class='ocrx_word' id='word_1_109' title='bbox 930 1716 1066 1770; x_wconf 86' lang='lat' dir='ltr'>propterea,</span> <span class='ocrx_word' id='word_1_110' title='bbox 1085 1706 1200 1769; x_wconf 85' lang='lat' dir='ltr'>quoniam</span> 
     </span>
     <span class='ocr_line' id='line_1_15' title="bbox 38 1769 1200 1834; baseline 0.002 -16"><span class='ocrx_word' id='word_1_111' title='bbox 38 1769 174 1818; x_wconf 77' lang='lat' dir='ltr'><strong>moraliter</strong></span> <span class='ocrx_word' id='word_1_112' title='bbox 200 1769 407 1833; x_wconf 81' lang='lat' dir='ltr'>reprehendentis,</span> <span class='ocrx_word' id='word_1_113' title='bbox 432 1779 460 1818; x_wconf 92' lang='lat' dir='ltr'>ut</span> <span class='ocrx_word' id='word_1_114' title='bbox 486 1770 507 1819; x_wconf 91' lang='lat' dir='ltr'>si</span> <span class='ocrx_word' id='word_1_115' title='bbox 534 1770 608 1829; x_wconf 83' lang='lat' dir='ltr'>dices,</span> <span class='ocrx_word' id='word_1_116' title='bbox 639 1770 692 1818; x_wconf 84' lang='lat' dir='ltr'>ittec</span> <span class='ocrx_word' id='word_1_117' title='bbox 703 1770 768 1834; x_wconf 86' lang='lat' dir='ltr'>apud</span> <span class='ocrx_word' id='word_1_118' title='bbox 784 1770 895 1819; x_wconf 86' lang='lat' dir='ltr'>homines</span> <span class='ocrx_word' id='word_1_119' title='bbox 911 1772 1060 1820; x_wconf 81' lang='lat' dir='ltr'>consuetudo</span> <span class='ocrx_word' id='word_1_120' title='bbox 1075 1780 1120 1819; x_wconf 87' lang='lat' dir='ltr'>cst.</span> <span class='ocrx_word' id='word_1_121' title='bbox 1153 1772 1200 1820; x_wconf 83' lang='lat' dir='ltr'>Est</span> 
     </span>
     <span class='ocr_line' id='line_1_16' title="bbox 39 1834 1199 1899; baseline 0.003 -17"><span class='ocrx_word' id='word_1_122' title='bbox 39 1850 126 1897; x_wconf 84' lang='lat' dir='ltr'>quum</span> <span class='ocrx_word' id='word_1_123' title='bbox 141 1844 167 1882; x_wconf 90' lang='lat' dir='ltr'>te</span> <span class='ocrx_word' id='word_1_124' title='bbox 181 1834 273 1897; x_wconf 88' lang='lat' dir='ltr'>aliquid</span> <span class='ocrx_word' id='word_1_125' title='bbox 284 1850 343 1883; x_wconf 81' lang='lat' dir='ltr'>curs</span> <span class='ocrx_word' id='word_1_126' title='bbox 354 1835 488 1894; x_wconf 82' lang='lat' dir='ltr'>offenderit,</span> <span class='ocrx_word' id='word_1_127' title='bbox 499 1836 608 1883; x_wconf 83' lang='lat' dir='ltr'>fortuna·</span> <span class='ocrx_word' id='word_1_128' title='bbox 640 1850 698 1898; x_wconf 74' lang='lat' dir='ltr'>ergo</span> <span class='ocrx_word' id='word_1_129' title='bbox 709 1835 766 1884; x_wconf 89' lang='lat' dir='ltr'>huic</span> <span class='ocrx_word' id='word_1_130' title='bbox 777 1850 857 1884; x_wconf 70' lang='lat' dir='ltr'>scenae</span> <span class='ocrx_word' id='word_1_131' title='bbox 868 1836 978 1899; x_wconf 76' lang='lat' dir='ltr'><strong>qualitas,</strong></span> <span class='ocrx_word' id='word_1_132' title='bbox 990 1839 1031 1885; x_wconf 85' lang='lat' dir='ltr'>An</span> <span class='ocrx_word' id='word_1_133' title='bbox 1041 1838 1108 1899; x_wconf 83' lang='lat' dir='ltr'>juste</span> <span class='ocrx_word' id='word_1_134' title='bbox 1118 1836 1199 1897; x_wconf 81' lang='lat' dir='ltr'>faciat,</span> 
     </span>
     <span class='ocr_line' id='line_1_17' title="bbox 39 1897 1198 1963; baseline 0.001 -15"><span class='ocrx_word' id='word_1_135' title='bbox 39 1911 86 1948; x_wconf 86' lang='lat' dir='ltr'>tos</span> <span class='ocrx_word' id='word_1_136' title='bbox 102 1898 192 1947; x_wconf 87' lang='lat' dir='ltr'>stultos</span> <span class='ocrx_word' id='word_1_137' title='bbox 208 1897 290 1962; x_wconf 86' lang='lat' dir='ltr'>(adde,</span> <span class='ocrx_word' id='word_1_138' title='bbox 308 1903 410 1948; x_wconf 75' lang='lat' dir='ltr'>inituris</span> <span class='ocrx_word' id='word_1_139' title='bbox 427 1900 531 1963; x_wconf 82' lang='lat' dir='ltr'>Z.),qui</span> <span class='ocrx_word' id='word_1_140' title='bbox 547 1901 609 1948; x_wconf 81' lang='lat' dir='ltr'>nihil</span> <span class='ocrx_word' id='word_1_141' title='bbox 640 1900 705 1962; x_wconf 84' lang='lat' dir='ltr'>quod</span> <span class='ocrx_word' id='word_1_142' title='bbox 717 1910 794 1948; x_wconf 91' lang='lat' dir='ltr'>mutet</span> <span class='ocrx_word' id='word_1_143' title='bbox 805 1901 1022 1949; x_wconf 73' lang='lat' dir='ltr'>consuetudinem?</span> <span class='ocrx_word' id='word_1_144' title='bbox 1053 1900 1198 1950; x_wconf 84' lang='lat' dir='ltr'>Sumtitttu-</span> 
     </span>
     <span class='ocr_line' id='line_1_18' title="bbox 39 1963 1198 2028; baseline 0.001 -15"><span class='ocrx_word' id='word_1_145' title='bbox 39 1963 167 2013; x_wconf 84' lang='lat' dir='ltr'>sentiunt.</span> <span class='ocrx_word' id='word_1_146' title='bbox 195 1966 231 2011; x_wconf 79' lang='lat' dir='ltr'>At</span> <span class='ocrx_word' id='word_1_147' title='bbox 241 1963 288 2027; x_wconf 81' lang='lat' dir='ltr'>(ss</span> <span class='ocrx_word' id='word_1_148' title='bbox 302 1963 367 2023; x_wconf 81' lang='lat' dir='ltr'>sco)</span> <span class='ocrx_word' id='word_1_149' title='bbox 378 1965 424 2012; x_wconf 89' lang='lat' dir='ltr'>hoc</span> <span class='ocrx_word' id='word_1_150' title='bbox 435 1980 530 2027; x_wconf 85' lang='lat' dir='ltr'>quoque</span> <span class='ocrx_word' id='word_1_151' title='bbox 545 1966 610 2013; x_wconf 82' lang='lat' dir='ltr'>dixit</span> <span class='ocrx_word' id='word_1_152' title='bbox 640 1973 690 2012; x_wconf 91' lang='lat' dir='ltr'>tem</span> <span class='ocrx_word' id='word_1_153' title='bbox 705 1965 920 2013; x_wconf 83' lang='lat' dir='ltr'>consuetudinibus</span> <span class='ocrx_word' id='word_1_154' title='bbox 932 1964 1034 2014; x_wconf 80' lang='lat' dir='ltr'>rationis</span> <span class='ocrx_word' id='word_1_155' title='bbox 1045 1967 1198 2028; x_wconf 67' lang='lat' dir='ltr'>(mutuat-</span> 
     </span>
     <span class='ocr_line' id='line_1_19' title="bbox 40 2027 1198 2093; baseline 0 -15"><span class='ocrx_word' id='word_1_156' title='bbox 40 2030 74 2078; x_wconf 87' lang='lat' dir='ltr'>in</span> <span class='ocrx_word' id='word_1_157' title='bbox 86 2027 215 2086; x_wconf 80' lang='lat' dir='ltr'>Eunucho,</span> <span class='ocrx_word' id='word_1_158' title='bbox 226 2033 261 2077; x_wconf 81' lang='lat' dir='ltr'>At</span> <span class='ocrx_word' id='word_1_159' title='bbox 270 2046 311 2092; x_wconf 71' lang='lat' dir='ltr'>ego</span> <span class='ocrx_word' id='word_1_160' title='bbox 322 2029 403 2092; x_wconf 73' lang='lat' dir='ltr'>inseiis</span> <span class='ocrx_word' id='word_1_161' title='bbox 412 2047 483 2093; x_wconf 81' lang='lat' dir='ltr'>neque</span> <span class='ocrx_word' id='word_1_162' title='bbox 497 2032 610 2079; x_wconf 72' lang='lat' dir='ltr'>ridiculas</span> <span class='ocrx_word' id='word_1_163' title='bbox 640 2032 676 2077; x_wconf 82' lang='lat' dir='ltr'>m&#39;s</span> <span class='ocrx_word' id='word_1_164' title='bbox 687 2032 888 2079; x_wconf 70' lang='lat' dir='ltr'>illustrationibus</span> <span class='ocrx_word' id='word_1_165' title='bbox 900 2030 950 2090; x_wconf 88' lang='grc' dir='ltr'><strong>Ζ.),</strong></span> <span class='ocrx_word' id='word_1_166' title='bbox 962 2030 1027 2093; x_wconf 88' lang='lat' dir='ltr'>quod</span> <span class='ocrx_word' id='word_1_167' title='bbox 1038 2044 1109 2077; x_wconf 87' lang='lat' dir='ltr'>nemo</span> <span class='ocrx_word' id='word_1_168' title='bbox 1120 2030 1198 2078; x_wconf 88' lang='lat' dir='ltr'>homi·</span> 
     </span>
     <span class='ocr_line' id='line_1_20' title="bbox 40 2094 1200 2171; baseline 0 -28"><span class='ocrx_word' id='word_1_169' title='bbox 40 2111 103 2152; x_wconf 76' lang='lat' dir='ltr'>esst,</span> <span class='ocrx_word' id='word_1_170' title='bbox 114 2110 188 2156; x_wconf 64' lang='lat' dir='ltr'>sequ</span> <span class='ocrx_word' id='word_1_171' title='bbox 200 2096 284 2157; x_wconf 77' lang='lat' dir='ltr'>plagas</span> <span class='ocrx_word' id='word_1_172' title='bbox 296 2098 349 2157; x_wconf 82' lang='lat' dir='ltr'>pati</span> <span class='ocrx_word' id='word_1_173' title='bbox 362 2110 458 2156; x_wconf 70' lang='lat' dir='ltr'>msa</span> <span class='ocrx_word' id='word_1_174' title='bbox 480 2094 608 2143; x_wconf 86' lang='lat' dir='ltr'>D.-Ver-</span> <span class='ocrx_word' id='word_1_175' title='bbox 641 2109 700 2141; x_wconf 92' lang='lat' dir='ltr'>num</span> <span class='ocrx_word' id='word_1_176' title='bbox 711 2094 869 2171; x_wconf 80' lang='lat' dir='ltr'>itasubducta</span> <span class='ocrx_word' id='word_1_177' title='bbox 879 2095 973 2143; x_wconf 84' lang='lat' dir='ltr'>ratione</span> <span class='ocrx_word' id='word_1_178' title='bbox 983 2105 1008 2143; x_wconf 86' lang='lat' dir='ltr'>et</span> <span class='ocrx_word' id='word_1_179' title='bbox 1019 2094 1119 2143; x_wconf 85' lang='lat' dir='ltr'>collecta</span> <span class='ocrx_word' id='word_1_180' title='bbox 1129 2094 1200 2155; x_wconf 85' lang='lat' dir='ltr'>vixit,</span> 
     </span>
     <span class='ocr_line' id='line_1_21' title="bbox 42 2158 1199 2287; baseline -0.007 -16"><span class='ocrx_word' id='word_1_181' title='bbox 42 2158 607 2287; x_wconf 40' lang='lat' dir='ltr'>utlttdtttttlttttlt..</span> <span class='ocrx_word' id='word_1_182' title='bbox 640 2158 1199 2286; x_wconf 61' lang='lat' dir='ltr'>tlt,tillutlttltttttttt:</span> 
     </span>
     <span class='ocr_line' id='line_1_22' title="bbox 43 2286 1199 2353; baseline 0 -16"><span class='ocrx_word' id='word_1_183' title='bbox 43 2288 148 2337; x_wconf 71' lang='lat' dir='ltr'>nitatem</span> <span class='ocrx_word' id='word_1_184' title='bbox 154 2288 358 2353; x_wconf 88' lang='lat' dir='ltr'>queriturimponi</span> <span class='ocrx_word' id='word_1_185' title='bbox 365 2286 569 2352; x_wconf 62' lang='lat' dir='ltr'>nsipientia).</span> <span class='ocrx_word' id='word_1_186' title='bbox 576 2290 607 2337; x_wconf 87' lang='lat'>1).</span> <span class='ocrx_word' id='word_1_187' title='bbox 639 2292 680 2346; x_wconf 85' lang='lat' dir='ltr'>rit,</span> <span class='ocrx_word' id='word_1_188' title='bbox 697 2291 786 2350; x_wconf 81' lang='lat' dir='ltr'>colligit</span> <span class='ocrx_word' id='word_1_189' title='bbox 801 2292 879 2337; x_wconf 80' lang='lat' dir='ltr'>endem</span> <span class='ocrx_word' id='word_1_190' title='bbox 891 2305 950 2337; x_wconf 78' lang='lat' dir='ltr'>nunc</span> <span class='ocrx_word' id='word_1_191' title='bbox 965 2291 1011 2337; x_wconf 77' lang='lat' dir='ltr'>tibi</span> <span class='ocrx_word' id='word_1_192' title='bbox 1026 2304 1073 2336; x_wconf 81' lang='lat' dir='ltr'>tsss</span> <span class='ocrx_word' id='word_1_193' title='bbox 1084 2292 1199 2337; x_wconf 80' lang='lat' dir='ltr'>utendum.</span> 
     </span>
     <span class='ocr_line' id='line_1_23' title="bbox 53 2352 1200 2417; baseline 0.001 -17"><span class='ocrx_word' id='word_1_194' title='bbox 53 2378 56 2382; x_wconf 40' lang='lat'><strong>²</strong></span> <span class='ocrx_word' id='word_1_195' title='bbox 79 2355 122 2400; x_wconf 85' lang='lat'>68.</span> <span class='ocrx_word' id='word_1_196' title='bbox 139 2356 174 2401; x_wconf 79' lang='lat' dir='ltr'>Bt</span> <span class='ocrx_word' id='word_1_197' title='bbox 188 2357 227 2401; x_wconf 83' lang='lat' dir='ltr'>cni</span> <span class='ocrx_word' id='word_1_198' title='bbox 241 2356 277 2401; x_wconf 82' lang='lat' dir='ltr'>rei</span> <span class='ocrx_word' id='word_1_199' title='bbox 292 2352 404 2417; x_wconf 76' lang='lat' dir='ltr'>operest]</span> <span class='ocrx_word' id='word_1_200' title='bbox 417 2354 462 2401; x_wconf 81' lang='lat' dir='ltr'>eui</span> <span class='ocrx_word' id='word_1_201' title='bbox 474 2354 510 2402; x_wconf 88' lang='lat' dir='ltr'>rei</span> <span class='ocrx_word' id='word_1_202' title='bbox 522 2354 608 2411; x_wconf 88' lang='lat' dir='ltr'>credis,</span> <span class='ocrx_word' id='word_1_203' title='bbox 642 2353 691 2412; x_wconf 89' lang='lat' dir='ltr'><strong>Z.).</strong></span> <span class='ocrx_word' id='word_1_204' title='bbox 721 2352 845 2415; x_wconf 85' lang='lat' dir='ltr'>Siquidem</span> <span class='ocrx_word' id='word_1_205' title='bbox 857 2352 883 2401; x_wconf 89' lang='lat' dir='ltr'>in</span> <span class='ocrx_word' id='word_1_206' title='bbox 894 2364 1026 2409; x_wconf 87' lang='lat' dir='ltr'>senectute,</span> <span class='ocrx_word' id='word_1_207' title='bbox 1035 2355 1086 2416; x_wconf 83' lang='lat' dir='ltr'>jttm</span> <span class='ocrx_word' id='word_1_208' title='bbox 1097 2352 1200 2401; x_wconf 77' lang='lat' dir='ltr'>decumo</span> 
     </span>
     <span class='ocr_line' id='line_1_24' title="bbox 44 2416 1199 2482; baseline 0 -16"><span class='ocrx_word' id='word_1_209' title='bbox 44 2418 96 2466; x_wconf 91' lang='lat' dir='ltr'>nisi</span> <span class='ocrx_word' id='word_1_210' title='bbox 108 2417 222 2482; x_wconf 87' lang='lat' dir='ltr'>nuptiisl</span> <span class='ocrx_word' id='word_1_211' title='bbox 244 2418 290 2466; x_wconf 90' lang='lat' dir='ltr'>hoc</span> <span class='ocrx_word' id='word_1_212' title='bbox 303 2427 347 2474; x_wconf 87' lang='lat' dir='ltr'>est,</span> <span class='ocrx_word' id='word_1_213' title='bbox 358 2418 499 2481; x_wconf 72' lang='lat' dir='ltr'>ludentque</span> <span class='ocrx_word' id='word_1_214' title='bbox 510 2418 608 2477; x_wconf 74' lang='lat' dir='ltr'>letitiae,</span> <span class='ocrx_word' id='word_1_215' title='bbox 641 2416 727 2482; x_wconf 83' lang='lat' dir='ltr'>spatio,</span> <span class='ocrx_word' id='word_1_216' title='bbox 737 2417 838 2466; x_wconf 81' lang='lat' dir='ltr'>dimittit</span> <span class='ocrx_word' id='word_1_217' title='bbox 850 2418 923 2465; x_wconf 89' lang='lat' dir='ltr'>vitam</span> <span class='ocrx_word' id='word_1_218' title='bbox 940 2416 1086 2481; x_wconf 78' lang='lat' dir='ltr'>praetetitatu</span> <span class='ocrx_word' id='word_1_219' title='bbox 1100 2426 1199 2482; x_wconf 87' lang='lat' dir='ltr'>propte-</span> 
     </span>
     <span class='ocr_line' id='line_1_25' title="bbox 43 2481 1199 2547; baseline 0 -16"><span class='ocrx_word' id='word_1_220' title='bbox 43 2493 106 2532; x_wconf 72' lang='grc' dir='ltr'>νοω</span> <span class='ocrx_word' id='word_1_221' title='bbox 123 2492 149 2531; x_wconf 89' lang='lat' dir='ltr'>et</span> <span class='ocrx_word' id='word_1_222' title='bbox 164 2482 253 2545; x_wconf 77' lang='lat' dir='ltr'>gaudio</span> <span class='ocrx_word' id='word_1_223' title='bbox 269 2481 379 2547; x_wconf 80' lang='lat' dir='ltr'>nuptiali.</span> <span class='ocrx_word' id='word_1_224' title='bbox 413 2485 482 2531; x_wconf 80' lang='lat' dir='ltr'>Hune</span> <span class='ocrx_word' id='word_1_225' title='bbox 497 2500 610 2532; x_wconf 75' lang='lat' dir='ltr'>sumanus</span> <span class='ocrx_word' id='word_1_226' title='bbox 641 2482 831 2545; x_wconf 63' lang='lat' dir='ltr'>renquinniitil</span> <span class='ocrx_word' id='word_1_227' title='bbox 843 2482 1107 2531; x_wconf 86' lang='lat' dir='ltr'>meliusclementiaet</span> <span class='ocrx_word' id='word_1_228' title='bbox 1122 2482 1199 2531; x_wconf 80' lang='lat' dir='ltr'>facili·</span> 
     </span>
     <span class='ocr_line' id='line_1_26' title="bbox 44 2546 1201 2612; baseline 0 -17"><span class='ocrx_word' id='word_1_229' title='bbox 44 2546 122 2609; x_wconf 68' lang='grc' dir='ltr'>ἀίω]</span> <span class='ocrx_word' id='word_1_230' title='bbox 135 2548 193 2595; x_wconf 90' lang='lat' dir='ltr'>Non</span> <span class='ocrx_word' id='word_1_231' title='bbox 204 2548 359 2611; x_wconf 82' lang='lat' dir='ltr'>accipiamus,</span> <span class='ocrx_word' id='word_1_232' title='bbox 373 2548 418 2597; x_wconf 88' lang='lat' dir='ltr'>sed</span> <span class='ocrx_word' id='word_1_233' title='bbox 431 2548 608 2612; x_wconf 87' lang='lat' dir='ltr'>impendamus,</span> <span class='ocrx_word' id='word_1_234' title='bbox 643 2558 692 2595; x_wconf 81' lang='lat' dir='ltr'>tate</span> <span class='ocrx_word' id='word_1_235' title='bbox 714 2562 766 2595; x_wconf 85' lang='lat' dir='ltr'>esse</span> <span class='ocrx_word' id='word_1_236' title='bbox 786 2547 906 2610; x_wconf 80' lang='lat' dir='ltr'>cognovit.</span> <span class='ocrx_word' id='word_1_237' title='bbox 939 2547 1037 2611; x_wconf 84' lang='lat' dir='ltr'>Quippe</span> <span class='ocrx_word' id='word_1_238' title='bbox 1054 2562 1110 2595; x_wconf 91' lang='lat' dir='ltr'>cum</span> <span class='ocrx_word' id='word_1_239' title='bbox 1126 2546 1201 2596; x_wconf 81' lang='lat' dir='ltr'>frater</span> 
     </span>
     <span class='ocr_line' id='line_1_27' title="bbox 44 2612 1200 2669; baseline 0 -8"><span class='ocrx_word' id='word_1_240' title='bbox 44 2622 261 2661; x_wconf 75' lang='lat' dir='ltr'>etconsumamus</span> <span class='ocrx_word' id='word_1_241' title='bbox 279 2612 352 2660; x_wconf 83' lang='lat' dir='ltr'>Unde</span> <span class='ocrx_word' id='word_1_242' title='bbox 363 2622 388 2661; x_wconf 88' lang='lat' dir='ltr'>et</span> <span class='ocrx_word' id='word_1_243' title='bbox 398 2621 495 2661; x_wconf 73' lang='lat' dir='ltr'>writers</span> <span class='ocrx_word' id='word_1_244' title='bbox 506 2613 610 2662; x_wconf 83' lang='lat' dir='ltr'>dicimus</span> <span class='ocrx_word' id='word_1_245' title='bbox 643 2612 719 2660; x_wconf 86' lang='lat' dir='ltr'>Micio</span> <span class='ocrx_word' id='word_1_246' title='bbox 735 2612 825 2661; x_wconf 86' lang='lat' dir='ltr'>vixerit</span> <span class='ocrx_word' id='word_1_247' title='bbox 839 2612 913 2661; x_wconf 73' lang='lat' dir='ltr'>vitam</span> <span class='ocrx_word' id='word_1_248' title='bbox 930 2612 955 2660; x_wconf 93' lang='lat' dir='ltr'>in</span> <span class='ocrx_word' id='word_1_249' title='bbox 968 2612 1093 2669; x_wconf 89' lang='lat' dir='ltr'>conviviis,</span> <span class='ocrx_word' id='word_1_250' title='bbox 1105 2613 1135 2661; x_wconf 84' lang='lat' dir='ltr'>ab</span> <span class='ocrx_word' id='word_1_251' title='bbox 1147 2628 1200 2661; x_wconf 88' lang='lat' dir='ltr'>otn-</span> 
     </span>
     <span class='ocr_line' id='line_1_28' title="bbox 113 2676 1200 2739; baseline 0 -14"><span class='ocrx_word' id='word_1_252' title='bbox 113 2677 187 2734; x_wconf 84' lang='lat' dir='ltr'>niam,</span> <span class='ocrx_word' id='word_1_253' title='bbox 198 2692 253 2739; x_wconf 78' lang='lat' dir='ltr'>qnae</span> <span class='ocrx_word' id='word_1_254' title='bbox 263 2676 408 2725; x_wconf 81' lang='lat' dir='ltr'>insumenda</span> <span class='ocrx_word' id='word_1_255' title='bbox 417 2688 461 2726; x_wconf 84' lang='lat' dir='ltr'>est.</span> <span class='ocrx_word' id='word_1_256' title='bbox 486 2679 607 2727; x_wconf 84' lang='lat' dir='ltr'>D.-Me-</span> <span class='ocrx_word' id='word_1_257' title='bbox 640 2677 713 2725; x_wconf 87' lang='lat' dir='ltr'>nibus</span> <span class='ocrx_word' id='word_1_258' title='bbox 721 2676 860 2726; x_wconf 81' lang='lat' dir='ltr'>laudaretur</span> <span class='ocrx_word' id='word_1_259' title='bbox 870 2678 996 2734; x_wconf 77' lang='lat' dir='ltr'>(laudetur,</span> <span class='ocrx_word' id='word_1_260' title='bbox 1007 2684 1030 2726; x_wconf 85' lang='lat' dir='ltr'>st</span> <span class='ocrx_word' id='word_1_261' title='bbox 1043 2676 1083 2735; x_wconf 88' lang='grc' dir='ltr'>Ζ.)</span> <span class='ocrx_word' id='word_1_262' title='bbox 1092 2676 1200 2725; x_wconf 88' lang='lat' dir='ltr'>omnium</span> 
     </span>
     <span class='ocr_line' id='line_1_29' title="bbox 55 2741 1200 2805; baseline 0 -15"><span class='ocrx_word' id='word_1_263' title='bbox 55 2743 93 2790; x_wconf 87' lang='lat' dir='ltr'>&#39;or</span> <span class='ocrx_word' id='word_1_264' title='bbox 105 2741 181 2789; x_wconf 87' lang='lat' dir='ltr'>lectio</span> <span class='ocrx_word' id='word_1_265' title='bbox 191 2752 228 2789; x_wconf 87' lang='lat' dir='ltr'>est</span> <span class='ocrx_word' id='word_1_266' title='bbox 238 2742 265 2789; x_wconf 90' lang='lat' dir='ltr'>in</span> <span class='ocrx_word' id='word_1_267' title='bbox 275 2742 354 2789; x_wconf 83' lang='lat' dir='ltr'>Vatic</span> <span class='ocrx_word' id='word_1_268' title='bbox 368 2742 465 2791; x_wconf 84' lang='lat' dir='ltr'>Basilio.</span> <span class='ocrx_word' id='word_1_269' title='bbox 475 2754 500 2791; x_wconf 90' lang='lat' dir='ltr'>et</span> <span class='ocrx_word' id='word_1_270' title='bbox 510 2743 608 2791; x_wconf 89' lang='lat' dir='ltr'>Bembi·</span> <span class='ocrx_word' id='word_1_271' title='bbox 640 2741 729 2789; x_wconf 74' lang='lat' dir='ltr'>limam</span> <span class='ocrx_word' id='word_1_272' title='bbox 743 2744 834 2803; x_wconf 81' lang='lat' dir='ltr'>justam</span> <span class='ocrx_word' id='word_1_273' title='bbox 852 2742 1052 2805; x_wconf 78' lang='lat' dir='ltr'>honestatemque</span> <span class='ocrx_word' id='word_1_274' title='bbox 1071 2750 1200 2790; x_wconf 87' lang='lat' dir='ltr'>mereatur.</span> 
     </span>
     <span class='ocr_line' id='line_1_30' title="bbox 44 2806 1200 2870; baseline 0.001 -16"><span class='ocrx_word' id='word_1_275' title='bbox 44 2822 87 2865; x_wconf 88' lang='lat' dir='ltr'>no,</span> <span class='ocrx_word' id='word_1_276' title='bbox 107 2809 191 2869; x_wconf 70' lang='lat' dir='ltr'>largo</span> <span class='ocrx_word' id='word_1_277' title='bbox 205 2810 273 2863; x_wconf 80' lang='lat' dir='ltr'>intro,</span> <span class='ocrx_word' id='word_1_278' title='bbox 285 2814 309 2854; x_wconf 84' lang='lat' dir='ltr'>et</span> <span class='ocrx_word' id='word_1_279' title='bbox 322 2811 360 2856; x_wconf 79' lang='lat' dir='ltr'>cul</span> <span class='ocrx_word' id='word_1_280' title='bbox 374 2811 495 2865; x_wconf 65' lang='lat' dir='ltr'>nicetes·</span> <span class='ocrx_word' id='word_1_281' title='bbox 506 2811 609 2856; x_wconf 75' lang='lat' dir='ltr'>retium</span> <span class='ocrx_word' id='word_1_282' title='bbox 641 2807 733 2854; x_wconf 80' lang='lat' dir='ltr'>Contra</span> <span class='ocrx_word' id='word_1_283' title='bbox 749 2806 788 2854; x_wconf 91' lang='lat' dir='ltr'>hic</span> <span class='ocrx_word' id='word_1_284' title='bbox 804 2823 883 2865; x_wconf 81' lang='lat' dir='ltr'>taeuut,</span> <span class='ocrx_word' id='word_1_285' title='bbox 895 2810 976 2865; x_wconf 80' lang='lat' dir='ltr'>tristis,</span> <span class='ocrx_word' id='word_1_286' title='bbox 987 2810 1092 2870; x_wconf 72' lang='lat' dir='ltr'>agrestis,</span> <span class='ocrx_word' id='word_1_287' title='bbox 1107 2823 1200 2868; x_wconf 81' lang='lat' dir='ltr'>portat,</span> 
     </span>
     <span class='ocr_line' id='line_1_31' title="bbox 43 2870 1197 2930; baseline -0.002 -9"><span class='ocrx_word' id='word_1_288' title='bbox 43 2888 164 2921; x_wconf 71' lang='lat' dir='ltr'>mss</span> <span class='ocrx_word' id='word_1_289' title='bbox 173 2874 240 2919; x_wconf 62' lang='lat' dir='ltr'>diem</span> <span class='ocrx_word' id='word_1_290' title='bbox 258 2870 322 2919; x_wconf 75' lang='lat' dir='ltr'>Nam</span> <span class='ocrx_word' id='word_1_291' title='bbox 332 2872 368 2919; x_wconf 82' lang='lat' dir='ltr'>ita</span> <span class='ocrx_word' id='word_1_292' title='bbox 379 2872 483 2921; x_wconf 87' lang='lat' dir='ltr'>efficitur</span> <span class='ocrx_word' id='word_1_293' title='bbox 493 2872 609 2921; x_wconf 76' lang='lat' dir='ltr'>senarius</span> <span class='ocrx_word' id='word_1_294' title='bbox 641 2874 789 2930; x_wconf 61' lang='lat' dir='ltr'>metantes,</span> <span class='ocrx_word' id='word_1_295' title='bbox 799 2881 824 2919; x_wconf 87' lang='lat' dir='ltr'>et</span> <span class='ocrx_word' id='word_1_296' title='bbox 836 2880 904 2920; x_wconf 75' lang='lat' dir='ltr'>terrae</span> <span class='ocrx_word' id='word_1_297' title='bbox 915 2887 967 2920; x_wconf 85' lang='lat' dir='ltr'>esse</span> <span class='ocrx_word' id='word_1_298' title='bbox 979 2872 1080 2929; x_wconf 80' lang='lat' dir='ltr'>dicetur,</span> <span class='ocrx_word' id='word_1_299' title='bbox 1090 2872 1197 2920; x_wconf 81' lang='lat' dir='ltr'>laborem</span> 
     </span>
     <span class='ocr_line' id='line_1_32' title="bbox 44 2935 1201 3000; baseline -0.001 -15"><span class='ocrx_word' id='word_1_300' title='bbox 44 2936 178 2985; x_wconf 76' lang='lat' dir='ltr'>utereteti.</span> <span class='ocrx_word' id='word_1_301' title='bbox 208 2935 238 2983; x_wconf 85' lang='lat' dir='ltr'>ln</span> <span class='ocrx_word' id='word_1_302' title='bbox 251 2936 477 2995; x_wconf 80' lang='lat' dir='ltr'>verbiseut&#39;rtiett,</span> <span class='ocrx_word' id='word_1_303' title='bbox 490 2937 608 2986; x_wconf 89' lang='lat' dir='ltr'>subintel·</span> <span class='ocrx_word' id='word_1_304' title='bbox 640 2936 782 3000; x_wconf 71' lang='lat' dir='ltr'>susceperit,</span> <span class='ocrx_word' id='word_1_305' title='bbox 800 2946 828 2985; x_wconf 89' lang='lat' dir='ltr'>ut</span> <span class='ocrx_word' id='word_1_306' title='bbox 843 2951 943 2985; x_wconf 87' lang='lat' dir='ltr'>uxorem</span> <span class='ocrx_word' id='word_1_307' title='bbox 957 2936 1064 2993; x_wconf 87' lang='lat' dir='ltr'>duceret,</span> <span class='ocrx_word' id='word_1_308' title='bbox 1081 2936 1201 2984; x_wconf 83' lang='lat' dir='ltr'>dotaverit</span> 
     </span>
     <span class='ocr_line' id='line_1_33' title="bbox 44 2999 1200 3065; baseline 0 -16"><span class='ocrx_word' id='word_1_309' title='bbox 44 3002 97 3065; x_wconf 76' lang='lat' dir='ltr'>lige</span> <span class='ocrx_word' id='word_1_310' title='bbox 107 3004 175 3049; x_wconf 80' lang='lat' dir='ltr'>dies.-</span> <span class='ocrx_word' id='word_1_311' title='bbox 191 3010 220 3049; x_wconf 92' lang='lat' dir='ltr'>ut</span> <span class='ocrx_word' id='word_1_312' title='bbox 230 3000 269 3060; x_wconf 90' lang='lat' dir='ltr'>sit,</span> <span class='ocrx_word' id='word_1_313' title='bbox 281 3000 321 3051; x_wconf 90' lang='lat' dir='ltr'>cui</span> <span class='ocrx_word' id='word_1_314' title='bbox 337 3000 373 3050; x_wconf 87' lang='lat' dir='ltr'>rei</span> <span class='ocrx_word' id='word_1_315' title='bbox 390 3001 442 3050; x_wconf 87' lang='lat' dir='ltr'>dies</span> <span class='ocrx_word' id='word_1_316' title='bbox 459 3002 498 3050; x_wconf 92' lang='lat' dir='ltr'>hic</span> <span class='ocrx_word' id='word_1_317' title='bbox 515 3003 609 3051; x_wconf 89' lang='lat' dir='ltr'>dicatus</span> <span class='ocrx_word' id='word_1_318' title='bbox 640 3000 737 3059; x_wconf 88' lang='lat' dir='ltr'>liberos,</span> <span class='ocrx_word' id='word_1_319' title='bbox 752 3000 898 3050; x_wconf 87' lang='lat' dir='ltr'>laboraverit</span> <span class='ocrx_word' id='word_1_320' title='bbox 913 2999 1027 3065; x_wconf 86' lang='lat' dir='ltr'>primum,</span> <span class='ocrx_word' id='word_1_321' title='bbox 1040 3010 1068 3048; x_wconf 89' lang='lat' dir='ltr'>ut</span> <span class='ocrx_word' id='word_1_322' title='bbox 1083 3000 1200 3064; x_wconf 85' lang='lat' dir='ltr'>patrimo-</span> 
     </span>
     <span class='ocr_line' id='line_1_34' title="bbox 45 3065 1200 3130; baseline -0.002 -15"><span class='ocrx_word' id='word_1_323' title='bbox 45 3077 91 3115; x_wconf 84' lang='lat' dir='ltr'>est.</span> <span class='ocrx_word' id='word_1_324' title='bbox 119 3066 223 3114; x_wconf 77' lang='lat' dir='ltr'>Pssnrt.</span> <span class='ocrx_word' id='word_1_325' title='bbox 641 3065 709 3114; x_wconf 90' lang='lat' dir='ltr'>nium</span> <span class='ocrx_word' id='word_1_326' title='bbox 722 3065 1128 3130; x_wconf 79' lang='lat' dir='ltr'>quaereret,(addeetZ.),aetetem</span> <span class='ocrx_word' id='word_1_327' title='bbox 1137 3074 1200 3114; x_wconf 86' lang='lat' dir='ltr'>tere-</span> 
     </span>
     <span class='ocr_line' id='line_1_35' title="bbox 81 3130 1201 3194; baseline 0 -15"><span class='ocrx_word' id='word_1_328' title='bbox 81 3133 104 3179; x_wconf 90' lang='lat' dir='ltr'>l.</span> <span class='ocrx_word' id='word_1_329' title='bbox 117 3133 416 3194; x_wconf 75' lang='lat' dir='ltr'>Nsnpucstithuitqm</span> <span class='ocrx_word' id='word_1_330' title='bbox 433 3134 610 3181; x_wconf 75' lang='lat' dir='ltr'>leutubdueta</span> <span class='ocrx_word' id='word_1_331' title='bbox 640 3140 685 3179; x_wconf 82' lang='lat' dir='ltr'>ret.</span> <span class='ocrx_word' id='word_1_332' title='bbox 720 3130 910 3194; x_wconf 77' lang='lat' dir='ltr'>Elliciturqussi</span> <span class='ocrx_word' id='word_1_333' title='bbox 926 3130 1018 3194; x_wconf 82' lang='lat' dir='ltr'>duplex</span> <span class='ocrx_word' id='word_1_334' title='bbox 1034 3130 1085 3179; x_wconf 79' lang='lat' dir='ltr'>vita</span> <span class='ocrx_word' id='word_1_335' title='bbox 1098 3140 1201 3179; x_wconf 87' lang='lat' dir='ltr'>etcum·</span> 
     </span>
     <span class='ocr_line' id='line_1_36' title="bbox 44 3194 1203 3260; baseline 0.001 -17"><span class='ocrx_word' id='word_1_336' title='bbox 44 3195 151 3258; x_wconf 78' lang='lat' dir='ltr'>ratione]</span> <span class='ocrx_word' id='word_1_337' title='bbox 164 3196 330 3245; x_wconf 86' lang='lat' dir='ltr'>lnhscscens</span> <span class='ocrx_word' id='word_1_338' title='bbox 338 3195 477 3259; x_wconf 76' lang='lat' dir='ltr'>exemplum</span> <span class='ocrx_word' id='word_1_339' title='bbox 486 3196 610 3245; x_wconf 88' lang='lat' dir='ltr'>inducitur</span> <span class='ocrx_word' id='word_1_340' title='bbox 641 3194 743 3260; x_wconf 86' lang='lat' dir='ltr'>paratio,</span> <span class='ocrx_word' id='word_1_341' title='bbox 761 3196 796 3243; x_wconf 85' lang='lat' dir='ltr'>ita</span> <span class='ocrx_word' id='word_1_342' title='bbox 810 3205 838 3244; x_wconf 91' lang='lat' dir='ltr'>ut</span> <span class='ocrx_word' id='word_1_343' title='bbox 854 3196 966 3244; x_wconf 80' lang='lat' dir='ltr'>laudetur</span> <span class='ocrx_word' id='word_1_344' title='bbox 977 3210 1032 3254; x_wconf 73' lang='lat' dir='ltr'>una,</span> <span class='ocrx_word' id='word_1_345' title='bbox 1049 3194 1203 3259; x_wconf 87' lang='lat' dir='ltr'>vituperetur</span> 
     </span>
     <span class='ocr_line' id='line_1_37' title="bbox 45 3259 1202 3323; baseline 0.001 -15"><span class='ocrx_word' id='word_1_346' title='bbox 45 3260 184 3318; x_wconf 83' lang='lat' dir='ltr'>hominum,</span> <span class='ocrx_word' id='word_1_347' title='bbox 203 3260 245 3323; x_wconf 88' lang='lat' dir='ltr'>qui</span> <span class='ocrx_word' id='word_1_348' title='bbox 262 3261 377 3309; x_wconf 84' lang='lat' dir='ltr'>virtutem</span> <span class='ocrx_word' id='word_1_349' title='bbox 395 3261 467 3309; x_wconf 73' lang='lat' dir='ltr'>tedio</span> <span class='ocrx_word' id='word_1_350' title='bbox 486 3262 609 3320; x_wconf 85' lang='lat' dir='ltr'>deserunt,</span> <span class='ocrx_word' id='word_1_351' title='bbox 642 3259 734 3316; x_wconf 84' lang='lat' dir='ltr'>altera;</span> <span class='ocrx_word' id='word_1_352' title='bbox 758 3270 783 3309; x_wconf 86' lang='lat' dir='ltr'>ct</span> <span class='ocrx_word' id='word_1_353' title='bbox 797 3261 844 3309; x_wconf 88' lang='lat' dir='ltr'>hoc</span> <span class='ocrx_word' id='word_1_354' title='bbox 861 3276 910 3308; x_wconf 94' lang='lat' dir='ltr'>non</span> <span class='ocrx_word' id='word_1_355' title='bbox 928 3270 1021 3309; x_wconf 87' lang='lat' dir='ltr'>tantum</span> <span class='ocrx_word' id='word_1_356' title='bbox 1038 3276 1069 3309; x_wconf 83' lang='lat' dir='ltr'>ex</span> <span class='ocrx_word' id='word_1_357' title='bbox 1085 3260 1154 3309; x_wconf 85' lang='lat' dir='ltr'>vobis</span> <span class='ocrx_word' id='word_1_358' title='bbox 1170 3274 1202 3309; x_wconf 84' lang='lat' dir='ltr'>ex</span> 
     </span>
     <span class='ocr_line' id='line_1_38' title="bbox 46 3322 1202 3390; baseline -0.001 -16"><span class='ocrx_word' id='word_1_359' title='bbox 46 3327 79 3374; x_wconf 86' lang='lat' dir='ltr'>ob</span> <span class='ocrx_word' id='word_1_360' title='bbox 87 3335 241 3375; x_wconf 86' lang='lat' dir='ltr'>contemtum</span> <span class='ocrx_word' id='word_1_361' title='bbox 250 3328 302 3387; x_wconf 82' lang='lat' dir='ltr'>eJ&#39;us</span> <span class='ocrx_word' id='word_1_362' title='bbox 313 3326 378 3390; x_wconf 85' lang='lat' dir='ltr'>apud</span> <span class='ocrx_word' id='word_1_363' title='bbox 385 3341 476 3384; x_wconf 89' lang='lat' dir='ltr'>omnes,</span> <span class='ocrx_word' id='word_1_364' title='bbox 488 3326 609 3375; x_wconf 91' lang='lat' dir='ltr'>seculum-</span> <span class='ocrx_word' id='word_1_365' title='bbox 641 3324 725 3388; x_wconf 75' lang='lat' dir='ltr'>(urbis,</span> <span class='ocrx_word' id='word_1_366' title='bbox 742 3332 765 3373; x_wconf 87' lang='lat' dir='ltr'>et</span> <span class='ocrx_word' id='word_1_367' title='bbox 783 3322 824 3386; x_wconf 87' lang='grc' dir='ltr'>Ζ.)</span> <span class='ocrx_word' id='word_1_368' title='bbox 840 3324 933 3388; x_wconf 87' lang='lat' dir='ltr'>judicio</span> <span class='ocrx_word' id='word_1_369' title='bbox 955 3324 1047 3389; x_wconf 90' lang='lat' dir='ltr'>populi.</span> <span class='ocrx_word' id='word_1_370' title='bbox 1081 3326 1128 3375; x_wconf 80' lang='lat' dir='ltr'>Est</span> <span class='ocrx_word' id='word_1_371' title='bbox 1144 3340 1202 3389; x_wconf 79' lang='lat' dir='ltr'>ergo</span> 
     </span>
     <span class='ocr_line' id='line_1_39' title="bbox 46 3388 1204 3455; baseline -0.001 -16"><span class='ocrx_word' id='word_1_372' title='bbox 46 3406 96 3453; x_wconf 84' lang='lat' dir='ltr'>que</span> <span class='ocrx_word' id='word_1_373' title='bbox 117 3390 230 3439; x_wconf 87' lang='lat' dir='ltr'>vitiosius</span> <span class='ocrx_word' id='word_1_374' title='bbox 254 3388 348 3453; x_wconf 80' lang='lat' dir='ltr'>(Forte,</span> <span class='ocrx_word' id='word_1_375' title='bbox 369 3392 461 3439; x_wconf 76' lang='lat' dir='ltr'>obtenta</span> <span class='ocrx_word' id='word_1_376' title='bbox 476 3392 533 3454; x_wconf 75' lang='lat' dir='ltr'>ejus,</span> <span class='ocrx_word' id='word_1_377' title='bbox 551 3394 611 3454; x_wconf 80' lang='lat' dir='ltr'>quod</span> <span class='ocrx_word' id='word_1_378' title='bbox 642 3390 711 3452; x_wconf 86' lang='lat' dir='ltr'>qussi</span> <span class='ocrx_word' id='word_1_379' title='bbox 749 3405 776 3438; x_wconf 93' lang='lat' dir='ltr'>er</span> <span class='ocrx_word' id='word_1_380' title='bbox 798 3390 878 3439; x_wconf 88' lang='lat' dir='ltr'>thesin</span> <span class='ocrx_word' id='word_1_381' title='bbox 900 3390 948 3439; x_wconf 88' lang='lat' dir='ltr'>ista</span> <span class='ocrx_word' id='word_1_382' title='bbox 967 3390 1108 3455; x_wconf 87' lang='lat' dir='ltr'>propositio,</span> <span class='ocrx_word' id='word_1_383' title='bbox 1130 3388 1204 3447; x_wconf 86' lang='lat' dir='ltr'>Quod</span> 
     </span>
     <span class='ocr_line' id='line_1_40' title="bbox 46 3406 1202 3519; baseline 0 -16"><span class='ocrx_word' id='word_1_384' title='bbox 46 3459 197 3517; x_wconf 68' lang='lat' dir='ltr'>apfldmu</span> <span class='ocrx_word' id='word_1_385' title='bbox 208 3456 547 3516; x_wconf 63' lang='lat' dir='ltr'>immurmuravit).</span> <span class='ocrx_word' id='word_1_386' title='bbox 577 3455 611 3503; x_wconf 88' lang='lat' dir='ltr'>Et</span> <span class='ocrx_word' id='word_1_387' title='bbox 642 3454 706 3503; x_wconf 85' lang='lat' dir='ltr'>mala</span> <span class='ocrx_word' id='word_1_388' title='bbox 718 3406 794 3503; x_wconf 69' lang='lat' dir='ltr'>alters</span> <span class='ocrx_word' id='word_1_389' title='bbox 805 3456 844 3503; x_wconf 84' lang='lat' dir='ltr'>it.</span> <span class='ocrx_word' id='word_1_390' title='bbox 879 3455 968 3504; x_wconf 89' lang='lat' dir='ltr'>Utrum</span> <span class='ocrx_word' id='word_1_391' title='bbox 980 3470 1011 3503; x_wconf 84' lang='lat' dir='ltr'>ex</span> <span class='ocrx_word' id='word_1_392' title='bbox 1019 3455 1112 3518; x_wconf 88' lang='lat' dir='ltr'>judicio</span> <span class='ocrx_word' id='word_1_393' title='bbox 1123 3469 1202 3519; x_wconf 85' lang='lat' dir='ltr'>popu-</span> 
     </span>
     <span class='ocr_line' id='line_1_41' title="bbox 46 3518 1202 3584; baseline -0.002 -15"><span class='ocrx_word' id='word_1_394' title='bbox 46 3521 110 3569; x_wconf 84' lang='lat' dir='ltr'>adeo</span> <span class='ocrx_word' id='word_1_395' title='bbox 128 3520 195 3568; x_wconf 81' lang='lat' dir='ltr'>iavet</span> <span class='ocrx_word' id='word_1_396' title='bbox 214 3520 344 3568; x_wconf 87' lang='lat' dir='ltr'>Terentius</span> <span class='ocrx_word' id='word_1_397' title='bbox 363 3519 561 3569; x_wconf 81' lang='lat' dir='ltr'>clementioribus</span> <span class='ocrx_word' id='word_1_398' title='bbox 581 3536 609 3568; x_wconf 84' lang='lat' dir='ltr'>sc</span> <span class='ocrx_word' id='word_1_399' title='bbox 641 3518 686 3567; x_wconf 85' lang='lat' dir='ltr'>lari</span> <span class='ocrx_word' id='word_1_400' title='bbox 698 3519 762 3567; x_wconf 88' lang='lat' dir='ltr'>mala</span> <span class='ocrx_word' id='word_1_401' title='bbox 774 3519 807 3568; x_wconf 89' lang='lat' dir='ltr'>sit</span> <span class='ocrx_word' id='word_1_402' title='bbox 822 3520 871 3578; x_wconf 88' lang='lat' dir='ltr'>illa,</span> <span class='ocrx_word' id='word_1_403' title='bbox 883 3536 937 3584; x_wconf 78' lang='lat' dir='ltr'>quie</span> <span class='ocrx_word' id='word_1_404' title='bbox 953 3520 1088 3584; x_wconf 85' lang='lat' dir='ltr'>ignoscitur</span> <span class='ocrx_word' id='word_1_405' title='bbox 1098 3530 1123 3569; x_wconf 91' lang='lat' dir='ltr'>et</span> <span class='ocrx_word' id='word_1_406' title='bbox 1140 3520 1202 3569; x_wconf 87' lang='lat' dir='ltr'>tabi-</span> 
     </span>
     <span class='ocr_line' id='line_1_42' title="bbox 46 3584 1203 3648; baseline 0 -15"><span class='ocrx_word' id='word_1_407' title='bbox 46 3584 186 3633; x_wconf 84' lang='lat' dir='ltr'>mitissimis</span> <span class='ocrx_word' id='word_1_408' title='bbox 201 3585 318 3648; x_wconf 83' lang='lat' dir='ltr'>patribus,</span> <span class='ocrx_word' id='word_1_409' title='bbox 335 3595 363 3632; x_wconf 91' lang='lat' dir='ltr'>ut</span> <span class='ocrx_word' id='word_1_410' title='bbox 378 3585 443 3633; x_wconf 89' lang='lat' dir='ltr'>ltunc</span> <span class='ocrx_word' id='word_1_411' title='bbox 460 3600 554 3648; x_wconf 87' lang='lat' dir='ltr'>quoqne</span> <span class='ocrx_word' id='word_1_412' title='bbox 566 3585 609 3633; x_wconf 82' lang='lat' dir='ltr'>ad·</span> <span class='ocrx_word' id='word_1_413' title='bbox 642 3592 688 3632; x_wconf 90' lang='lat' dir='ltr'>tur.</span> <span class='ocrx_word' id='word_1_414' title='bbox 723 3584 758 3632; x_wconf 91' lang='lat' dir='ltr'>Ut</span> <span class='ocrx_word' id='word_1_415' title='bbox 771 3584 915 3645; x_wconf 66' lang='lat' dir='ltr'>(prolatam</span> <span class='ocrx_word' id='word_1_416' title='bbox 932 3602 962 3633; x_wconf 81' lang='lat' dir='ltr'>an</span> <span class='ocrx_word' id='word_1_417' title='bbox 976 3584 1017 3647; x_wconf 89' lang='lat' dir='ltr'>Z.)</span> <span class='ocrx_word' id='word_1_418' title='bbox 1029 3584 1116 3633; x_wconf 85' lang='lat' dir='ltr'>merito</span> <span class='ocrx_word' id='word_1_419' title='bbox 1127 3584 1167 3633; x_wconf 89' lang='lat' dir='ltr'>hic</span> <span class='ocrx_word' id='word_1_420' title='bbox 1178 3593 1203 3633; x_wconf 89' lang='lat' dir='ltr'>et</span> 
     </span>
     <span class='ocr_line' id='line_1_43' title="bbox 46 3648 1203 3711; baseline -0.001 -13"><span class='ocrx_word' id='word_1_421' title='bbox 46 3650 122 3698; x_wconf 81' lang='lat' dir='ltr'>ducat</span> <span class='ocrx_word' id='word_1_422' title='bbox 132 3650 164 3698; x_wconf 84' lang='lat' dir='ltr'>ad</span> <span class='ocrx_word' id='word_1_423' title='bbox 174 3649 321 3698; x_wconf 80' lang='lat' dir='ltr'>sententium</span> <span class='ocrx_word' id='word_1_424' title='bbox 334 3649 457 3708; x_wconf 79' lang='lat' dir='ltr'>Minionis,</span> <span class='ocrx_word' id='word_1_425' title='bbox 467 3666 516 3698; x_wconf 91' lang='lat' dir='ltr'>non</span> <span class='ocrx_word' id='word_1_426' title='bbox 528 3659 610 3698; x_wconf 86' lang='lat' dir='ltr'>tamen</span> <span class='ocrx_word' id='word_1_427' title='bbox 638 3650 704 3711; x_wconf 83' lang='lat' dir='ltr'>juste</span> <span class='ocrx_word' id='word_1_428' title='bbox 713 3650 913 3698; x_wconf 88' lang='lat' dir='ltr'>consuetudinem</span> <span class='ocrx_word' id='word_1_429' title='bbox 924 3650 980 3698; x_wconf 81' lang='lat' dir='ltr'>vitae</span> <span class='ocrx_word' id='word_1_430' title='bbox 987 3648 1092 3697; x_wconf 89' lang='lat' dir='ltr'>voluerit</span> <span class='ocrx_word' id='word_1_431' title='bbox 1100 3659 1203 3697; x_wconf 84' lang='lat' dir='ltr'>muttre.</span> 
     </span>
     <span class='ocr_line' id='line_1_44' title="bbox 46 3712 1203 3780; baseline -0.002 -17"><span class='ocrx_word' id='word_1_432' title='bbox 46 3715 95 3763; x_wconf 87' lang='lat' dir='ltr'>hoc</span> <span class='ocrx_word' id='word_1_433' title='bbox 117 3713 272 3771; x_wconf 87' lang='lat' dir='ltr'>sentientem,</span> <span class='ocrx_word' id='word_1_434' title='bbox 289 3714 353 3777; x_wconf 90' lang='lat' dir='ltr'>quod</span> <span class='ocrx_word' id='word_1_435' title='bbox 369 3715 405 3762; x_wconf 83' lang='lat' dir='ltr'>ita</span> <span class='ocrx_word' id='word_1_436' title='bbox 422 3714 476 3763; x_wconf 83' lang='lat' dir='ltr'>lieri</span> <span class='ocrx_word' id='word_1_437' title='bbox 492 3725 609 3780; x_wconf 82' lang='lat' dir='ltr'>oporteat,</span> <span class='ocrx_word' id='word_1_438' title='bbox 643 3713 820 3775; x_wconf 83' lang='lat' dir='ltr'>li.—Projm&#39;t</span> <span class='ocrx_word' id='word_1_439' title='bbox 836 3715 902 3777; x_wconf 83' lang='lat' dir='ltr'>leges</span> <span class='ocrx_word' id='word_1_440' title='bbox 918 3714 1008 3777; x_wconf 74' lang='lat' dir='ltr'>linguae</span> <span class='ocrx_word' id='word_1_441' title='bbox 1025 3723 1128 3777; x_wconf 87' lang='lat' dir='ltr'>poscunt</span> <span class='ocrx_word' id='word_1_442' title='bbox 1137 3712 1203 3776; x_wconf 77' lang='lat' dir='ltr'>seat,</span> 
     </span>
     <span class='ocr_line' id='line_1_45' title="bbox 47 3777 1204 3843; baseline -0.003 -15"><span class='ocrx_word' id='word_1_443' title='bbox 47 3781 91 3828; x_wconf 85' lang='lat' dir='ltr'>sed</span> <span class='ocrx_word' id='word_1_444' title='bbox 103 3778 266 3842; x_wconf 76' lang='lat' dir='ltr'>quoditares</span> <span class='ocrx_word' id='word_1_445' title='bbox 276 3790 353 3843; x_wconf 79' lang='lat' dir='ltr'>cogat.</span> <span class='ocrx_word' id='word_1_446' title='bbox 386 3779 448 3827; x_wconf 86' lang='lat' dir='ltr'>Vult</span> <span class='ocrx_word' id='word_1_447' title='bbox 458 3780 524 3829; x_wconf 91' lang='lat' dir='ltr'>enim</span> <span class='ocrx_word' id='word_1_448' title='bbox 536 3791 607 3828; x_wconf 88' lang='lat' dir='ltr'>natu·</span> <span class='ocrx_word' id='word_1_449' title='bbox 640 3780 664 3827; x_wconf 81' lang='lat' dir='ltr'>la</span> <span class='ocrx_word' id='word_1_450' title='bbox 682 3795 704 3827; x_wconf 91' lang='lat' dir='ltr'>e.</span> <span class='ocrx_word' id='word_1_451' title='bbox 721 3796 768 3827; x_wconf 80' lang='lat' dir='ltr'>etse</span> <span class='ocrx_word' id='word_1_452' title='bbox 782 3783 863 3842; x_wconf 77' lang='lat' dir='ltr'>possit.</span> <span class='ocrx_word' id='word_1_453' title='bbox 896 3779 960 3827; x_wconf 89' lang='lat' dir='ltr'>Nam</span> <span class='ocrx_word' id='word_1_454' title='bbox 975 3777 1052 3841; x_wconf 75' lang='lat' dir='ltr'>sistit</span> <span class='ocrx_word' id='word_1_455' title='bbox 1063 3779 1094 3826; x_wconf 86' lang='lat' dir='ltr'>ab</span> <span class='ocrx_word' id='word_1_456' title='bbox 1105 3786 1204 3825; x_wconf 86' lang='lat' dir='ltr'>auctore</span> 
     </span>
     <span class='ocr_line' id='line_1_46' title="bbox 47 3842 1203 3909; baseline -0.002 -16"><span class='ocrx_word' id='word_1_457' title='bbox 47 3844 124 3893; x_wconf 80' lang='lat' dir='ltr'>talem</span> <span class='ocrx_word' id='word_1_458' title='bbox 141 3844 222 3892; x_wconf 85' lang='lat' dir='ltr'>inesse</span> <span class='ocrx_word' id='word_1_459' title='bbox 233 3844 298 3893; x_wconf 87' lang='lat' dir='ltr'>vetis</span> <span class='ocrx_word' id='word_1_460' title='bbox 314 3843 423 3907; x_wconf 87' lang='lat' dir='ltr'>patribus</span> <span class='ocrx_word' id='word_1_461' title='bbox 434 3844 607 3893; x_wconf 81' lang='lat' dir='ltr'>acrimoniam:</span> <span class='ocrx_word' id='word_1_462' title='bbox 642 3853 715 3901; x_wconf 88' lang='lat' dir='ltr'>esset,</span> <span class='ocrx_word' id='word_1_463' title='bbox 722 3845 752 3893; x_wconf 90' lang='lat' dir='ltr'>ob</span> <span class='ocrx_word' id='word_1_464' title='bbox 760 3854 895 3909; x_wconf 89' lang='lat' dir='ltr'>temporum</span> <span class='ocrx_word' id='word_1_465' title='bbox 904 3843 1100 3891; x_wconf 86' lang='lat' dir='ltr'>consecutionem</span> <span class='ocrx_word' id='word_1_466' title='bbox 1106 3842 1203 3907; x_wconf 85' lang='lat' dir='ltr'>posuis·</span> 
     </span>
     <span class='ocr_line' id='line_1_47' title="bbox 48 3908 1078 3972; baseline -0.004 -14"><span class='ocrx_word' id='word_1_467' title='bbox 48 3910 92 3958; x_wconf 87' lang='lat' dir='ltr'>sed</span> <span class='ocrx_word' id='word_1_468' title='bbox 107 3924 162 3957; x_wconf 88' lang='lat' dir='ltr'>eam</span> <span class='ocrx_word' id='word_1_469' title='bbox 175 3924 272 3972; x_wconf 86' lang='lat' dir='ltr'>semper</span> <span class='ocrx_word' id='word_1_470' title='bbox 284 3908 429 3957; x_wconf 85' lang='lat' dir='ltr'>invidiosam</span> <span class='ocrx_word' id='word_1_471' title='bbox 445 3924 498 3957; x_wconf 88' lang='lat' dir='ltr'>esse</span> <span class='ocrx_word' id='word_1_472' title='bbox 515 3909 608 3958; x_wconf 87' lang='lat' dir='ltr'>adoles·</span> <span class='ocrx_word' id='word_1_473' title='bbox 642 3918 680 3957; x_wconf 88' lang='lat' dir='ltr'>set</span> <span class='ocrx_word' id='word_1_474' title='bbox 692 3924 756 3967; x_wconf 85' lang='lat' dir='ltr'>mox,</span> <span class='ocrx_word' id='word_1_475' title='bbox 768 3916 908 3971; x_wconf 81' lang='lat' dir='ltr'>apportarat,</span> <span class='ocrx_word' id='word_1_476' title='bbox 920 3916 1025 3957; x_wconf 79' lang='lat' dir='ltr'>mmeret.</span> <span class='ocrx_word' id='word_1_477' title='bbox 1049 3908 1078 3955; x_wconf 89' lang='lat' dir='ltr'>B.</span> 
     </span>
     <span class='ocr_line' id='line_1_48' title="bbox 48 3970 1204 4037; baseline -0.002 -15"><span class='ocrx_word' id='word_1_478' title='bbox 48 3974 168 4023; x_wconf 81' lang='lat' dir='ltr'>centibus.</span> <span class='ocrx_word' id='word_1_479' title='bbox 201 3976 265 4021; x_wconf 81' lang='lat' dir='ltr'>Bene</span> <span class='ocrx_word' id='word_1_480' title='bbox 286 3976 399 4022; x_wconf 71' lang='lat' dir='ltr'>midsctu</span> <span class='ocrx_word' id='word_1_481' title='bbox 418 3973 520 4037; x_wconf 70' lang='lat' dir='ltr'>ratium]</span> <span class='ocrx_word' id='word_1_482' title='bbox 542 3976 611 4022; x_wconf 88' lang='lat' dir='ltr'>Bene</span> <span class='ocrx_word' id='word_1_483' title='bbox 676 3976 698 4021; x_wconf 78' lang='lat'>2</span> <span class='ocrx_word' id='word_1_484' title='bbox 714 3976 774 4025; x_wconf 78' lang='lat' dir='ltr'>Quin</span> <span class='ocrx_word' id='word_1_485' title='bbox 785 3971 835 4036; x_wconf 83' lang='lat' dir='ltr'>ret]</span> <span class='ocrx_word' id='word_1_486' title='bbox 850 3977 917 4030; x_wconf 81' lang='lat' dir='ltr'>Quin,</span> <span class='ocrx_word' id='word_1_487' title='bbox 931 3972 1002 4021; x_wconf 87' lang='lat' dir='ltr'>modo</span> <span class='ocrx_word' id='word_1_488' title='bbox 1013 3988 1054 4020; x_wconf 86' lang='lat' dir='ltr'>cur</span> <span class='ocrx_word' id='word_1_489' title='bbox 1066 3988 1110 4019; x_wconf 79' lang='lat' dir='ltr'>non</span> <span class='ocrx_word' id='word_1_490' title='bbox 1126 3970 1204 4035; x_wconf 72' lang='lat' dir='ltr'>signi-</span> 
     </span>
     <span class='ocr_line' id='line_1_49' title="bbox 48 4036 1204 4103; baseline -0.003 -16"><span class='ocrx_word' id='word_1_491' title='bbox 48 4038 174 4103; x_wconf 80' lang='lat' dir='ltr'>disposita,</span> <span class='ocrx_word' id='word_1_492' title='bbox 191 4039 254 4087; x_wconf 83' lang='lat' dir='ltr'>bene</span> <span class='ocrx_word' id='word_1_493' title='bbox 269 4048 422 4102; x_wconf 75' lang='lat' dir='ltr'>computata:</span> <span class='ocrx_word' id='word_1_494' title='bbox 440 4042 529 4097; x_wconf 79' lang='lat' dir='ltr'>duem,</span> <span class='ocrx_word' id='word_1_495' title='bbox 544 4039 609 4088; x_wconf 90' lang='lat' dir='ltr'>enim</span> <span class='ocrx_word' id='word_1_496' title='bbox 642 4038 706 4086; x_wconf 84' lang='lat' dir='ltr'>licat.</span> <span class='ocrx_word' id='word_1_497' title='bbox 743 4040 804 4090; x_wconf 78' lang='lat' dir='ltr'>Quin</span> <span class='ocrx_word' id='word_1_498' title='bbox 820 4055 864 4095; x_wconf 82' lang='lat' dir='ltr'>ret,</span> <span class='ocrx_word' id='word_1_499' title='bbox 876 4047 939 4095; x_wconf 83' lang='lat' dir='ltr'>aetas,</span> <span class='ocrx_word' id='word_1_500' title='bbox 953 4036 1019 4099; x_wconf 80' lang='lat' dir='ltr'>utus]</span> <span class='ocrx_word' id='word_1_501' title='bbox 1037 4036 1096 4084; x_wconf 87' lang='lat' dir='ltr'>Tria</span> <span class='ocrx_word' id='word_1_502' title='bbox 1112 4036 1204 4101; x_wconf 89' lang='lat' dir='ltr'>posuit,</span> 
     </span>
     <span class='ocr_line' id='line_1_50' title="bbox 49 4100 1203 4168; baseline -0.003 -15"><span class='ocrx_word' id='word_1_503' title='bbox 49 4114 87 4153; x_wconf 84' lang='lat' dir='ltr'>est</span> <span class='ocrx_word' id='word_1_504' title='bbox 101 4102 187 4167; x_wconf 70' lang='lat' dir='ltr'>digitis</span> <span class='ocrx_word' id='word_1_505' title='bbox 202 4114 359 4168; x_wconf 83' lang='lat' dir='ltr'>computate:</span> <span class='ocrx_word' id='word_1_506' title='bbox 377 4103 420 4151; x_wconf 89' lang='lat' dir='ltr'>sed</span> <span class='ocrx_word' id='word_1_507' title='bbox 436 4106 518 4153; x_wconf 76' lang='lat' dir='ltr'>duem</span> <span class='ocrx_word' id='word_1_508' title='bbox 529 4102 609 4167; x_wconf 78' lang='lat' dir='ltr'>(tede-</span> <span class='ocrx_word' id='word_1_509' title='bbox 642 4118 674 4151; x_wconf 84' lang='lat' dir='ltr'>ex</span> <span class='ocrx_word' id='word_1_510' title='bbox 695 4102 783 4165; x_wconf 80' lang='lat' dir='ltr'>quibus</span> <span class='ocrx_word' id='word_1_511' title='bbox 801 4119 843 4151; x_wconf 75' lang='lat' dir='ltr'>ree</span> <span class='ocrx_word' id='word_1_512' title='bbox 855 4116 901 4166; x_wconf 92' lang='lat' dir='ltr'>pro</span> <span class='ocrx_word' id='word_1_513' title='bbox 920 4102 1072 4166; x_wconf 86' lang='lat' dir='ltr'>experientia</span> <span class='ocrx_word' id='word_1_514' title='bbox 1088 4100 1203 4165; x_wconf 75' lang='lat' dir='ltr'>ponitur:</span> 
     </span>
     <span class='ocr_line' id='line_1_51' title="bbox 48 4166 1206 4232; baseline -0.002 -15"><span class='ocrx_word' id='word_1_515' title='bbox 48 4186 98 4229; x_wconf 76' lang='lat' dir='ltr'>cers</span> <span class='ocrx_word' id='word_1_516' title='bbox 116 4168 178 4217; x_wconf 82' lang='lat' dir='ltr'>Mss.</span> <span class='ocrx_word' id='word_1_517' title='bbox 196 4168 231 4216; x_wconf 90' lang='lat' dir='ltr'>H.</span> <span class='ocrx_word' id='word_1_518' title='bbox 244 4178 270 4216; x_wconf 87' lang='lat' dir='ltr'>et</span> <span class='ocrx_word' id='word_1_519' title='bbox 287 4168 315 4215; x_wconf 84' lang='lat' dir='ltr'>B.</span> <span class='ocrx_word' id='word_1_520' title='bbox 345 4168 611 4232; x_wconf 80' lang='lat' dir='ltr'>Forte,oddrtere)est</span> <span class='ocrx_word' id='word_1_521' title='bbox 643 4178 668 4216; x_wconf 87' lang='lat' dir='ltr'>et</span> <span class='ocrx_word' id='word_1_522' title='bbox 676 4168 722 4215; x_wconf 85' lang='lat' dir='ltr'>ltsc</span> <span class='ocrx_word' id='word_1_523' title='bbox 734 4167 793 4215; x_wconf 87' lang='lat' dir='ltr'>diclt</span> <span class='ocrx_word' id='word_1_524' title='bbox 804 4182 830 4216; x_wconf 90' lang='lat' dir='ltr'>se</span> <span class='ocrx_word' id='word_1_525' title='bbox 843 4182 896 4216; x_wconf 89' lang='lat' dir='ltr'>esse</span> <span class='ocrx_word' id='word_1_526' title='bbox 908 4176 1035 4215; x_wconf 84' lang='lat' dir='ltr'>mutatum.</span> <span class='ocrx_word' id='word_1_527' title='bbox 1069 4166 1134 4215; x_wconf 85' lang='lat' dir='ltr'>Nam</span> <span class='ocrx_word' id='word_1_528' title='bbox 1147 4182 1206 4215; x_wconf 78' lang='lat' dir='ltr'>mox</span> 
     </span>
     <span class='ocr_line' id='line_1_52' title="bbox 48 4230 1204 4297; baseline 0 -16"><span class='ocrx_word' id='word_1_529' title='bbox 48 4234 112 4297; x_wconf 75' lang='lat' dir='ltr'>apud</span> <span class='ocrx_word' id='word_1_530' title='bbox 123 4232 200 4281; x_wconf 86' lang='lat' dir='ltr'>alium</span> <span class='ocrx_word' id='word_1_531' title='bbox 211 4242 237 4281; x_wconf 87' lang='lat' dir='ltr'>et</span> <span class='ocrx_word' id='word_1_532' title='bbox 252 4232 346 4297; x_wconf 82' lang='lat' dir='ltr'>pulsnt:</span> <span class='ocrx_word' id='word_1_533' title='bbox 364 4236 495 4292; x_wconf 78' lang='lat' dir='ltr'>subducere,</span> <span class='ocrx_word' id='word_1_534' title='bbox 508 4234 572 4297; x_wconf 85' lang='lat' dir='ltr'>apud</span> <span class='ocrx_word' id='word_1_535' title='bbox 583 4250 610 4282; x_wconf 90' lang='lat' dir='ltr'>se</span> <span class='ocrx_word' id='word_1_536' title='bbox 642 4233 715 4291; x_wconf 88' lang='lat' dir='ltr'>dicet,</span> <span class='ocrx_word' id='word_1_537' title='bbox 731 4235 766 4280; x_wconf 79' lang='lat' dir='ltr'>lie</span> <span class='ocrx_word' id='word_1_538' title='bbox 783 4236 834 4295; x_wconf 73' lang='grc' dir='ltr'>ἔμω</span> <span class='ocrx_word' id='word_1_539' title='bbox 852 4236 936 4294; x_wconf 73' lang='lat' dir='ltr'>repeti,</span> <span class='ocrx_word' id='word_1_540' title='bbox 946 4230 1065 4294; x_wconf 81' lang='lat' dir='ltr'>facilitate</span> <span class='ocrx_word' id='word_1_541' title='bbox 1081 4234 1141 4279; x_wconf 74' lang='lat' dir='ltr'>nihil</span> <span class='ocrx_word' id='word_1_542' title='bbox 1156 4248 1204 4281; x_wconf 81' lang='lat' dir='ltr'>ests</span> 
     </span>
     <span class='ocr_line' id='line_1_53' title="bbox 49 4297 1190 4363; baseline 0 -18"><span class='ocrx_word' id='word_1_543' title='bbox 49 4297 129 4363; x_wconf 83' lang='lat' dir='ltr'>ipsum</span> <span class='ocrx_word' id='word_1_544' title='bbox 149 4308 301 4346; x_wconf 85' lang='lat' dir='ltr'>et.secreto:</span> <span class='ocrx_word' id='word_1_545' title='bbox 326 4313 374 4360; x_wconf 89' lang='lat' dir='ltr'>quo</span> <span class='ocrx_word' id='word_1_546' title='bbox 394 4298 471 4362; x_wconf 79' lang='lat' dir='ltr'>magis</span> <span class='ocrx_word' id='word_1_547' title='bbox 490 4298 516 4347; x_wconf 88' lang='lat' dir='ltr'>in</span> <span class='ocrx_word' id='word_1_548' title='bbox 538 4300 611 4347; x_wconf 86' lang='lat' dir='ltr'>verbo</span> <span class='ocrx_word' id='word_1_549' title='bbox 643 4300 1043 4360; x_wconf 60' lang='lat' dir='ltr'>minimumnequecummtia.</span> <span class='ocrx_word' id='word_1_550' title='bbox 1068 4298 1100 4345; x_wconf 92' lang='lat' dir='ltr'>D.</span> <span class='ocrx_word' id='word_1_551' title='bbox 1188 4354 1190 4357; x_wconf 22' lang='lat'>¹</span> 
     </span>
     <span class='ocr_line' id='line_1_54' title="bbox 49 4360 1205 4427; baseline 0 -16"><span class='ocrx_word' id='word_1_552' title='bbox 49 4363 97 4411; x_wconf 84' lang='lat' dir='ltr'>isto</span> <span class='ocrx_word' id='word_1_553' title='bbox 109 4362 364 4426; x_wconf 78' lang='lat' dir='ltr'>majorisuttentionis</span> <span class='ocrx_word' id='word_1_554' title='bbox 374 4372 400 4412; x_wconf 91' lang='lat' dir='ltr'>et</span> <span class='ocrx_word' id='word_1_555' title='bbox 410 4364 545 4427; x_wconf 72' lang='lat' dir='ltr'>diligentie</span> <span class='ocrx_word' id='word_1_556' title='bbox 560 4363 610 4426; x_wconf 78' lang='lat' dir='ltr'>sig-</span> <span class='ocrx_word' id='word_1_557' title='bbox 677 4365 699 4410; x_wconf 81' lang='lat'>3.</span> <span class='ocrx_word' id='word_1_558' title='bbox 718 4365 818 4425; x_wconf 77' lang='lat' dir='ltr'>Aliquid</span> <span class='ocrx_word' id='word_1_559' title='bbox 835 4362 936 4425; x_wconf 74' lang='lat' dir='ltr'>monem]</span> <span class='ocrx_word' id='word_1_560' title='bbox 957 4360 1080 4425; x_wconf 69' lang='grc' dir='ltr'>Σύλληψιε</span> <span class='ocrx_word' id='word_1_561' title='bbox 1103 4372 1140 4411; x_wconf 83' lang='lat' dir='ltr'>est</span> <span class='ocrx_word' id='word_1_562' title='bbox 1160 4376 1205 4427; x_wconf 89' lang='lat' dir='ltr'>per</span> 
     </span>
     <span class='ocr_line' id='line_1_55' title="bbox 50 4426 1203 4493; baseline 0 -17"><span class='ocrx_word' id='word_1_563' title='bbox 50 4438 166 4477; x_wconf 83' lang='lat' dir='ltr'>numest.</span> <span class='ocrx_word' id='word_1_564' title='bbox 191 4428 612 4493; x_wconf 78' lang='lat' dir='ltr'>D.-Nstrqsustitoquitqtmtstest</span> <span class='ocrx_word' id='word_1_565' title='bbox 644 4443 732 4476; x_wconf 73' lang='lat' dir='ltr'>meus:</span> <span class='ocrx_word' id='word_1_566' title='bbox 750 4428 895 4477; x_wconf 87' lang='lat' dir='ltr'>subauditur</span> <span class='ocrx_word' id='word_1_567' title='bbox 906 4426 971 4476; x_wconf 88' lang='lat' dir='ltr'>eninr</span> <span class='ocrx_word' id='word_1_568' title='bbox 983 4444 1054 4491; x_wconf 78' lang='lat' dir='ltr'>quem.</span> <span class='ocrx_word' id='word_1_569' title='bbox 1080 4428 1111 4476; x_wconf 90' lang='lat' dir='ltr'>D.</span> <span class='ocrx_word' id='word_1_570' title='bbox 1200 4484 1203 4490; x_wconf 28' lang='grc' dir='ltr'>Ι</span> 
     </span>
    </p>
   </div>
   <div class='ocr_carea' id='block_1_8' title="bbox 0 0 1441 4759">
    <p class='ocr_par' dir='ltr' id='par_1_8' title="bbox 0 0 1441 4759">
     <span class='ocr_line' id='line_1_56' title="bbox 0 0 1441 4759; baseline 0 0"><span class='ocrx_word' id='word_1_571' title='bbox 0 0 1441 4759; x_wconf 95' lang='lat' dir='ltr'> </span> 
     </span>
    </p>
   </div>
  </div>
 </body>
</html>
