2834 4759
234 196 303 265 iffi)
672 191 952 263 TERENTII
1219 198 1337 284 [sorus
1351 218 1379 263 tt.

235 377 242 389 ·
280 328 329 397 Et
340 332 458 397 merito
469 328 572 397 edent
594 350 669 395 nsm
681 341 865 396 vostrarum
879 330 967 396 nulle
981 338 1042 409 est,
1054 326 1280 417 quingnatum
1292 330 1363 398 velit

280 431 414 497 Ducere
427 452 579 497 uxorem:
603 440 638 495 et
650 452 726 515 quoe
739 431 832 496 vobis
847 428 967 515 placite
978 440 1031 495 est
1044 431 1198 509 conditio,
1212 431 1326 497 detur:

236 546 269 593 se
281 531 350 597 Ubi
365 533 490 597 duxere
503 529 645 616 impulsu
659 544 780 608 vestro,
796 540 906 595 vestro
921 526 1062 614 impulsu
1075 530 1207 595 easdem
1221 532 1362 617 exigunt.

411 808 604 887 ACTUS
642 808 905 885 SECUNDI
943 808 1136 885 SCENA
1169 811 1219 885 ΙΙ.

520 1000 721 1051 PHIDIPI’US.
748 999 894 1049 unctum.
921 999 1112 1050 SOSTRATA·

283 1124 368 1192 Erst
398 1126 465 1191 scio
479 1146 552 1209 ego,
569 1121 771 1200 Philumena,
787 1145 892 1188 meum
902 1124 958 1207 jus
973 1144 1058 1201 esse,
1074 1135 1112 1188 ut
1124 1136 1158 1189 te
1171 1146 1305 1210 cognom

283 1222 370 1297 Quoe
386 1244 449 1309 ego
464 1224 634 1307 imperem,
654 1220 781 1286 iecere:
816 1242 880 1307 ego
899 1232 1006 1287 tamen
1024 1224 1132 1307 patrio
1157 1224 1262 1288 animo
1289 1225 1382 1288 victus

347 1322 473 1398 fecium,

239 1472 344 1523 ismioni
355 1488 445 1521 nurus:
462 1470 581 1535 siquidem
590 1470 637 1519 hoc
644 1486 718 1519 sensu
726 1470 801 1525 dicer,
833 1471 897 1534 quod
915 1470 939 1519 ni
956 1470 996 1531 sit,
1014 1486 1070 1521 reus
1092 1470 1120 1520 iit
1141 1472 1289 1535 injuriarum
1310 1486 1383 1529 senen

237 1554 329 1589 nurum
345 1553 391 1586 uec
406 1536 528 1585 mendacii
548 1535 646 1599 culpam
667 1535 801 1593 incurrere,
833 1536 898 1599 quod
909 1536 984 1585 liliam
995 1536 1201 1585 abduxeritsusm
1209 1538 1383 1587 mstitoebseo-

237 1619 295 1667 qute
310 1616 368 1651 sere
433 1610 486 1649 otet
500 1615 533 1649 ex
548 1600 656 1649 moribus
673 1600 745 1647 male
760 1615 800 1648 so·
834 1610 866 1657 te,
878 1601 979 1665 etapud
991 1600 1099 1663 (φαμι
1114 1602 1155 1664 Ζ)
1172 1618 1261 1666 egram
1280 1618 1332 1653 esse
1344 1617 1383 1677 ps·

239 1684 305 1717 crus.
322 1667 388 1715 D.-
443 1668 495 1714 bun
556 1664 588 1728 is]
602 1664 633 1713 Iu
646 1664 800 1713 Mali-stc·
833 1665 915 1725 tiator,
926 1676 1040 1729 tunquam
1052 1681 1136 1715 curem
1152 1676 1224 1731 stque
1240 1666 1384 1732 diligentum

234 1738 277 1799 gis
291 1732 450 1781 desideratur.
475 1682 622 1779 Ln-ahemh.
638 1738 705 1778 recte
719 1729 800 1787 habet,
832 1730 890 1779 inde
906 1728 968 1794 (ipse
978 1733 1026 1791 ,tilii
1043 1730 1084 1792 Ζ.)
1101 1732 1211 1795 conjugis
1233 1732 1325 1781 hahere
1342 1746 1385 1779 noo

241 1800 303 1847 Teos
312 1813 361 1846 esse
371 1812 412 1859 ego
422 1798 459 1843 iiii
468 1811 547 1843 nores.
572 1794 600 1843 Β.
830 1794 916 1859 possit
946 1794 1025 1857 igitur
1036 1795 1108 1858 hujus
1119 1796 1282 1847 accusationis
1297 1796 1385 1845 initium

272 1863 313 1911 4³.
329 1863 393 1909 Nost
407 1868 534 1909 vestrm
549 1862 614 1908 sads
627 1857 675 1921 est]
691 1858 741 1906 Pro
751 1874 799 1907 oss·
832 1860 881 1908 tale
893 1869 943 1908 est:
962 1862 1139 1923 Pitidippsfeisi
1148 1878 1189 1924 ego
1199 1866 1255 1911 sssis
1270 1879 1307 1911 ste
1322 1864 1384 1909 ostal-

231 1934 318 1983 ,irttsst
345 1926 391 1974 hoc
414 1923 481 1974 euim
499 1922 568 1973 venit
585 1925 616 1973 sb
633 1940 663 1972 eo
680 1924 745 1986 quod
763 1933 802 1971 est
834 1927 988 1973 dormissem
1000 1928 1102 1987 opprime
1118 1928 1283 1989 obsequentem,
1296 1930 1336 1977 sed
1349 1942 1385 1974 sos

239 2000 324 2041 seslru.
363 1990 425 2045 Quis
441 1996 540 2052 gesisse
560 1986 628 2052 sciit]
653 1988 722 2046 Quis,
746 2004 800 2051 quoe
831 1991 895 2046 odeo,
913 1998 940 2037 tsi
952 1988 1061 2053 facilites
1081 2007 1131 2039 neo
1152 2000 1284 2053 eotrsssptsi
1306 1994 1386 2040 illorss

239 2071 297 2106 non.
322 2057 354 2104 D.
831 2053 930 2117 animos]
949 2054 1005 2103 Hoc
1021 2054 1119 2103 initium
1136 2055 1200 2103 tollit
1212 2056 1238 2104 id
1253 2057 1321 2119 quod
1330 2056 1386 2105 lorss

232 2163 236 2170 .
271 2124 312 2171 44.
324 2124 358 2171 lit
367 2136 418 2183 qua
428 2121 491 2169 colis
498 2122 588 2181 plcclia
598 2121 698 2168 conditis
705 2125 747 2175 esi,
756 2120 799 2167 dc·
831 2117 925 2168 diceret
940 2134 967 2167 se
982 2118 1056 2182 (quod
1064 2119 1167 2183 fortusse
1179 2123 1255 2170 dicere
1263 2130 1340 2183 posset
1352 2118 1385 2182 u)

239 2186 292 2249 ων]
306 2186 391 2249 imago
402 2184 441 2233 hic
452 2184 562 2247 quedem
573 2182 799 2247 argumentstiouis,
865 2193 909 2241 ter,
926 2183 1001 2248 Apud
1015 2200 1055 2232 me
1073 2184 1146 2233 liliam
1163 2185 1257 2249 pietate
1274 2186 1386 2235 contineo.

255 2267 294 2301 ute
304 2250 395 2301 dicitur
409 2248 449 2297 ἀι)
465 2248 542 2311 ἀρχῆς
552 2248 609 2311 dxpl
619 2246 719 2298 risone:
737 2247 801 2311 quod
860 2246 947 2311 eoique
959 2249 1081 2312 adjungit:
1102 2252 1168 2301 Quod
1177 2254 1199 2299 si
1215 2258 1242 2299 ts
1256 2254 1317 2301 idest
1325 2249 1385 2313 snes-

233 2267 329 2370 ‚laone
344 2314 441 2373 dicitur,
456 2317 494 2363 Ab
508 2317 577 2362 initio
586 2314 699 2375 (Μαι
729 2311 762 2360 Et
774 2322 801 2361 ut
832 2312 882 2376 res]
896 2312 952 2361 Non
961 2314 1136 2363 consentiendo
1149 2324 1253 2373 tentum,
1263 2327 1292 2365 ut
1302 2316 1386 2365 mimos

239 2379 387 2445 generaliter
402 2378 478 2442 coepit
493 2377 664 2436 invectionem,
675 2377 711 2426 ita
725 2392 800 2441 geue·
833 2387 930 2427 tuorum
941 2393 1090 2443 corrumpas,
1102 2384 1175 2442 magis
1187 2384 1212 2428 in
1227 2397 1276 2429 ress
1290 2389 1385 2435 uestras.

239 2446 324 2495 rsliter
335 2443 491 2493 conclusitin
502 2458 602 2493 socrus:
619 2453 645 2491 et
656 2452 694 2491 est
705 2457 799 2500 seusus,
831 2450 856 2491 ei
871 2451 971 2491 nostram
986 2452 1052 2493 esset.
1087 2444 1184 2493 Deinde
1199 2444 1341 2509 adjungitur
1351 2459 1385 2493 re·

239 2510 279 2559 Eo
290 2509 425 2575 improbius
435 2508 523 2568 iucltis,
531 2507 596 2571 quod
606 2506 669 2565 ilios,
678 2522 739 2570 quas
750 2506 799 2555 ele·
832 2507 934 2556 hemens
948 2518 973 2557 ct
986 2508 1108 2571 generalis
1123 2510 1246 2559 accusatio
1256 2530 1262 2558 :
1282 2512 1348 2560 Nasc
1357 2513 1385 2557 si·

239 2575 326 2639 gerim
336 2574 430 2623 odistis.
451 2574 483 2622 D.
832 2575 874 2621 deo
882 2574 1129 2636 inilicrusspotestute
1140 2590 1187 2623 esee
1197 2584 1227 2623 te.
1247 2575 1281 2623 Et
1290 2572 1386 2624 uenatio

273 2642 313 2690 45.
334 2642 380 2689 Udi
395 2642 480 2688 deren
500 2639 599 2699 s'sspslss
619 2636 707 2698 miro]
733 2636 800 2685 Bene
832 2637 994 2701 supponitur:
1013 2640 1073 2687 Heri
1083 2641 1284 2701 udiiiedcfiiic:
1301 2640 1385 2695 siud,

240 2706 315 2759 rerba
331 2704 416 2753 eadem
431 2703 583 2753 stomachose
597 2701 802 2765 etsignificauter
833 2704 913 2751 itidem
928 2706 1040 2752 iscertm
1052 2706 1138 2753 astuci.
1167 2703 1268 2753 Deinde
1282 2704 1385 2769 quaestio·

239 2769 364 2834 repetivit,
378 2780 406 2817 ut
420 2767 565 2832 improbitas
581 2782 614 2815 ex
628 2766 742 2830 proximo
756 2780 770 2815 e
789 2793 799 2802 -
833 2782 892 2815 num
909 2778 1059 2831 arguments,
1072 2783 1128 2817 cum
1144 2767 1301 2819 invectione:
1323 2768 1386 2817 Hasd

240 2844 327 2899 peresi
335 2833 451 2898 impulsu.
480 2835 527 2881 Udi
536 2835 620 2881 desere
631 2830 742 2893 impulsu]
780 2828 802 2877 i·
832 2835 869 2880 iic
884 2834 955 2889 dccci,
972 2834 1139 2895 ripsrpeittcnt
1154 2837 1188 2883 eis
1201 2850 1252 2883 esse
1263 2838 1386 2895 officiium

240 2900 320 2957 detur,
336 2908 452 2962 utsupra
469 2895 583 2953 diximus,
595 2896 648 2945 luec
665 2905 717 2945 tots
729 2909 802 2944 scens
832 2898 898 2955 donc,
910 2900 1017 2946 celerate
1029 2900 1084 2946 ires.
1113 2900 1140 2946 Si
1155 2902 1212 2961 quid
1228 2908 1264 2948 est
1277 2907 1385 2961 peccans

239 2964 272 3014 sd
283 2964 329 3014 boc
340 2962 491 3028 interposita,
503 2974 531 3011 ut
542 2960 629 3011 isbulae
643 2974 733 3009 nomen
744 2958 802 3009 hinc
833 2978 849 3009 u
860 2964 932 3020 nodis,
940 2960 1036 3024 profer:
1053 2970 1095 3011 otti
1105 2980 1133 3011 eo
1143 2961 1275 3025 refellendo,
1287 2972 1327 3013 asi
1335 2978 1385 3025 pst·

240 3029 433 3093 intelligeremus
450 3027 585 3075 inventum.
619 3026 653 3074 Et
672 3024 801 3138 impuden·
830 3029 915 3089 gendo,
926 3029 989 3075 nodis
998 3030 1142 3089 mnigemas,
1154 3028 1266 3089 rejudice
1278 3032 1341 3091 ἐμω,-
1355 3030 1386 3075 sis

241 3094 301 3143 tisto
316 3108 430 3143 socruum
443 3091 563 3156 impulsus
573 3090 689 3154 repetitio
717 3104 801 3137 emon·
833 3108 862 3140 sc
872 3098 906 3140 est
917 3108 987 3139 eattso
998 3094 1113 3140 retinendi
1123 3096 1186 3154 opud
1200 3109 1249 3151 aes,
1261 3097 1317 3157 qss'a
1331 3106 1386 3153 egro

240 3157 335 3207 stravit.
362 3154 561 3219 inponamus]
575 3155 654 3203 Sicin
666 3154 801 3203 Heautont.
833 3164 884 3205 est:
901 3163 923 3203 te
934 3155 1195 3219 miiiittjttricstsseere
1209 3160 1321 3216 arbitror,
1336 3155 1385 3203 Pii·

234 3226 344 3283 ,sverm
359 3225 438 3271 credre
450 3224 537 3279 missi,
546 3223 625 3269 scissi
636 3222 716 3269 moro
726 3222 801 3269 conri-
833 3222 940 3283 stepen
950 3224 1040 3278 micis,
1050 3225 1110 3269 sciis
1120 3230 1146 3269 tsi
1156 3239 1211 3271 nea
1226 3225 1289 3272 doni
1305 3229 1386 3271 cmiv

240 3291 325 3336 sarim
348 3287 379 3335 D.
833 3288 962 3348 diligenter.
995 3286 1052 3334 Hoc
1068 3297 1096 3334 ut
1108 3285 1241 3350 diligenter
1251 3288 1385 3337 confirmare

276 3353 298 3401 1.
315 3354 370 3400 Etsi
384 3354 431 3400 scio
446 3367 494 3413 ego,
510 3352 653 3408 Philumena,
670 3364 744 3398 meunt
758 3347 802 3411 jus
833 3348 918 3413 possit,
927 3361 953 3398 et
959 3351 1118 3413 jurejurando
1128 3350 1154 3399 in
1166 3366 1193 3401 se
1204 3352 1314 3415 posinun
1325 3364 1384 3399 moo-

239 3412 800 3480 esss]luhacscensmoralissllocutioPhidip·
833 3413 1028 3463 stratsffectumt
1046 3418 1318 3473 Ai,iiatseDicuesi!
1333 3414 1386 3463 taxi

236 3482 270 3549 pi
280 3481 359 3531 estad
369 3479 452 3537 lilism,
465 3477 589 3529 mitissimi
604 3478 682 3543 patris
694 3477 802 3527 colorem
834 3482 878 3528 tibi
888 3482 1038 3537 incomoda,
1048 3483 1093 3529 etsi
1101 3483 1137 3529 iiii
1144 3490 1212 3542 poter
1220 3498 1253 3538 ss,
1263 3490 1290 3531 st
1298 3490 1324 3529 ts
1331 3482 1385 3527 iilos

241 3546 381 3597 ostendens.
418 3547 473 3595 Etsi
498 3543 558 3607 scio]
583 3543 694 3608 Apparet
715 3550 740 3591 et
761 3542 801 3591 hic
833 3546 907 3607 magis
917 3547 1003 3593 saban
1013 3546 1152 3608 celinquere
1163 3562 1210 3609 ego.
1229 3542 1383 3608 Etsdjungii

235 3612 320 3673 ,mults
334 3610 402 3676 prius
413 3608 482 3723 petri
492 3625 537 3658 suo
552 3607 723 3658 Philumeusm
734 3606 801 3657 locu·
827 3612 875 3671 filii
886 3626 963 3657 muso.
988 3610 1070 3672 Huius
1081 3609 1116 3658 rei
1128 3610 1242 3674 purgatio
1248 3608 1384 3677 supponitur

234 3676 385 3733 mittiue.
436 3690 480 3738 rgo
490 3674 543 3723 hsec
557 3673 683 3738 responsio
694 3682 740 3730 est,
752 3686 801 3721 nou
833 3672 876 3731 sic,
894 3683 922 3722 ut
937 3673 963 3723 in
980 3673 1023 3723 ills
1037 3674 1169 3725 collocetur
1189 3690 1272 3734 cause,
1288 3690 1331 3725 cur
1349 3670 1384 3719 ills

234 3737 398 3807 principium.
426 3739 714 3802 &omnemne
729 3746 751 3786 ic
764 3754 801 3785 co·
833 3738 979 3787 discesserit.
1013 3739 1116 3797 Tamen,
1131 3740 1196 3803 quod
1211 3740 1302 3789 sbsetst
1321 3738 1382 3787 Psot-

239 3806 307 3871 gcst]
326 3806 382 3855 Hoc
396 3804 462 3854 idem
473 3804 500 3853 iu
512 3802 639 3868 Adelphis,
650 3804 704 3851 Nost
714 3816 801 3853 marte
833 3802 923 3867 philus,
932 3803 1023 3853 idcirco
1032 3820 1081 3853 non
1092 3802 1183 3863 redeat,
1192 3820 1224 3853 ert
1235 3820 1266 3855 es
1277 3820 1304 3855 re
1314 3801 1383 3865 suspi-

241 3873 448 3933 imdsomispro
458 3869 654 3943 stcojttrsopers.
687 3870 719 3915 tJt
729 3874 751 3916 te
763 3884 800 3915 co·
833 3867 872 3915 cio
888 3868 967 3927 datur,
985 3884 1081 3919 socrum
1097 3868 1170 3919 telem
1187 3884 1250 3927 esse,
1262 3882 1331 3932 quam
1347 3864 1382 3914 rb·

236 3936 307 4001 gest]
325 3935 407 3985 Etiam
425 3933 528 3985 invitam
547 3932 647 3983 sciltcet.
682 3932 803 3981 D.-uot
833 3941 903 3983 sente
919 3933 1007 3983 marito
1023 3948 1099 3983 nurus
1115 3932 1236 3983 sustinere
1248 3938 1382 3998 conponi

239 4003 446 4060 semidiem
453 3998 574 4061 nes-jes
581 4004 671 4054 esseni
681 4004 704 4045 ie
715 4012 800 4059 cogant,
835 3997 900 4046 Nsnt
911 3996 985 4047 dicit:
1002 4000 1071 4047 ilices
1081 4002 1114 4047 sd
1126 4015 1164 4047 oos
1176 4001 1254 4049 redire
1270 4000 1351 4053 studea,
1364 3994 1382 4041 α’

240 4084 291 4130 qu
306 4083 348 4129 ogo
362 4069 475 4129 imperem
490 4062 585 4127 secere]
604 4062 665 4111 Htec
681 4076 755 4110 scens
774 4060 800 4109 iu
829 4078 921 4123 possess
929 4060 1011 4125 secere
1027 4066 1073 4112 siis
1088 4066 1158 4112 modo.
1192 4066 1256 4111 Nost
1274 4070 1381 4125 postero!

240 4132 341 4183 exordio
356 4130 455 4194 quidem
467 4128 615 4179 locutionem
625 4127 658 4176 sd
668 4126 745 4175 titiam
756 4127 800 4174 hs·
831 4130 922 4176 attendi
943 4130 1024 4191 magis,
1041 4136 1064 4179 ei
1080 4132 1140 4190 ooeps'
1159 4144 1236 4191 agne,
1257 4136 1284 4177 st
1305 4128 1382 4179 rederi»

239 4196 281 4247 bet
298 4195 381 4259 putris,
392 4194 457 4257 quod
472 4209 528 4242 curn
539 4192 566 4241 in
577 4192 650 4241 domo
660 4190 799 4255 reperisset,
830 4200 874 4243 sic.
898 4192 927 4241 Ε.

237 4269 339 4323 cogeret
349 4259 385 4309 uti
395 4259 427 4307 ad
438 4257 561 4322 Pamphili
575 4258 675 4307 domum
690 4264 799 4305 reverte·
865 4259 887 4305 2
906 4256 988 4306 Patrio
1005 4260 1080 4307 anino
1102 4256 1188 4319 emm]
1207 4257 1276 4305 Bene
1297 4258 1380 4303 view

238 4334 314 4382 retur,
331 4333 357 4372 et
373 4335 455 4372 tumen
475 4323 600 4379 tradentis,
616 4321 681 4396 quod
699 4322 800 4369 absente
831 4321 889 4385 quis
900 4337 948 4371 uon
960 4321 1055 4371 ratione
1066 4322 1136 4373 lucio.
1163 4322 1250 4371 Victus
1265 4316 1379 4371 “tunde-

240 4389 300 4439 ram
318 4388 370 4437 hilo
384 4388 435 4437 lil'ts
450 4387 542 4439 reverti
561 4387 641 4435 noltut
661 4387 732 4445 (coiit
748 4382 798 4447 Z.).
830 4402 934 4449 cunque,
944 4386 986 4450 qui
998 4384 1083 4450 (victus
1093 4396 1128 4438 esi
1138 4391 1179 4451 qst‘
1189 4389 1331 4450 sedemque
1344 4378 1378 4441 ll

233 4454 300 4506 Post
342 4453 383 4502 hat
393 4452 576 4503 exeusationem
588 4450 799 4513 etdeiensionetn,
831 4450 923 4503 recedit
934 4453 1020 4515 ejure.
1046 4452 1077 4503 D.
