2834 4759
216 40 281 105 964
656 34 936 101 TERENTll
1212 30 1320 115 [acius
1334 50 1353 91 1.

304 175 343 238 ln
358 173 420 237 hac
435 181 486 237 est
501 194 584 255 pura
599 172 722 235 oratio:
746 170 947 255 experimini,

304 271 344 336 In
359 281 528 357 utramque
543 280 669 354 partem
683 269 846 354 ingenium
860 269 941 352 quid
955 268 1058 352 possit
1071 287 1188 330 meum.

305 372 339 435 Si
355 392 518 454 nunquam
533 390 628 433 avare
642 369 783 453 pretium
798 369 898 430 statui
912 367 974 429 arti
986 368 1079 443 meae,

305 470 351 533 Et
366 491 439 533 eum
455 490 527 532 esse
542 478 702 551 quaestum
716 467 750 529 in
764 468 904 530 animum
917 465 1032 529 induxi
1046 485 1240 539 maxumum,

262 581 292 627 ao
306 568 413 640 Quam
427 588 577 631 maxume
592 566 711 629 servire
726 566 842 630 vestris
855 563 1051 629 commodis:

305 664 500 750 Exemplum
516 666 646 729 statuite
662 665 694 728 in
709 686 771 741 me,
788 675 826 728 ut
839 659 1072 727 adolescentuli

305 764 409 829 Vobis
424 762 553 848 placere
570 763 723 826 studeant
735 763 855 847 potius,
871 783 968 845 quam
983 760 1054 825 sibi.

368 1028 560 1102 ACTUS
593 1027 766 1101 PRIMI
803 1025 995 1100 SCENA
1026 1024 1225 1099 PRIMA.

569 1216 749 1266 CHREMES.
785 1215 1022 1265 MENstsws.

306 1341 510 1415 Quauouau
525 1340 597 1404 haec
612 1341 696 1405 inter
709 1362 770 1405 nos
784 1363 890 1425 nuper
902 1341 1016 1404 notitia
1030 1340 1257 1416 admodum’st,

219 1512 310 1573 quidem
329 1511 385 1555 milii
402 1514 470 1569 atque
491 1509 554 1555 vobis
570 1524 607 1557 rea
626 1516 702 1555 vertat
720 1510 780 1565 dene,
813 1506 871 1571 ridi]
883 1510 934 1557 Sibi
941 1510 1034 1570 placeas
1046 1504 1153 1565 αὐθάδης,
1165 1506 1308 1569 cbralperor.
1335 1504 1365 1551 b't

220 1578 296 1638 Atque
318 1575 371 1621 liuic
391 1575 465 1647 gregi.
497 1572 586 1621 C.·-·Sl
608 1575 671 1630 onis,
690 1573 783 1621 habent
815 1573 913 1621 Petron.
936 1589 988 1636 cap.
1012 1573 1064 1621 126.
1098 1575 1159 1620 Nolo
1180 1574 1225 1619 titt
1243 1580 1290 1619 toas
1307 1572 1364 1618 valde

220 1636 451 1689 Bembinusetalir.
475 1636 504 1684 B.
811 1642 911 1699 placeas.
941 1636 1080 1686 Martiale.
1093 1638 1132 1687 st.
1159 1638 1365 1693 thttttCr‘m,

253 1705 292 1751 46.
318 1705 362 1751 Est
375 1718 436 1764 puro
455 1700 541 1763 aratio]
560 1700 615 1749 Hoc
633 1710 677 1759 est,
695 1701 780 1759 nitida,
810 1706 910 1765 placere.
938 1702 979 1750 Sic
990 1702 1055 1767 apud
1067 1700 1166 1757 Querol.
1194 1703 1365 1761 Sibittffcim.

221 1784 275 1832 quar¹
287 1767 356 1816 facile
367 1780 493 1815 assensum
504 1765 643 1813 auditorum
654 1765 728 1815 ineat.
752 1767 779 1815 C.
813 1765 937 1830 αὐτάρκης.
960 1767 989 1814 L.

219 1836 282 1881 -Ιιι
298 1829 341 1880 isac
354 1848 416 1893 puro
429 1838 463 1879 ert
479 1828 565 1893 oratio]
578 1831 701 1885 Quoniam
717 1831 781 1879 sicut
847 1834 868 1880 1.
892 1835 1031 1895 Quamquam
1047 1835 1095 1880 hac
1110 1834 1172 1880 tum
1186 1830 1242 1893 aaa]
1259 1830 1324 1878 Bene
1339 1842 1365 1876 ex

222 1898 304 1959 (supra
322 1896 363 1957 Ζ.)
381 1895 483 1953 dixerat,
497 1895 630 1944 laboriosas
646 1896 728 1959 potius
738 1912 780 1944 co-
813 1906 866 1945 arte
885 1896 978 1945 comica
995 1912 1072 1946 senex
1089 1896 1223 1960 opitulator
1244 1894 1367 1948 inducitur,

220 1962 322 2012 modias
333 1962 364 2011 ad
375 1977 401 2009 se
413 1960 509 2017 deterri,
521 1960 589 2009 leves
599 1960 630 2009 ad
642 1960 731 2010 alium:
749 1976 781 2009 ne
812 1961 854 2024 qui
872 1974 898 2010 et
914 1960 1013 2011 miseria
1028 1972 1053 2009 et
1068 1960 1168 2010 tristitia
1183 1960 1287 2009 alterius
1303 1957 1366 2007 ralde

219 2026 388 2092 prejudicium
404 2026 461 2074 huic
474 2024 696 2075 comoediaelecisse
713 2025 781 2075 vide-
814 2036 1001 2075 commoveatur.
1043 2026 1122 2074 Simul
1140 2026 1268 2075 amborum
1289 2036 1367 2072 unum

220 2104 295 2151 retur,
308 2091 373 2154 quod
387 2090 441 2151 ipse
453 2090 514 2138 dicit
528 2089 571 2139 ills
582 2100 624 2139 aut
632 2090 722 2139 exinde
730 2093 782 2153 jam
814 2092 953 2154 conjunctio
963 2101 989 2139 et
1000 2090 1159 2149 familiaritas,
1170 2090 1202 2139 ad
1219 2091 1246 2140 id
1257 2089 1319 2153 quod
1333 2103 1367 2135 ae·

221 2154 784 2283 ttttltlttltttltt‘tttttttt‘
814 2152 1369 2285 tlttt‘ttltt‘t‘ttttpttltt

220 2290 316 2349 papulus
338 2286 467 2349 dijudicare
484 2302 510 2347 p.
530 2284 570 2347 Z.)
582 2285 677 2348 adjecit,
695 2290 722 2347 ιἰι
738 2289 782 2335 lac
813 2286 946 2344 miseratio,
959 2302 1014 2349 quta
1029 2286 1095 2334 inter
1110 2300 1182 2335 senes
1198 2301 1256 2335 esse
1270 2284 1336 2339 solet,
1346 2292 1369 2329 ct

218 2369 280 2414 parc
300 2360 335 2401 ert
355 2354 445 2400 oratic:
469 2354 603 2412 eaperlmtm'
622 2354 647 2399 ta
662 2359 781 2413 utrmque
814 2350 891 2400 oratio
913 2350 999 2400 senilis
1019 2350 1121 2415 prolixa
1164 2350 1307 2414 Quanquam
1326 2352 1368 2395 ιιι

218 2425 309 2480 partem
325 2420 439 2479 ingenium
455 2417 512 2478 qaid
523 2419 597 2477 partit
610 2432 689 2464 meunt
724 2416 786 2465 Non
814 2420 875 2465 inter
890 2415 943 2479 aas]
961 2416 1098 2465 Exordium
1115 2425 1160 2474 est,
1171 2425 1199 2463 et
1214 2414 1306 2464 oratori
1315 2428 1367 2461 con·

221 2482 303 2531 omnia
313 2480 445 2544 equalitas,
456 2479 529 2529 modo
540 2488 669 2543 utrumque
680 2490 784 2544 possunt
814 2496 909 2543 gruum
943 2481 1016 2536 Quod
1030 2481 1097 2529 enim
1113 2480 1201 2544 exigue
1220 2480 1315 2536 notitia,
1331 2486 1369 2525 aut

222 2547 288 2609 (Non
305 2550 380 2595 ornatu
397 2548 542 2608 aeqscttttter
551 2565 560 2601 ‚-
583 2548 646 2593 modo
663 2554 783 2609 utrumque
814 2562 894 2611 nuper
909 2546 1015 2611 inceptu,
1029 2546 1071 2594 vel
1085 2545 1153 2594 nialla
1168 2544 1368 2595 cousuetudoan-

218 2628 309 2674 ρωιιιιιι
328 2610 380 2674 Z.):
405 2621 430 2659 et
446 2610 510 2658 leuia
527 2610 640 2673 perferre,
657 2620 682 2659 ct
698 2610 784 2673 gravia
814 2621 900 2660 teactae
911 2610 1190 2675 vitreiacereprohibet,
1202 2610 1230 2659 id
1242 2608 1368 2663 selvinus,

221 2676 350 2739 complere.
397 2676 436 2725 lta
451 2675 486 2723 ait
502 2679 527 2723 ιἰι
543 2684 661 2738 atramque
675 2684 782 2737 paruas:
814 2676 854 2725 rel
878 2676 1048 2740 propinquitas
1069 2675 1143 2739 cogit.
1176 2675 1370 2737 (le—Quaem

221 2741 336 2804 quonium
347 2755 443 2805 semper
459 2739 485 2787 in
497 2739 660 2803 asperioribus
670 2755 782 2803 compro·
814 2744 862 2789 tuac
872 2746 933 2789 a'atcr
943 2740 996 2804 ιιαι]
1014 2741 1076 2789 Haec
1086 2756 1166 2789 ⁴scena
1175 2740 1288 2788 continet
1299 2739 1370 2800 injus·

221 2806 310 2861 bastin
328 2804 635 2881 nuncquoquelevioribus
646 2820 718 2855 nosse
727 2798 781 2867 Uo·
815 2818 864 2855 tam
878 2805 1064 2863 assumtionem,
1081 2805 1146 2868 quod
1160 2805 1244 2868 gravis
1260 2818 1334 2853 senex
1342 2800 1370 2848 de

220 2888 272 2921 cere
285 2871 325 2933 Z.)
337 2871 437 2920 debens.
460 2870 489 2918 E.
814 2886 841 2919 se
849 2871 932 2934 exigat
941 2886 1035 2935 plenas,
1045 2870 1261 2934 defensionemque
1268 2867 1371 2918 eontinet

254 2938 293 2985 ts.
318 2939 344 2983 st
361 2950 475 2998 nunquam
492 2950 561 2983 naara
576 2937 676 2995 pretium
695 2933 781 2998 statui]
810 2937 915 2998 justam:
933 2944 1053 2984 memorat
1063 2935 1154 3000 quippe
1167 2934 1205 2983 ita
1215 2951 1243 2983 se
1254 2933 1368 2987 meritam,

222 3001 270 3049 Per
296 3001 349 3048 haec
371 3001 446 3048 rerba
472 2999 603 3048 Terentius
624 2999 782 3058 demonstrat,
815 3000 1082 3065 utipsedeseexigst
1096 3014 1189 3064 poeaas.
1222 3002 1306 3055 Quare
1316 3011 1370 3060 qua-

222 3080 295 3127 quam
306 3064 387 3128 gravis
395 3073 479 3113 auctor
488 3063 527 3121 sit,
537 3063 641 3127 quisuas
650 3064 782 3113 comoediaa
814 3066 890 3114 litatis
912 3081 966 3114 esse
985 3064 1147 3128 intelligimus
1164 3074 1258 3122 stetisse
1283 3072 1309 3112 et
1325 3074 1370 3109 noa

222 3130 316 3195 probet.¹
351 3129 391 3177 Sic
409 3128 496 3177 Horat.
508 3128 549 3177 lib.
561 3128 587 3176 i'a
599 3144 638 3192 ep.
652 3130 673 3177 l.
687 3130 725 3177 81.
749 3132 784 3177 Et
814 3140 930 3179 ramesse
940 3130 1127 3187 accusationem,
1139 3145 1213 3193 quam
1227 3126 1369 3192 objurgatio

221 3210 272 3243 curs
280 3196 442 3255 reprehendere
448 3196 669 3256 conentluaegrorlr
675 3196 782 3256 ὦψαι,
814 3210 878 3243 nem.
913 3194 1062 3257 Huiusmodi
1078 3194 1170 3243 etenim
1185 3195 1212 3243 ia
1229 3193 1369 3245 accontus

222 3276 273 3322 quae
283 3262 362 3307 doctru
371 3260 530 3320 Roacluaegit.
555 3258 582 3306 C.
814 3260 857 3323 qui
873 3260 1000 3324 nonapud
1012 3258 1121 3322 judicem
1136 3259 1327 3309 controversiam
1337 3255 1370 3303 di·

255 3324 294 3372 ts.
312 3322 587 3385 Etcumersequaertum]
600 3323 783 3386 Nonnunquam
815 3336 882 3383 cunt,
905 3325 955 3374 iim
978 3325 1095 3373 debemus
1121 3325 1203 3389 potius
1230 3323 1369 3385 intelligere,

222 3386 611 3447 subauditur,ai,utsit,ctrtaam
635 3396 737 3436 aestum
754 3390 781 3437 C.
815 3406 888 3453 qaam
905 3390 1109 3439 controversiam:
1131 3406 1181 3438 non
1199 3388 1267 3437 euim
1280 3386 1370 3451 judices

256 3456 294 3502 60.
312 3456 402 3502 Scror'rc
412 3456 494 3502 castris
504 3406 635 3516 conmodial
649 3453 708 3501 Plus
720 3452 784 3501 dixit
814 3467 930 3519 praesunt.
964 3454 1013 3503 Sed
1023 3454 1138 3518 quoniam
1150 3453 1207 3502 talis
1217 3464 1257 3502 est
1267 3452 1335 3506 acuo,
1345 3458 1371 3497 ut

222 3521 348 3575 mundis,
357 3534 429 3582 quarn
440 3517 462 3566 si
470 3516 562 3566 diceret
569 3520 732 3580 voluptatibus.
752 3518 781 3567 C.
815 3520 926 3568 videaurr
936 3518 986 3568 vim
1002 3517 1174 3568 controversiae
1187 3518 1321 3574 continere,
1336 3514 1370 3562 id·

256 3587 295 3634 tl.
321 3586 353 3632 Ut
369 3585 530 3632 adokrcsntult'
546 3586 609 3632 solu
623 3586 715 3645 placere
732 3591 783 3631 sta·
815 3584 881 3633 circo
897 3594 975 3633 status
992 3584 1033 3633 hic
1052 3594 1097 3641 est,
1110 3596 1137 3634 et
1150 3583 1285 3633 secundnm
1302 3582 1370 3629 istum

222 3654 292 3700 decan
304 3652 460 3723 potiusquam
471 3645 527 3709 ribi]
541 3645 568 3695 si
579 3648 640 3697 mibi
656 3664 722 3697 nunc
738 3648 782 3697 lto·
815 3659 903 3698 cuncta
913 3649 1035 3700 dicuntur.
1069 3650 1137 3712 Ergo
1148 3649 1316 3697 inhacsceas
1326 3655 1371 3693 su·

223 3730 307 3765 norem
324 3729 369 3779 per
385 3713 509 3762 silentium
520 3712 645 3772 dederitis,
656 3712 727 3761 facile
741 3729 783 3762 eoa
816 3723 856 3763 tua
873 3714 997 3777 qualitatis
1016 3723 1055 3763 est
1069 3713 1193 3772 absolute,
1211 3724 1295 3761 utrum
1310 3713 1370 3773 juste

224 3781 261 3843 (eo
273 3780 315 3841 Z.)
327 3778 492 3828 adolescentes
503 3778 661 3842 compelletis,
673 3788 701 3827 ut
715 3778 784 3827 vobis
815 3778 907 3837 iecerit,
918 3779 957 3827 vel
968 3778 1047 3837 faciat,
1059 3779 1124 3842 quod
1133 3778 1164 3827 de
1174 3794 1201 3827 se
1212 3792 1290 3827 senex
1295 3776 1371 3838 exiget

223 3843 650 3909 placerepotiusvelintquamsibi:
669 3844 785 3906 quoniam
816 3859 909 3909 poeuas.
942 3845 1022 3899 Quam
1038 3858 1092 3892 rem
1107 3844 1179 3893 docet
1191 3846 1258 3906 juste
1273 3841 1370 3897 fieriu

223 3910 329 3958 officium
340 3908 496 3975 prologorum
505 3907 784 3965 adolesceutcssumunt‚
817 3924 846 3957 eo
857 3908 921 3972 quod
932 3924 960 3958 ae
970 3909 1085 3957 meritum
1096 3908 1164 3966 dicit,
1172 3906 1310 3973 'propterea
1319 3903 1371 3967 quis

224 3974 301 4023 multa
317 3974 343 4022 iu
361 3972 487 4021 comoediis
506 3972 555 4037 ipsi
572 3972 649 4023 acturi
666 3982 732 4030 sunt,
749 3972 785 4021 ita
816 3973 870 4037 ipse
881 3973 960 4023 lilium
971 3989 1051 4033 suum,
1062 3984 1186 4022 amantem
1196 3972 1370 4021 adolescentum

225 4036 270 4098 (ut,
287 4042 323 4086 ita
335 4038 376 4100 Z.)
388 4038 478 4087 lactum
489 4053 545 4087 cum
561 4038 622 4087 mihi
639 4054 670 4087 ex
685 4038 731 4086 hac
743 4053 784 4086 ac·
816 4054 891 4098 more,
903 4038 997 4088 miserit
1012 4037 1040 4087 in
1054 4038 1168 4087 militiam
1179 4039 1272 4094 duram,
1289 4033 1371 4098 sapim

225 4102 291 4150 none
310 4118 362 4151 esse
378 4102 544 4167 cognoverint,
562 4102 632 4152 facile
649 4102 697 4167 ipsi
716 4102 784 4151 labo·
816 4104 965 4161 scoumndor
993 4103 1051 4152 inde
1071 4103 1202 4166 sibijuste
1220 4099 1313 4166 imponi
1331 4098 1371 4145 aaa

223 4181 277 4217 reru
293 4166 359 4215 bunc
375 4182 461 4232 capere
480 4167 581 4232 possint,
600 4178 629 4217 ut
645 4168 714 4217 vobis
730 4167 784 4232 pla-
816 4168 890 4231 ipsas,
912 4184 973 4233 quas
993 4167 1027 4217 im
1045 4168 1086 4226 let,
1106 4166 1263 4233 gravissimas
1283 4176 1369 4231 ptem·

223 4240 301 4281 cunt.
325 4231 355 4279 Ε.
819 4237 961 4297 &amquam
981 4184 1045 4297 leel
1062 4234 1181 4283 Chremes
1200 4231 1301 4286 vicinus,
1319 4240 1371 4301 eunt

256 4298 295 4345 ta
316 4297 385 4345 Voti·
399 4298 490 4358 placere
501 4300 608 4347 studeant
622 4302 706 4362 potiar,
717 4315 786 4362 quan
817 4300 969 4363 conspiceret
979 4314 1072 4358 senem,
1083 4299 1235 4361 eundemque
1243 4295 1301 4345 olim
1312 4293 1371 4340 drvr·
