2834 4759
248 226 292 267 xx
503 203 561 271 DE
581 201 817 263 TRAGOEDIA
838 200 893 264 ET
914 202 1144 271 COMOEDIA·'

250 334 342 415 pratis
362 334 489 412 primum
508 331 646 395 mollibus
666 333 836 411 agebantur.
878 331 944 393 Nec
961 332 1082 395 deerant
1094 332 1224 413 meniis,
1236 333 1351 412 quibus
1362 334 1399 393 ad

250 414 436 477 scribendum
450 414 604 477 doctorum
618 426 850 492 provocarentur
863 413 994 492 ingenia:
1008 414 1061 475 red
1074 428 1106 473 et
1116 414 1266 475 actoribus
1280 434 1401 474 munera

249 496 458 564 offerebantur,
472 515 532 573 quo
545 494 685 555 libentius
699 494 833 572 jucundo
852 496 935 555 vocis
954 495 1033 555 flexu
1054 495 1094 554 ad
1112 494 1302 555 dulcedinem
1322 516 1401 555 com·

250 578 444 641 mendationis
467 588 626 635 uterentur.
670 572 767 653 Caper
786 594 913 653 namque
933 576 1094 655 predonis
1113 576 1159 635 bis
1179 577 1318 644 dabatur,
1333 577 1400 653 quia

253 659 364 719 vitibus
377 658 497 717 noxium
511 656 618 716 animal
632 656 813 715 habebatur:
834 676 853 715 a
865 676 927 733 quo
939 657 1028 717 etiam
1049 656 1202 734 tragoediae
1219 676 1331 717 nomen
1349 676 1400 715 ex-

253 752 350 799 ortum
364 752 418 797 est.
447 736 586 809 Nonnulli
600 750 698 797 autem
712 756 752 795 ex
765 756 883 797 amurca
895 737 953 797 olei
967 738 1038 808 lece,
1050 759 1119 815 quae
1131 752 1178 797 est
1191 738 1300 797 humor
1313 758 1401 813 aqua-

254 819 323 890 tilis,
339 819 512 897 tragoediem
527 818 584 879 dici
599 818 756 895 vocarique
769 818 945 877 maluerunt.
974 818 1036 885 Qui
1050 818 1112 877 ludi
1125 838 1191 877 cum
1205 838 1259 897 per
1273 816 1402 877 artifices

251 900 434 965 inhonorem
448 900 548 959 Liberi
561 899 653 978 patris
667 911 831 977 agerentur,
844 899 932 959 etiam
949 900 1005 978 ipsi
1019 898 1229 959 comoediarum
1242 898 1400 977 tragoedia-

250 1002 376 1059 rumque
397 980 555 1058 scriptores
575 980 663 1058 bujus
683 978 741 1049 dei,
756 979 838 1039 velut
857 981 950 1057 patris
969 1000 1077 1040 numen
1096 982 1193 1039 coiere
1208 979 1401 1057 venerarique

252 1077 416 1141 coeperunt.
458 1059 551 1139 Cujus
572 1062 614 1119 rei
635 1059 795 1138 probabilis
814 1062 889 1120 ratio
901 1061 1018 1121 extitit.
1059 1060 1107 1119 lta
1119 1061 1196 1119 eninr
1210 1061 1343 1121 carmina
1360 1061 1401 1119 in·

252 1144 357 1207 choats
370 1142 603 1219 proferebantur,
618 1154 651 1201 ut
662 1162 716 1219 per
727 1161 763 1199 ea
774 1140 876 1200 laudes
888 1141 962 1220 ejus,
976 1154 1006 1201 et
1020 1142 1097 1201 facta
1114 1140 1244 1219 gloriosa
1258 1140 1401 1201 celebrari

273 1224 436 1301 referrique
469 1235 636 1282 constaret:
673 1238 736 1279 tum
762 1220 902 1300 paulatim
929 1223 1007 1281 sama
1033 1222 1121 1300 hujus
1146 1222 1218 1283 artis
1245 1222 1398 1281 increbuit.

251 1244 378 1382 i'hespis
405 1316 503 1362 antem
530 1303 642 1381 primus
668 1302 732 1363 brec
759 1304 868 1380 scripta
894 1303 925 1363 in
950 1304 1081 1363 omnium
1107 1303 1240 1363 notitiam
1267 1301 1399 1381 protulit.

252 1384 360 1445 Postea
374 1384 530 1462 AErcbylus
543 1396 660 1444 secutus
673 1383 851 1461 exemplum,
865 1383 1045 1462 publicavit:
1063 1384 1223 1461 dequibus
1245 1384 1290 1444 ita
1304 1382 1402 1441 Hora·

253 1466 310 1525 tius
327 1467 357 1525 in
371 1481 433 1525 arte
446 1466 561 1544 poetica
574 1464 722 1542 loquitur:

462 1558 593 1629 ignotum
604 1558 713 1627 tragice
724 1575 809 1629 genus
820 1558 954 1613 invenisse
966 1576 1094 1614 mmoene

461 1628 580 1694 Dicitur,
594 1638 621 1683 et
633 1630 759 1699 plaustris
770 1629 874 1685 rexisse
884 1638 1008 1699 peomne
1018 1628 1144 1699 Thespis,

462 1698 531 1765 Quae
543 1708 669 1754 canerent
680 1710 790 1771 agerent
809 1718 843 1755 ue
854 1701 977 1771 peruncti
987 1700 1091 1755 fecibus
1103 1718 1160 1755 ore.

460 1768 527 1825 Post
538 1770 611 1825 bunc
623 1787 745 1841 persone
756 1718 885 1852 peiieque
896 1781 1017 1840 repertor
1027 1770 1149 1825 bonestae

461 1840 617 1911 AEschylns‚
631 1848 658 1895 ct
670 1840 783 1895 modicis
795 1840 918 1895 instravit
930 1842 1033 1911 pulpita
1044 1841 1126 1911 tignis
1138 1864 1144 1894 :

461 1910 497 1963 Et
510 1910 602 1964 docuit
614 1928 795 1983 magnumque
806 1912 834 1966 lo
853 1912 891 1977 ui,
905 1911 1008 1983 nitique
1020 1912 1163 1965 cotbumo.

462 1980 597 2035 Successit
609 1990 686 2035 vetus
697 1982 741 2035 his
753 1998 814 2035 com
857 1982 883 2035 ia
894 1998 950 2035 non
961 1982 1020 2035 sine
1031 1983 1116 2036 multa

462 2050 570 2105 Laude:
590 2050 637 2105 sed
648 2052 677 2105 in
690 2052 786 2105 vitium
797 2052 906 2107 libertas
917 2051 1025 2117 excidit,
1039 2061 1066 2106 ct
1077 2053 1134 2105 rim

460 2121 580 2191 Dignam
591 2123 651 2191 lege
661 2123 735 2191 regi:
754 2123 799 2176 lex
810 2132 852 2177 est
862 2131 987 2192 accepta3
1007 2123 1160 2194 chorusque

461 2190 587 2275 Turpiter
599 2192 714 2247 obticuit
725 2193 832 2247 sublato
839 2193 901 2263 jure
912 2192 1036 2248 nocendi.

462 2261 510 2317 Nil
522 2272 683 2318 intentatum
695 2264 782 2317 nostri
793 2264 813 2317 li
832 2281 894 2319 uere
905 2272 1008 2335 poete:

463 2330 521 2387 Nec
533 2334 676 2388 minimum
687 2282 912 2398 memeredecus,
924 2334 1038 2404 vestigia
1051 2332 1146 2388 Graeca

462 2404 531 2458 Ausi
543 2404 672 2469 deserere,
687 2413 714 2458 et
726 2405 860 2459 celebrare
870 2404 1017 2458 domestica
1028 2404 1109 2470 lacta,

461 2472 513 2528 Vel
525 2475 570 2546 qui
582 2483 734 2545 praetextas,
747 2477 790 2528 vel
802 2476 849 2545 qui
861 2474 976 2529 docuere
988 2482 1102 2545 togatas.

292 2562 402 2621 Fabula
415 2562 551 2640 generale
565 2584 671 2623 nornen
684 2576 739 2633 est,
753 2563 817 2642 ejus
837 2563 904 2622 duae
922 2564 1025 2641 primoe
1045 2576 1144 2641 partes
1165 2576 1243 2633 sunt,
1259 2558 1397 2641 tregoedia

252 2657 282 2702 et
295 2642 449 2703 comoedia.
479 2644 510 2702 Si
524 2642 629 2704 Latina
642 2645 856 2723 argumentatio
869 2645 917 2715 sit,
932 2657 1096 2723 praetexata
1108 2643 1225 2702 dicitur.
1248 2638 1397 2703 Comoedia

252 2736 350 2783 autem
365 2723 470 2783 multas
490 2726 603 2803 species
622 2726 721 2785 habet.
758 2726 820 2784 Aut
840 2726 918 2784 enim
938 2724 1056 2804 palliata
1075 2736 1131 2795 est,
1152 2739 1203 2783 aut
1223 2737 1333 2803 togata,
1352 2730 1397 2778 aut

253 2806 425 2875 tabernaria,
445 2818 495 2863 aut
509 2805 667 2877 Attellana,
682 2819 733 2864 aut
753 2807 868 2875 mimus,
889 2820 940 2864 aut
961 2805 1132 2875 rhintonica,
1153 2819 1204 2863 aut
1224 2800 1396 2883 planipedis.

252 2884 424 2963 Planipedia
444 2900 541 2944 autem
562 2887 648 2956 dicta,
667 2890 705 2945 ob
726 2886 919 2946 humilitatem
939 2887 1102 2965 argumenti
1123 2883 1196 2963 ejus,
1210 2907 1245 2944 ac
1260 2885 1396 2945 vilitatem

252 2981 393 3036 actorum,
414 2966 464 3043 qui
488 2987 546 3025 non
565 2968 706 3027 cothurno
728 2981 778 3025 aut
799 2989 885 3027 socco
906 2980 1028 3026 utuntur
1049 2968 1077 3024 in
1099 2987 1186 3025 scena
1206 2979 1257 3025 aut
1278 2963 1397 3044 pulpito,

252 3046 305 3105 sed
319 3046 406 3125 plano
421 3046 514 3125 pede:
536 3047 584 3106 vel
598 3048 665 3107 ideo
678 3048 758 3126 quod
772 3068 830 3107 non
843 3068 878 3107 ea
892 3049 1008 3126 negotia
1022 3047 1158 3116 continet,
1173 3069 1240 3125 quae
1263 3063 1396 3125 persona·

253 3148 318 3187 rum
340 3128 369 3185 in
390 3128 528 3196 turribus,
549 3142 601 3187 aut
621 3130 650 3187 in
672 3128 830 3187 coenaculis
849 3128 1044 3187 habitantium
1064 3142 1141 3198 sunt,
1160 3127 1213 3187 sed
1227 3128 1257 3186 in
1271 3126 1358 3206 plano
1370 3132 1397 3178 et

253 3205 356 3267 humili
376 3206 450 3267 loco.
494 3208 644 3269 Personati
665 3210 751 3287 primi
771 3210 865 3287 egisse
886 3209 1022 3268 dicuntur
1042 3208 1215 3268 comoediam
1234 3208 1353 3267 Cincius
1370 3213 1396 3258 et

253 3288 402 3348 Faliscus:
427 3289 600 3368 tragoediam
614 3290 776 3349 ⁴Minutius
794 3303 824 3349 et
842 3290 1028 3349 Protbonius.
1070 3289 1210 3348 Omnium
1232 3303 1330 3348 autem
1351 3303 1395 3340 co·

253 3370 428 3429 moediarum
442 3371 551 3449 scripta
564 3393 601 3429 ex
617 3386 743 3448 quatuor
757 3373 845 3430 rebus
860 3372 976 3430 omnino
995 3384 1166 3441 sumuntur3
1187 3370 1313 3436 nornine,
1327 3366 1395 3428 locor

253 3452 340 3521 sacto,
363 3466 479 3510 eventu.
529 3450 662 3519 Nomine,
685 3465 718 3510 ut
745 3452 893 3522 Phormio,
918 3450 1046 3529 Hecyra,
1071 3450 1225 3529 Gurgulio,
1247 3446 1394 3529 Epidicus.

253 3530 344 3601 Loco,
359 3544 392 3589 ut
406 3532 528 3601 Andria,
543 3532 698 3603 Leucadia,
713 3532 906 3592 Brundusina.
949 3532 1049 3602 Facto,
1064 3546 1097 3591 ut
1111 3532 1283 3603 Eunuchus,
1298 3526 1396 3587 Asina-

253 3612 305 3682 ria,
321 3612 449 3691 Captivi.
490 3613 617 3683 Eventu,
631 3612 873 3683 Commorientes,
888 3612 1025 3691 Adelphi,
1041 3612 1394 3673 Heautontimorumenos·

254 3692 473 3752 Comoediarum
492 3694 594 3753 formae
614 3707 683 3752 sunt
704 3706 773 3763 tres,
792 3693 928 3774 palliatae,
944 3693 1082 3753 Graecum
1103 3694 1234 3752 habitum
1257 3692 1394 3751 ferentes:

254 3795 326 3852 quas
341 3773 471 3833 nonnulli
486 3776 662 3834 tabernarias
678 3789 792 3834 vocant.
826 3774 959 3852 Togatae,
971 3774 1060 3853 juxta
1074 3775 1196 3833 formam
1211 3782 1395 3852 personarum

253 3856 384 3914 habitum
400 3870 532 3933 togarum
547 3855 756 3915 desiderantes.
785 3855 951 3924 Attellanae,
967 3855 1076 3914 salibus
1090 3868 1120 3913 et
1129 3854 1206 3932 jocis
1221 3849 1392 3935 compositae,

254 3956 321 4014 quae
335 3936 364 3994 in
379 3957 410 3994 se
424 3956 483 3995 non
497 3936 605 3995 habent
618 3938 672 3995 nisi
687 3950 832 3996 vetustam
851 3936 1033 4014 elegantiam.
1077 3935 1231 3994 Comoedia
1245 3948 1341 3994 autem
1354 3926 1393 3983 dl·

254 4016 364 4075 viditur
386 4017 415 4074 in
436 4028 561 4093 quatuor
581 4030 688 4095 partes,
708 4018 872 4095 prologum,
884 4019 1024 4095 protasio,
1039 4017 1172 4094 epitasin,
1187 4010 1392 4089 catastrophen·

253 4095 397 4175 Prologus
413 4112 457 4155 est
472 4097 566 4177 prima
579 4098 679 4167 dictio,
694 4119 712 4156 a
725 4098 839 4157 Graecis
853 4098 946 4157 'dicta
959 4105 1099 4175 rpo'hoyoc,
1114 4097 1212 4167 idest,
1227 4089 1394 4155 antecedtn³

253 4198 353 4237 veram
374 4177 482 4237 fabulae
503 4180 744 4258 compositionem
766 4178 902 4239 elocutio.
944 4178 1018 4258 Ejus
1039 4179 1152 4257 species
1172 4191 1298 4255 quatuor
1318 4180 1394 4231 sunt:

283 4388 294 4421 ⁴
307 4392 420 4439 Minutiru
432 4398 455 4439 et
469 4388 616 4455 Protlroniru]
633 4390 681 4441 Mt.
694 4392 809 4462 minuties
874 4390 884 4420 ⁸
896 4392 968 4438 Dicta
978 4386 1110 4451 πρόλογος]
1121 4388 1170 4437 Ma.
1179 4388 1250 4437 Dicta
1258 4387 1346 4451 apin&
1355 4368 1392 4423 di·

248 4458 422 4505 etProthiraur.
446 4454 474 4505 L.
841 4469 892 4513 νος.
916 4453 945 4503 L.
1047 4509 1050 4518 Ι
1111 4511 1117 4519 .
1310 4491 1312 4494 .
1384 4476 1388 4492 .
