2834 4759
259 202 343 273 mviii
558 201 747 262 VICTOR
773 194 835 261 DE
864 195 1113 261 COMOEDIA.

259 335 360 392 beret:
387 330 487 403 altera,
503 330 608 390 d'extr'a
626 330 746 401 scilicet,
760 331 830 390 huic
849 332 993 409 proxima,
1006 330 1085 391 illius
1104 350 1169 389 esse
1190 328 1334 395 consuevit,
1345 328 1381 387 cui

259 426 357 491 partes
372 411 513 471 darentur
526 412 682 472 secundae:
704 412 801 477 tertia,
815 412 942 481 sinistra,
957 411 1004 470 vel
1021 412 1148 471 maxime
1163 412 1264 480 tenuis,
1277 422 1321 468 aut
1331 408 1381 467 nul·

258 492 316 552 lius
329 506 394 551 erat
406 512 549 571 personae,
564 492 611 553 vel
625 492 788 553 desolatum
802 492 922 571 aliquod
935 492 1092 553 simulabat
1105 490 1252 551 sacellum.
1282 491 1319 549 At
1328 488 1382 547 reli·

263 594 386 650 quarum
400 574 505 633 dextra
519 594 570 633 eos
583 574 717 633 emittere
730 574 852 641 solebat,
868 575 919 651 qui
932 594 995 633 non
1006 576 1043 632 ab
1057 575 1139 643 urbe,
1150 572 1202 631 sed
1215 570 1321 631 aliunde
1328 590 1383 647 pro·

259 655 476 714 flciscerentur:
499 654 616 713 sinistra
629 676 700 713 vero
716 669 826 723 contra,
841 667 987 733 quotquot
999 655 1142 722 venirent,
1157 655 1281 713 urbanos
1293 652 1381 729 produ·

261 738 355 796 cebat.
397 736 446 795 Ab
467 736 522 795 hac
543 734 590 813 (ut
609 735 750 811 arbitror)
771 735 834 814 ejus
855 736 964 794 fabulae
985 736 1091 794 chorus
1111 733 1230 812 prodire
1247 732 1383 798 consuerit,

261 838 328 893 qnae
348 815 458 875 salibus
475 816 609 895 jocisque
623 816 733 875 referta
745 836 809 875 esse
823 816 982 875 videretur.
1018 816 1148 894 Quippe,
1162 814 1242 892 quod
1254 814 1337 873 facete
1351 810 1384 869 di·

261 897 345 966 citur,
360 895 487 955 solemus
501 898 645 956 urbanum
659 896 815 975 appellare.
846 897 957 956 Verum
971 898 1009 957 ab
1023 896 1123 965 altera,
1139 896 1163 955 si
1177 896 1297 955 rusticos
1306 892 1385 951 fabula

261 979 431 1048 contineret,
446 977 572 1055 quadam
586 998 698 1047 severa,
718 978 858 1056 gravique
879 977 1065 1056 simplicitate
1086 978 1193 1036 chorus
1214 976 1385 1035 emittebatur.

260 1058 379 1117 Etenim
393 1076 443 1117 eos
457 1060 640 1137 potissimum
654 1058 780 1117 rusticos
791 1079 940 1127 vocamus,
955 1058 1006 1135 qui
1024 1078 1140 1135 semper
1158 1058 1284 1116 obducto
1303 1074 1385 1132 soper-

260 1139 327 1199 cilio
351 1139 470 1199 facetias
493 1152 675 1199 aversantur.
718 1138 806 1198 Unde
831 1138 1003 1199 Palamedes
1030 1139 1110 1217 apud
1136 1138 1336 1197 Philostratum
1358 1136 1386 1193 ab

261 1218 376 1278 Achille
390 1220 496 1279 dicitur
510 1224 687 1297 ἀγριώτερος,
700 1221 837 1298 quoniam
850 1233 884 1279 ut
897 1234 960 1279 erat
974 1220 1104 1297 undique
1117 1237 1247 1289 severus,
1258 1219 1286 1276 in
1296 1215 1387 1277 daliois

260 1300 348 1361 etiam
363 1299 434 1358 nihil
449 1300 579 1361 haberet.

301 1381 461 1451 Caeterum,
485 1382 555 1441 licet
578 1381 670 1441 multa
693 1382 754 1441 sint
780 1401 888 1459 genera
914 1382 1060 1450 tibiarum,
1085 1396 1183 1440 tamen
1208 1380 1269 1439 duo
1293 1396 1388 1437 scenam

260 1462 444 1540 potissimum
458 1462 691 1539 frequentabant,
702 1462 839 1521 videlicet
852 1462 1006 1540 Phrygiae:
1029 1483 1151 1539 quarum
1162 1460 1306 1520 nonnulla
1319 1456 1388 1517 modo

261 1542 384 1613 dextrae,
403 1543 493 1602 modo
512 1544 639 1603 sinistrae
659 1545 854 1621 ponebantur.
896 1543 1030 1610 Dextrae,
1053 1564 1121 1619 quae
1142 1543 1273 1601 foramen
1292 1540 1388 1600 unicum

259 1624 417 1683 baberent:
439 1624 574 1691 sinistrae.
585 1644 651 1701 quse
665 1624 782 1683 duobus
793 1636 890 1683 essent
900 1624 1090 1683 foraminibus
1105 1624 1262 1683 distinctae.
1290 1621 1389 1697 Quippe

261 1704 380 1763 Servius
396 1703 560 1763 Varronem
579 1718 705 1773 secutus,
721 1706 794 1763 duas
816 1706 942 1782 impares
956 1724 1096 1763 cavernas
1118 1702 1315 1783 hujuscemodi
1327 1699 1390 1759 tibiis

260 1785 351 1843 fuisse
371 1798 502 1855 testatur,
519 1806 553 1844 ac
570 1785 714 1845 foramina
730 1784 864 1844 totidem·
907 1785 994 1844 Unde
1009 1784 1152 1864 Virgilius
1168 1805 1268 1844 earum
1287 1782 1390 1841 biforem

261 1880 378 1925 cantum
402 1865 538 1943 appellat,
564 1880 721 1944 propterea
744 1866 825 1943 quod
852 1886 957 1944 graves
981 1878 1012 1925 et
1039 1881 1141 1925 acutas
1164 1867 1327 1924 emitterent
1348 1878 1391 1939 pro

262 1947 389 2005 tibicinis
413 1946 534 2005 arbitrio
554 1948 763 2007 voculationes.
806 1947 917 2006 Alteras
939 1960 1008 2007 sunt
1030 1947 1171 2015 Serranae,
1197 1946 1240 2005 sic
1259 1938 1391 2022 (arbitror)

261 2026 424 2104 appellatae,
435 2028 572 2105 quoniam
588 2030 624 2086 iis
637 2027 792 2087 saltatores
803 2041 833 2085 et
846 2028 979 2106 proferre
989 2040 1020 2088 et
1034 2029 1144 2086 referre
1156 2026 1262 2104 pedem
1276 2024 1392 2085 connum

257 2107 440 2186 juberentur,
460 2128 518 2167 non
540 2128 623 2167 secus
648 2123 735 2185 atque
755 2122 893 2177 sectores,
908 2110 957 2185 qui
981 2128 1062 2167 serra
1083 2108 1187 2167 adacta
1207 2108 1310 2187 partiri
1327 2104 1393 2181 ligna

261 2202 412 2247 conantur.
454 2189 605 2266 Siquidem
620 2188 778 2268 Pompeius
798 2190 840 2247 ait
858 2209 969 2248 serram
992 2189 1023 2248 id
1047 2188 1180 2267 praelium
1204 2188 1264 2247 dici
1283 2208 1336 2264 qno
1347 2186 1393 2242 fre·

261 2282 384 2345 qnenter
404 2270 481 2328 acies
503 2283 532 2328 et
553 2270 692 2329 accedere
713 2282 744 2328 et
770 2269 909 2329 recedere
933 2269 1050 2329 soleret
1106 2269 1165 2329 Hae
1192 2289 1307 2347 semper
1327 2274 1394 2324 erant

260 2350 394 2419 sinistrae,
415 2360 567 2428 paresque,
582 2351 612 2410 id
632 2364 685 2422 est,
702 2350 829 2428 aequales
849 2351 999 2409 cavernis:
1021 2350 1203 2429 proindeque
1223 2369 1321 2428 parem
1338 2364 1396 2404 con·

262 2442 388 2500 centum,
404 2446 522 2491 acutum
536 2431 648 2491 scilicet
661 2430 844 2500 emittebant,
858 2431 1105 2509 quemadmodum
1119 2431 1241 2489 Servius
1254 2429 1330 2489 baud
1342 2446 1394 2505 pet·

260 2511 349 2590 plexe
370 2513 510 2591 scripturn
535 2512 663 2590 reliquit.
707 2510 907 2572 Veruntamen
926 2511 1087 2571 Diomedes
1105 2512 1190 2571 tibias
1209 2532 1296 2591 pares
1309 2523 1338 2569 et
1354 2508 1397 2565 im·

259 2612 345 2671 pares
366 2592 482 2653 videtur
502 2614 625 2653 numero
639 2592 782 2653 definire:
804 2593 883 2670 quod
903 2592 1040 2670 equidem
1060 2612 1119 2651 non
1140 2591 1229 2651 video
1250 2612 1299 2652 cur
1320 2586 1398 2669 possit

261 2672 394 2734 admitti:
418 2694 483 2733 nam
500 2688 598 2751 paret
615 2675 709 2752 impar
730 2672 870 2751 qualitate
884 2674 946 2733 fere
960 2694 1076 2753 semper
1090 2674 1234 2752 accipitur
1254 2694 1274 2733 a
1291 2668 1397 2731 Intinit·

262 2752 409 2833 Exemplo
423 2755 532 2815 sithoc
546 2755 735 2826 Ovidianum‚

506 2848 558 2903 Par
569 2857 625 2903 erat
636 2848 749 2903 inferior
759 2864 862 2903 venus.

261 2936 301 2995 Et
316 2936 388 2995 illud
404 2936 598 3015 Virgiliannm

507 3030 668 3085 Formosum
680 3030 790 3101 paribus
802 3030 890 3086 nodis.

262 3102 308 3163 Ac
323 3102 396 3162 sslud

679 3181 771 3253 Impar
783 3200 944 3253 congressus
956 3182 1062 3238 Achilli.
1127 3209 1131 3216 .

261 3269 320 3327 Sed
342 3290 401 3347 quo
425 3270 541 3329 tandem
556 3290 620 3329 sum
644 3271 789 3329 incuriose
811 3271 982 3349 digressus?
1004 3270 1107 3349 Egone
1127 3284 1162 3329 ut
1176 3292 1285 3352 magna
1300 3266 1402 3330 nomint

261 3349 451 3429 sugillaremf
473 3350 608 3419 Minime,
620 3352 644 3409 si
658 3372 756 3410 meum
769 3352 841 3411 mihi
855 3353 924 3409 vitre
936 3352 1101 3411 institutum
1112 3354 1304 3431 permanebit.
1330 3350 1402 3414 Quo·

261 3432 338 3489 circa
360 3452 394 3489 ne
416 3432 499 3490 nobis
520 3431 631 3509 aliquid
652 3432 807 3509 Eupolidis
825 3433 986 3492 infortunio
1000 3433 1094 3491 simile
1109 3434 1271 3513 contingat,
1284 3432 1402 3513 perfecto

256 3511 318 3590 jam
334 3514 417 3591 operi
430 3514 646 3591 paragraphum
661 3512 746 3572 stilus
760 3512 899 3572 obducat.

259 3802 317 3863 DE
328 3802 602 3873 FABULARUM,
612 3803 837 3873 LUDORUM,
846 3804 1161 3874 THEATRORUM,
1171 3796 1402 3866 SCENARUM,

302 3914 352 3969 AC
372 3911 620 3969 SCENICORUM
638 3912 817 3980 ANTIQUA
835 3913 1147 3981 CONSUETUDINE,
1166 3912 1369 3977 efflamus,

259 4072 300 4111 EX
315 4070 433 4111 OF'l'lbssS
446 4071 628 4111 AUCTORIBUS
641 4072 816 4123 constemus,
827 4072 868 4111 AD
879 4073 1002 4113 comtos
1016 4071 1151 4113 Heliam!
1165 4068 1402 4116 trt'rxtuntrtwb

374 4168 525 4208 PRAEOIPUE
540 4168 735 4208 contestatus
749 4169 782 4208 lrt
793 4168 930 4208 onerum
944 4170 1093 4209 STUDIOSAE
1107 4170 1303 4211 Juvsnrurts.

262 4262 429 4339 Nasonem
453 4278 682 4338 existimandum
705 4292 753 4337 est
775 4279 910 4355 cuiquam
933 4282 1057 4358 postbac
1081 4282 1254 4343 familiarem
1279 4281 1402 4341 Plautum

261 4372 312 4416 aut
330 4357 501 4417 Terentium
520 4359 668 4431 futurum3
692 4380 853 4438 eorumque
867 4361 1001 4421 intimum
1015 4363 1182 4433 artificium,
1192 4362 1336 4423 orationis
1348 4360 1402 4419 cm

261 4453 416 4509 racterem,
431 4452 518 4517 atque
533 4454 726 4513 venustatem,
742 4441 855 4518 aliaque
876 4442 906 4501 id
922 4463 1016 4521 genus
1033 4443 1119 4523 plura
1135 4464 1312 4521 quemquam
1331 4442 1402 4521 plant
