2834 4759
283 207 343 268 DE
372 203 558 268 METRIS
588 207 939 270 TERENTIANIS.
1120 211 1188 271 laist

56 340 418 476 ffwssdfflff‘quffimss’
438 338 477 398 ad
495 338 652 399 Menandri
671 359 804 399 normam
817 339 924 399 Groece
943 339 1082 410 scribere,
1097 359 1186 418 quarn

92 431 142 476 tine
231 433 341 478 ereum.

269 563 325 629 De
339 565 462 630 Mettis
476 566 510 630 in
524 566 658 652 Lingua
672 575 786 631 nostro
800 564 943 629 usitatis.

85 665 232 724 Enimvero
253 687 305 746 par
325 680 355 727 et
375 689 493 747 aequum
507 681 561 738 est,
577 683 610 728 ut
624 669 747 728 eandem
768 669 882 728 veniam
902 668 1051 727 veteribus
1071 668 1184 729 Latinis

53 745 147 814 demus,
161 767 248 824 quarn
263 748 411 808 hodiernis
426 750 474 826 qui
490 747 613 828 Anglice
628 749 761 809 scribunt
772 750 869 828 poetis
883 749 1088 809 concedimus:
1109 771 1183 828 quo·

51 847 104 884 runs
116 847 197 886 nemo
211 840 267 898 est,
281 831 329 888 cui
343 851 403 889 non
417 830 611 908 indulgemus,
626 843 660 889 ut
677 829 797 908 syllabis
816 828 961 889 interdum
974 829 1068 908 longis
1081 845 1185 892 contra

51 906 159 965 indolem
172 909 280 985 rythmi
294 909 360 970 loco
373 911 507 970 brevium
522 924 632 970 utatur.
667 909 745 970 Nam
759 923 793 970 ut
804 911 901 970 Latini
915 911 1012 970 omnia
1024 925 1184 972 metrorum

50 1007 141 1064 genera
159 988 196 1048 de
219 988 336 1049 Graecis
359 1003 553 1070 acceperunt;
584 993 625 1050 ita
646 1004 791 1051 nostrates
812 1012 866 1051 sua
889 991 926 1050 de
948 990 1071 1052 Latinis.
1113 991 1184 1059 Quo

49 1069 127 1146 magis
140 1083 184 1128 est
196 1069 357 1131 dolendum
378 1085 466 1151 atque
485 1072 704 1152 indignandum,
715 1071 777 1150 jam
797 1093 816 1131 a
836 1071 928 1131 literis
949 1073 1058 1131 renatis
1076 1093 1184 1151 pueros

49 1147 169 1226 ingram
184 1152 221 1209 ad
236 1151 392 1230 dactylica,
406 1153 486 1232 quod
496 1173 589 1232 genus
602 1154 697 1232 patria
709 1153 809 1231 lingua
822 1173 882 1212 non
893 1153 1007 1232 recipit.
1018 1153 1183 1224 ediscenda,

48 1228 126 1320 serula
138 1232 307 1310 sentinaque
321 1235 405 1310 cogi:
427 1233 602 1300 Terentiana
616 1253 686 1292 vero
701 1248 802 1305 metra,
818 1255 886 1372 <puna
904 1233 984 1292 domi
998 1247 1095 1293 tamen
1109 1248 1139 1294 et
1154 1235 1184 1294 in

49 1312 126 1368 trariis
146 1313 303 1372 inscientes
323 1315 380 1393 ipsi
401 1316 550 1385 cantitant,
566 1315 771 1393 magistrorum
796 1335 882 1393 cupa
901 1315 1018 1394 penitus
1039 1315 1182 1392 ignorare.

49 1389 208 1452 Trochaicns
231 1407 423 1454 tetrametrus
441 1395 636 1468 catalecticus,
650 1410 685 1454 ut
704 1395 853 1465 Terentio,
871 1395 914 1455 ita
929 1397 1111 1455 nostratibus
1124 1396 1183 1455 fre-

49 1473 238 1546 quentissimus
252 1488 317 1534 est:

73 1563 130 1636 'ligo
140 1567 183 1622 illa
244 1569 322 1636 estis,
357 1573 461 1637 sacrm,
475 1571 569 1634 tristis,
650 1569 757 1640 pireus,
771 1569 896 1623 truculen
957 1567 1013 1633 tus,
1027 1577 1118 1624 tenax.

74 1635 196 1710 Hippyis
241 1659 257 1695 e
357 1640 472 1713 country
484 1641 530 1696 lile
542 1641 611 1696 blest
650 1639 718 1694 with
729 1648 840 1695 content
852 1638 925 1711 good
957 1639 1028 1694 heth
1041 1643 1085 1694 an’
1098 1658 1166 1696 case.

48 1721 95 1860 Qlui
113 1727 288 1800 trochaicus,
312 1730 399 1788 unius
420 1729 540 1807 syllabae
562 1729 737 1800 accessione,
761 1727 812 1788 fiet
831 1729 973 1789 iambicus
994 1740 1183 1790 tetrametrus

48 1823 63 1880 p
73 1826 130 1864 enus
140 1830 147 1866 :

47 1895 124 1954 lhrice
133 1901 224 1976 hippy
235 1905 261 1958 is
278 1905 284 1976 Ι
298 1903 346 1959 ths
358 1903 473 1977 cotintry
482 1903 528 1959 lise
542 1903 549 1977 Ι
563 1905 633 1960 blsst
644 1903 712 1958 with
722 1911 834 1958 content
849 1901 855 1976 Ι
869 1901 941 1976 good
952 1903 1044 1958 hetlth
1055 1908 1100 1959 an'
1112 1922 1182 1960 casa

49 1985 110 2052 Quin
121 2005 149 2050 et
160 1993 310 2062 iambicus
330 1992 378 2052 ille
393 1999 581 2068 καταληπικὸς,
594 1993 734 2052 Terentio
750 1991 876 2052 multum
889 2005 920 2052 et
932 1993 1038 2052 merito
1058 2008 1182 2064 amatus,

48 2071 106 2144 apud
117 2087 234 2133 nostros
249 2094 370 2151 quoque
384 2075 413 2134 in
426 2095 530 2153 magna
543 2075 638 2154 grstia
651 2087 713 2133 est:

72 2161 257 2222 Nsmsirernit
299 2176 358 2222 tent
370 2170 435 2238 quip
455 2169 508 2222 iarn
675 2165 864 2222 Philumenam
982 2167 1097 2224 dolores.

71 2231 128 2290 lle’s
140 2237 267 2310 decently
299 2255 352 2293 run
360 2187 482 2310 throigh
492 2237 539 2294 the
550 2239 640 2309 lungs,
656 2174 662 2308 l
675 2237 728 2293 aud
740 2237 839 2292 therc's
851 2256 886 2292 an
897 2236 950 2293 end
983 2243 1009 2292 o'
1022 2238 1114 2311 nnny.

46 2319 130 2401 licque
143 2347 212 2386 sero
228 2328 412 2388 Bacchiacus
426 2328 557 2387 Terentii
570 2329 679 2387 nostris
694 2329 822 2386 intactus
835 2342 898 2387 est:

99 2419 246 2476 Adhchr
280 2421 367 2498 chylts
397 2423 485 2478 utead
518 2423 605 2478 solent
635 2439 731 2493 uaeque
765 2419 881 2491 opo'rtet.

98 2490 140 2544 All
146 2491 195 2564 jdy
207 2501 238 2546 to
260 2427 266 2556 i
280 2503 357 2564 great
394 2496 468 2547 aesar
517 2493 584 2564 long
595 2440 652 2557 liis,
664 2493 727 2546 love
745 2420 750 2552 i
763 2489 817 2546 and
829 2491 960 2562 pleisnre.

45 2571 172 2638 Creticum
187 2581 254 2660 ejus
269 2602 390 2660 quoque
402 2581 502 2660 lingua
515 2596 615 2641 nostra
629 2581 766 2640 facillime
779 2580 926 2639 admittit:

98 2670 226 2728 Tintave
317 2673 446 2729 c6rdisin
503 2674 641 2820 ynitacui
806 2691 887 2746 quam
898 2673 1001 2730 utsiet.

99 2741 129 2796 '0
139 2744 184 2800 the
197 2753 282 2800 swest
317 2745 433 2817 country
443 2745 490 2800 lile
522 2745 591 2801 blest
602 2742 668 2799 with
680 2744 773 2800 hcalth
804 2745 940 2815 peicean'
954 2763 1021 2800 ease.

43 2825 157 2908 Denique
177 2847 208 2892 et
229 2833 306 2893 illud
327 2849 462 2904 metrum,
486 2834 565 2912 quod
586 2835 616 2893 in
639 2835 730 2912 epicis
752 2845 783 2892 et
804 2835 928 2893 heroicis
946 2834 1008 2914 jam
1029 2835 1080 2894 diu
1101 2835 1180 2914 apud

42 2927 166 2972 nostrates
182 2935 310 2991 regnum
325 2917 446 2984 obtinet,
461 2917 498 2975 ab
517 2915 642 2974 iambico
662 2928 794 2974 veterum
814 2915 927 2974 senario
945 2916 1106 2994 profluxitr
1128 2937 1179 2975 ne·

42 2994 157 3053 esitare
183 2996 299 3076 linguae
327 3010 445 3065 nostrae,
474 3017 540 3074 quae
568 3009 630 3056 tota
656 2995 866 3074 monosyllabis
896 3009 1009 3056 scatens
1037 3019 1180 3057 caesuram

43 3075 131 3132 senarii
143 3097 210 3136 raro
224 3077 365 3148 admittit,
381 3079 530 3155 quinarius
545 3077 656 3136 iactus:

127 3167 247 3242 Though
260 3171 337 3242 deep,
351 3180 397 3243 yet
410 3172 497 3236 clean
514 3169 520 3239 Ι
536 3169 642 3241 though
653 3169 754 3242 gentle,
767 3178 812 3241 yet
824 3178 874 3224 not
885 3169 951 3226 dall

42 3250 106 3389 risinic
124 3257 223 3352 infine
246 3274 366 3320 sextum
384 3261 512 3320 iambum
532 3280 664 3338 apponc3
687 3271 719 3317 ct
732 3255 882 3338 extemplo
895 3259 1018 3320 habebis
1034 3261 1179 3320 senarium

64 3351 233 3401 erenttanum
245 3363 254 3400 :

128 3430 248 3506 'lhongh
260 3435 337 3506 deep,
351 3443 397 3506 yet
409 3435 480 3488 clear
491 3434 597 3505 though
611 3433 617 3507 Ι
632 3434 732 3505 gdntle,
746 3442 793 3505 yet
803 3442 853 3489 not
865 3434 940 3507 dully
951 3437 1026 3491 slow.

43 3511 147 3612 Rursus,
162 3525 186 3582 si
206 3526 247 3584 ab
267 3525 324 3583 hoc
346 3523 496 3602 Euripidis
521 3523 643 3594 senario,
665 3525 716 3601 qui
737 3524 849 3602 primus
869 3526 998 3584 omnium
1019 3528 1049 3584 in
1069 3525 1179 3584 Oresta

42 3614 56 3650 s

58 3615 117 3671 ‘¹¹¹¹‘
182 3692 246 3744 Hxh
259 3711 353 3762 ηκρων
367 3689 551 3760 xenophanem
565 3687 661 3744 ormi
674 3693 768 3755 πυλας,

43 3773 130 3845 pedem
150 3782 341 3841 novissimum
362 3783 498 3850 auferas;
521 3783 685 3860 quinarium
702 3781 765 3860 jam
779 3783 910 3854 habebis,
933 3784 1179 3862 perfectissimum

44 3851 162 3918 hodierni
175 3864 272 3922 nostri
285 3863 361 3942 epici
374 3862 524 3942 exemplar
537 3884 543 3920 :

266 4011 274 4024 .
321 3966 382 4018 Harl
396 3986 491 4036 νεκρων
524 3963 654 4034 κευθμώνα
668 3963 708 4017 καὶ
723 3963 828 4018 osmod.

129 4033 248 4109 Th0ugh
260 4037 337 4109 deep,
351 4047 396 4110 yet
409 4035 489 4102 cleis,
525 4037 630 4108 though
641 4038 742 4108 gentle,
755 4048 801 4109 yet
811 4046 861 4092 not
873 4038 939 4094 dull.

45 4120 72 4178 ln
83 4125 202 4204 Anglico
215 4141 313 4186 tamen
325 4129 382 4185 hoc
399 4137 483 4186 notes
502 4127 599 4196 velim,
615 4140 675 4187 tres
694 4128 821 4205 syllabas
835 4128 980 4205 positione
996 4126 1099 4204 longas
1112 4127 1177 4189 loco

45 4201 159 4264 brevium
182 4209 264 4286 poni.
307 4207 365 4266 Eas
386 4221 418 4267 tu
439 4219 550 4286 postea,
574 4220 604 4267 et
624 4228 711 4284 quam
725 4208 873 4267 Deukome
894 4209 1008 4266 veniam
1031 4210 1178 4281 concedis,

46 4281 166 4346 Terentio
193 4309 294 4366 neges.
336 4288 572 4366 Persectissimum
596 4303 693 4348 sutem
718 4289 862 4367 ecernpiar
886 4287 953 4348 ideo
978 4289 1112 4366 appello;
1145 4307 1179 4351 ut

47 4367 124 4438 poetis
137 4371 325 4439 nostratibus,
346 4369 451 4448 ingenii
470 4389 538 4428 sane
557 4389 698 4448 venasque
712 4369 856 4439 felicibus,
871 4368 924 4427 sed
941 4369 1114 4430 eruditionis
1132 4373 1178 4430 in-

49 4446 148 4510 terdurn
165 4449 298 4520 modicis,
312 4451 382 4526 quid
396 4450 529 4511 hodierni
549 4451 634 4529 epici,
649 4471 709 4528 quo
729 4451 857 4510 numeris
870 4452 1005 4511 omnibus
1025 4450 1178 4511 absolutus
