2834 4759
209 142 274 209 588
649 138 924 210 TERENTII
1190 142 1316 226 [iterus
1332 160 1366 205 v.

210 274 342 343 uoNant
354 292 460 363 neque
480 275 533 343 ille
555 276 619 343 hoc
639 277 746 343 eninm
766 278 829 343 erit
849 286 988 355 etatem,
1002 296 1112 362 neque·
1124 273 1230 362 polam
1245 274 1367 341 eadem

318 375 399 441 ictuc
411 385 526 441 etate..
953 408 956 417 =

217 529 226 537 .
255 472 320 540 Βε.
338 473 423 548 Quis
444 474 479 539 id
494 476 561 538 ait?
600 474 664 539 LA.
680 474 819 540 Socrue..
850 473 914 539 BA.
931 472 1053 541 Mene?
1090 473 1155 539 LA.
1172 472 1366 559 Teipeam:

321 586 355 637 et
367 572 465 637 filiam
479 574 616 639 obduxit
631 596 739 639 suam:

220 709 226 723 .
258 670 466 756 Puerumque
478 673 603 738 obeam
617 692 684 736 rem
699 670 900 748 clamvol'uit,
910 681 1004 736 natus
1016 672 1072 755 qui
1087 680 1148 749 eet,
1160 671 1368 755 extinguere.

258 768 322 833 BA.
334 768 436 834 Aliud
446 771 472 833 si
486 770 611 848 scirem,
621 772 677 855 qui
686 770 815 835 firmare
823 792 927 835 meam
941 769 1029 854 apud
1042 790 1099 833 ros
1113 790 1243 854 possem
1253 768 1368 844 fidem,

221 910 226 919 ·
240 900 245 911 ·
257 866 408 933 Sanctius
423 890 520 953 quam
529 869 770 954 jusjurandum,
786 868 820 932 id
835 866 1006 953 pollicerer
1020 870 1090 946 tibi,
1107 866 1230 945 Lache,

214 964 318 1031 atMe
330 978 537 1051 segregatum
550 966 715 1045 habuisse,
731 988 866 1032 uxorem
881 976 918 1031 ut
932 967 1037 1045 duxit,
1052 990 1073 1031 a
1085 988 1136 1031 me
1148 964 1368 1051 Pamphilum.

258 1064 323 1131 LA.
341 1064 469 1150 Lepida
482 1087 538 1129 es:
561 1065 620 1129 aed
635 1066 713 1130 scin’
727 1065 806 1151 quid
821 1064 893 1130 volo
908 1066 1017 1151 potius
1032 1065 1128 1130 sodes
1143 1065 1267 1130 facim?
1300 1064 1368 1128 Bu.

234 1184 238 1190 ’
322 1163 414 1238 Quid
428 1164 499 1228 visi
522 1162 614 1229 cedo.
1389 1174 1392 1179 '

259 1262 322 1327 Lu.
339 1261 409 1328 Eas
424 1263 467 1328 ed
482 1261 632 1327 mulieres
645 1261 713 1328 huc
726 1264 822 1341 intro,
832 1272 930 1347 atque
945 1262 1028 1327 istnc
1038 1262 1269 1348 jusjurandum
1281 1261 1370 1326 idem

259 1357 438 1427 Polliceare
452 1358 532 1425 illis:
555 1360 652 1445 exple
666 1362 869 1439 animumiis,
886 1372 983 1445 teque
996 1361 1059 1427 hoc
1074 1363 1206 1427 crimine
1219 1362 1355 1447 expedi.

248 1548 288 1594 20.
300 1546 362 1593 Naar
378 1560 448 1607 aeque
463 1546 503 1593 illc
518 1546 559 1591 boc
569 1548 644 1593 calmo
658 1547 704 1593 erit
714 1551 772 1593 ata·
805 1542 951 1609 pronunciat
967 1558 1049 1603 tenex,
1066 1544 1135 1607 quati
1154 1544 1196 1607 qui
1213 1544 1289 1603 dicut,
1310 1548 1371 1594 nm

215 1610 273 1673 ιεεε]
286 1612 454 1675 AEtutcn,pro,
464 1608 642 1672 tamdiuquam
653 1608 725 1673 longa
737 1620 774 1657 εει
805 1626 900 1673 quorum
911 1626 986 1658 rerum
997 1616 1022 1657 tu
1032 1616 1119 1659 ccccc!
1136 1610 1170 1658 Et
1180 1610 1232 1658 btec
1247 1610 1329 1659 oratio
1340 1610 1371 1658 de

214 1684 281 1723 ειεε.
309 1676 389 1737 Neque
407 1676 448 1737 pol
467 1682 492 1721 tu
513 1677 591 1722 eaden
614 1678 673 1722 t'etac
691 1672 774 1737 aetote]
805 1674 837 1721 iic
848 1684 892 1732 εει,
908 1674 996 1736 quibus
1010 1675 1161 1723 ostendimur
1173 1690 1302 1739 noapoeee
1313 1690 1370 1739 gra-

215 1741 304 1801 Σχῆμε
314 1738 391 1798 λόγον
400 1736 493 1795 raam:
510 1738 579 1802 priua
587 1746 678 1787 atatem
686 1739 772 1788 edver-
806 1738 869 1788 viter
880 1754 1000 1797 accusare,
1012 1739 1054 1788 ted
1065 1739 1138 1787 nolle.
1161 1740 1192 1789 D.

215 1803 290 1863 bium,
300 1812 325 1852 et
335 1801 456 1867 posteriue
468 1818 563 1853 nomen.
588 1804 708 1852 D.—Erit
719 1812 774 1853 ctu-
839 1805 877 1851 23.
890 1806 964 1853 Aliud
978 1806 1000 1851 εἰ
1013 1807 1101 1863 scirem,
1117 1808 1158 1868 qui
1168 1804 1279 1869 firme]
1296 1804 1372 1861 Mire,

216 1868 273 1931 ιιει]
291 1870 323 1917 'rb
340 1876 431 1917 atatem
446 1868 472 1917 in
491 1876 549 1917 rett.
568 1867 626 1917 libb.
639 1879 664 1917 et
682 1868 730 1917 Με.
743 1868 774 1917 Β.
807 1869 865 1917 dum
881 1867 1025 1931 querttquo
1041 1870 1124 1917 firmet
1139 1870 1219 1927 fldem,
1231 1869 1308 1919 flde-
1325 1870 1373 1919 nbi

215 1934 332 1987 omicaum
344 1944 388 1987 est.
409 1933 573 1982 L-AEtcteat
585 1932 648 1982 male
664 1934 733 1983 abest
748 1932 775 1982 in
807 1932 936 1995 acquisivit
950 1943 1022 1997 atque
1033 1934 1168 1999 adscripsit.
1188 1937 1260 1996 Apud
1270 1952 1310 1984 out
1318 1952 1373 1997 pec-

214 1999 311 2049 noetrie
334 1999 364 2046 B.
806 2015 852 2047 rem
858 1995 940 2061 fldem]
957 1998 1088 2048 Beneaat:
1105 1998 1202 2062 quiret
1216 2002 1254 2047 bic
1265 2000 1337 2058 dicit,
1348 2011 1374 2048 et

248 2066 287 2113 21.
301 2063 358 2117 Quia
369 2065 395 2111 id
408 2060 475 2125 citt]
488 2063 546 2111 Non
556 2061 722 2125 interrogatio,
734 2062 777 2112 ced
808 2080 891 2111 socrus.
905 2063 1046 2127 D.-Lege,
1052 2079 1124 2113 νει-ευ
1132 2064 1186 2129 ipao
1191 2065 1305 2127 jubente,
1314 2068 1375 2115 ΑΗ

215 2130 287 2178 firma
304 2127 401 2192 negatio
418 2138 462 2176 εει
488 2128 545 2182 Qut't
561 2130 588 2177 id
604 2127 671 2191 citt]
694 2129 779 2183 Quum
808 2131 927 2177 usuram
951 2129 980 2177 B.

215 2194 281 2243 dicat
289 2208 372 2249 senex,
385 2194 462 2242 Meam
472 2194 671 2254 receptaafib'um:
687 2192 777 2241 mirum
842 2194 881 2241 ta
894 2196 1000 2242 &actius
1018 2211 1086 2257 quart
1098 2193 1281 2258 jcrjurcndcn]
1302 2194 1372 2243 Bene

216 2270 254 2309 est
270 2258 336 2308 illam
354 2258 442 2315 dicere,
461 2257 519 2312 Quis
531 2260 559 2307 t'd
568 2262 624 2307 ott?
640 2256 683 2307 aed
694 2258 725 2306 ab
737 2274 776 2306 ec-
809 2257 868 2307 dum
879 2258 946 2307 eliud
956 2258 1013 2322 agit,
1025 2259 1099 2308 etiem
1109 2274 1237 2334 personum
1243 2275 1373 2309 commen·

215 2338 326 2373 curatore
346 2322 511 2372 testimonium
533 2321 625 2385 quterit.
660 2322 695 2371 Et
715 2322 777 2371 bene
809 2322 857 2371 dut.
886 2322 952 2372 Nam'
960 2339 1009 2372 non
1020 2334 1058 2373 εει
1068 2323 1136 2381 leura,
1149 2340 1202 2387 quae
1210 2324 1373 2387 jurejurando

215 2391 258 2446 cit,
270 2388 338 2451 qumi
350 2403 452 2436 vanumz
469 2387 505 2435 aic
522 2387 587 2435 enirn
604 2386 714 2446 dicimua,
727 2390 776 2443 Au.
809 2386 871 2435 nihil
882 2387 989 2437 sanctiue
1000 2388 1067 2437 aciat
1079 2388 1199 2451 Sanctius]
1210 2388 1327 2439 Firmius.
1341 2391 1372 2439 D.

215 2457 261 2511 uio,
278 2454 309 2502 de
324 2454 397 2502 rebus
416 2451 557 2515 nugatoriis.
591 2455 649 2504 Quia
666 2455 692 2499 td
709 2450 776 2514 atrt]
842 2454 933 2501 utro
947 2462 1091 2517 segregatum
1101 2453 1219 2517 babuisse]
1239 2454 1310 2503 Bono
1321 2456 1372 2519 sig·

217 2517 345 2567 Moraliter
356 2516 778 2579 meremixmimafecitomnicquae
810 2516 910 2567 nificatu
923 2534 967 2567 ura
984 2530 1036 2567 eet:
1054 2519 1122 2581 quati
1139 2519 1192 2583 ipen
1208 2518 1260 2567 brec
1279 2520 1372 2569 lecerit

216 2583 243 2631 in
254 2582 360 2631 medium
371 2597 448 2631 εειιεει
457 2581 574 2630 contulit:
593 2593 618 2630 et
633 2582 679 2630 toli
694 2582 777 2631 intcn-
811 2582 843 2631 Et
852 2583 914 2631 bene
924 2592 1084 2647 segregatum.-
1095 2584 1219 2633 nonenim
1230 2585 1374 2647 dujcamn

216 2648 285 2705 tioni,
298 2648 384 2698 Meum
399 2657 510 2711 receptus
526 2646 604 2695 filiunt
620 2646 651 2695 ad
666 2657 691 2695 te
702 2645 775 2695 Pam·
808 2656 850 2696 aut
859 2650 1004 2709 repudiatum
1012 2648 1110 2713 proprie
1117 2649 1222 2697 diceret:
1240 2648 1272 2698 εἰ.
1281 2650 1372 2699 Donet.

233 2712 323 2761 hilum:
341 2710 403 2768 Quia
418 2714 508 2759 t‘dm'tt
523 2710 657 2776 respondit.
680 2710 783 2776 Socrur]
808 2712 879 2770 intra,
899 2728 921 2760 v.
943 2714 964 2762 2.
985 2715 1024 2762 30.
1064 2716 1159 2763 verm
1180 2722 1207 2762 at
1228 2713 1310 2777 ducit]
1343 2718 1373 2764 Ut

216 2729 456 2839 lerribiliter,quati
469 2792 522 2840 qute
540 2775 646 2825 maxime
664 2776 734 2835 aciat,
752 2790 777 2825 et
808 2777 949 2827 adverbium
966 2788 1003 2827 eet
1015 2778 1138 2841 temporit,
1154 2794 1199 2843 pro
1215 2796 1243 2827 ec
1263 2796 1315 2843 qao.
1341 2780 1373 2829 D.

217 2858 271 2906 qum
282 2842 387 2891 maxime
397 2840 484 2890 doleat.
505 2840 571 2904 Ergo
581 2850 606 2889 et
617 2840 693 2889 oculis
704 2851 729 2890 et
739 2840 775 2889 la·
808 2842 864 2890 -N
868 2859 881 2890 e
893 2842 1010 2891 iambicus
1026 2842 1058 2893 eit
1074 2843 1139 2893 inter
1157 2844 1302 2904 trocheium,
1316 2845 1374 2895 tolle

217 2908 268 2957 bria
294 2906 485 2956 renunciandum
496 2917 540 2954 εει.
555 2908 778 2967 Etfllicraobdurit
808 2904 1001 2971 illudpriusate.
1025 2908 1053 2957 B.

215 2924 774 3036 ml-Addiditudpertonamtettiaetfacta:
841 2972 879 3021 26.
899 2974 989 3034 Lepida
1006 2972 1044 3037 er]
1066 2974 1147 3022 Senex
1168 2988 1225 3022 cum
1244 2974 1376 3023 meren-ire

218 3037 275 3101 quia
294 3036 375 3085 minut
392 3036 506 3084 idoneum
525 3034 659 3094 videbatur,
681 3051 778 3085 socrum
810 3035 919 3099 loquens,
937 3052 966 3087 eo
980 3038 1062 3101 potina
1078 3038 1176 3087 nomine
1190 3037 1374 3096 leuderiteem,

217 3102 308 3151 dirime
319 3102 350 3150 de
359 3100 459 3166 pellice:
472 3110 497 3149 et
505 3099 577 3149 timul
588 3099 695 3149 ostendit
700 3116 777 3164 quan·
810 3118 859 3164 quo
871 3102 1010 3151 meretrices
1026 3103 1106 3152 colent
1120 3102 1222 3161 laudari,
1236 3120 1311 3167 quam
1328 3120 1376 3169 qno

218 3176 303 3231 tepere
315 3166 362 3215 hoc
375 3165 617 3214 animadvertendum
633 3166 672 3224 eit,
684 3182 717 3214 ex
730 3181 780 3228 quo
811 3166 1016 3217 matresfamiliae:
1033 3168 1069 3217 cic
1085 3178 1113 3217 et
1124 3183 1204 3232 cupro,
1216 3184 1294 3232 quum
1305 3174 1376 3219 εἐεεί-

218 3241 292 3281 tentur
299 3229 432 3279 turbaeaint
439 3230 572 3279 concitatur.
590 3233 696 3279 Abducit
701 3230 779 3294 mcor]
813 3240 860 3279 tum
871 3247 897 3280 te
908 3231 1007 3290 diceret,
1016 3233 1135 3281 rationem
1145 3233 1237 3291 hebuit,
1245 3249 1303 3296 qum
1312 3246 1377 3285 ειει

218 3298 329 3353 Abducit,
340 3293 446 3359 proprie.
463 3298 556 3343 Arcerrt'
572 3295 637 3343 enim
649 3295 739 3344 dicitur
750 3296 781 3345 ad
813 3312 868 3345 curn
902 3312 934 3345 ue
951 3297 1096 3361 loqueretur.
1108 3301 1166 3347 -Sed
1182 3301 1239 3347 tcla'
1251 3303 1311 3362 quid
1329 3304 1377 3349 ule

219 3360 347 3409 maritum:
364 3362 448 3407 abduci
463 3374 478 3407 ε
493 3360 624 3409 mnritoad
640 3360 780 3409 divortium.
809 3313 900 3424 palluel
918 3362 984 3410 Hinc
1000 3361 1157 3413 deliberativa
1172 3362 1269 3427 incipit.
1293 3364 1376 3429 Sedet]

219 3424 261 3473 Sic
270 3424 357 3487 Virgil
369 3424 426 3472 AEn.
439 3439 463 3472 x.
476 3424 515 3474 79.
530 3432 554 3473 ει
562 3428 659 3487 gremiis
669 3428 781 3475 abducere
813 3424 841 3475 Si
858 3426 940 3483 audeo,
960 3426 982 3475 ti
1000 3427 1044 3477 vit.
1069 3426 1200 3477 D.-lllud
1223 3432 1258 3477 cb
1277 3445 1335 3479 cum
1352 3446 1376 3479 et

215 3493 318 3553 pactast
336 3490 461 3541 n-cm
472 3493 507 3537 ait
516 3488 589 3553 boet]
602 3488 657 3538 Jum
670 3490 781 3553 negantis
813 3490 893 3539 cernui
911 3502 937 3540 ει
953 3492 1035 3541 censui
1051 3492 1164 3557 cuper-tit,
1182 3504 1248 3545 recte
1261 3494 1376 3545 nmen·

218 3565 263 3612 eat,
284 3554 349 3618 quod
364 3554 484 3602 intentato
502 3550 600 3618 (intento
623 3554 663 3613 Ζ.)
683 3554 781 3604 crimini
811 3554 943 3605 delendum
954 3556 1175 3606 caaeexistimuvit.
1198 3558 1228 3607 Β.

219 3619 335 3683 queritur
352 3619 429 3668 teatin.
459 3619 581 3668 Sedcum
597 3618 676 3667 dicttu
696 3630 781 3669 auctor
845 3621 884 3672 27.
904 3624 954 3670 Eur
970 3624 1128 3671 adnutum
1149 3626 1193 3671 buc
1212 3623 1290 3687 inno]
1320 3626 1376 3675 Non

218 3695 263 3745 εει,
275 3682 363 3747 adjecit
374 3694 543 3747 argumentum
557 3683 780 3748 adprobationem,
813 3685 877 3734 dixit
896 3686 927 3735 ad
943 3702 1029 3735 cccrum
1048 3696 1073 3737 ει
1092 3687 1124 3736 ad
1141 3704 1240 3747 wareau,
1257 3690 1375 3740 terribilia

219 3750 283 3814 quod
299 3748 374 3798 lilium
390 3748 492 3797 abduxit
502 3764 579 3807 cuam,
597 3750 661 3811 quod
677 3764 781 3813 puerum
813 3750 913 3799 nomina
928 3762 954 3799 ει
973 3750 1072 3801 inimica
1089 3752 1236 3803 meretricie·
1248 3755 1295 3803 aed
1313 3756 1376 3819 quod

219 3816 251 3865 ob
270 3829 324 3864 etun
343 3830 394 3863 rem
416 3812 479 3861 clam
500 3824 583 3861 natum
601 3813 678 3862 voluit
697 3815 778 3862 extin-
811 3814 882 3864 sacilc
899 3826 942 3873 εει,
961 3820 993 3865 od
1010 3818 1122 3867 muttem.
1150 3818 1190 3867 Sic
1209 3816 1278 3877 olibi,
1297 3824 1376 3869 untur

218 3896 301 3945 guero.
314 3878 486 3943 Purpurionem
494 3878 608 3927 eumitex
613 3880 780 3941 jurejurando,
812 3883 903 3929 mulieri
913 3886 987 3945 magt-t
997 3886 1109 3945 congrait.
1138 3882 1171 3931 Et
1182 3898 1213 3931 ne
1222 3884 1298 3949 longe
1310 3886 1374 3935 ride·

217 3947 286 3995 aliud
294 3948 412 3993 stauretur.
430 3942 480 3991 Hic
492 3943 567 4007 (Hinc
579 3942 780 4005 Z.)jamdelibe-
813 3956 888 4003 retur,
900 3945 993 3995 eddidit
1004 3950 1048 3995 tac
1061 3950 1130 3995 ἰειτο.
1156 3951 1233 4011 Atque
1248 3954 1311 3999 ictae
1323 3952 1376 4013 ‚itre-

218 4010 298 4066 rutivu
313 4008 356 4057 illc
371 4008 452 4071 imago
471 4019 514 4057 εει.
540 4008 663 4057 Promittit
679 4008 779 4071 quidem
805 4009 946 4073 jurandum]
961 4010 990 4059 ld
1002 4021 1046 4067 est,
1057 4013 1123 4075 quod
1135 4022 1162 4061 tu
1173 4012 1234 4061 mihi
1244 4014 1374 4078 pollicem·

218 4074 268 4132 illu,
281 4084 306 4122 ει
317 4085 488 4122 commemorat
499 4089 611 4136 magnam
627 4072 719 4122 socient
736 4074 779 4123 bc·
812 4074 853 4123 rie.
879 4076 1018 4125 D.-1*¹orte
1034 4075 1080 4141 leg.
1098 4086 1166 4141 atquc
1186 4082 1240 4127 istic
1250 4079 1374 4142 ΜΝ·

219 4138 383 4189 nevolcnticm
401 4136 454 4199 (ced
470 4146 631 4195 momentorct,
648 4155 691 4187 aon
709 4140 781 4187 εὶὶειε
813 4142 866 4188 duat
886 4144 945 4189 idem
959 4138 964 4205 Ι
978 4143 1120 4199 Pollicearet
1145 4144 1218 4193 illim
1237 4148 1306 4206 euple
1327 4148 1375 4193 aei·

212 4202 295 4267 secere
312 4206 372 4251 illud
387 4206 526 4251 meretricem
544 4201 584 4263 Z.)
603 4212 659 4267 poet
674 4203 781 4269 nuptiea,
813 4222 881 4262 mum,
894 4214 967 4268 teque,
979 4214 1021 4255 etc.
1044 4206 1072 4255 B.

220 4266 278 4331 quia
293 4268 372 4331 turpis
391 4278 429 4315 εει
445 4268 510 4332 apud
529 4278 632 4332 nuptam
646 4268 782 4318 meretricie
847 4272 885 4317 28.
897 4273 972 4332 Explc
986 4275 1085 4321 carim
1096 4274 1139 4329 itit,
1151 4279 1216 4335 teque
1233 4276 1275 4322 boc
1285 4278 1377 4324 amiur

219 4333 267 4383 ista
278 4332 397 4396 purgatio.
420 4332 448 4380 1².
813 4335 906 4398 expedi]
925 4338 1032 4397 capere,
1049 4351 1094 4400 pro
1110 4340 1237 4395 cciueaire,
1250 4338 1376 4389 Terentie-

252 4400 291 4447 22.
305 4398 448 4461 Puerum
467 4399 495 4445 ob
513 4415 563 4447 eun
585 4396 644 4461 reat]
669 4398 782 4463 licerio
814 4415 873 4449 nunt
882 4410 928 4451 eet.
946 4403 1062 4464 Expedite
1073 4402 1170 4463 dicitur,
1182 4403 1223 4467 qui
1235 4404 1375 4468 pedem-re·
