2834 4759
228 154 295 219 566
683 152 962 221 TERENTII
1230 154 1367 239 [rcrvst.

275 289 354 353 Seni
369 288 476 354 fidelis
492 289 569 353 dum
585 310 667 366 sum,
683 289 833 374 scapulas
848 290 988 375 perdidi.

274 387 343 452 Da.
360 387 491 452 Venere
505 390 539 451 in
553 399 692 453 mentem
707 388 785 451 mihi
799 388 906 453 istaec:
931 410 1005 454 nam
1019 410 1094 473 quoe
1107 388 1232 453 inscitia
1247 398 1305 463 est,

274 486 463 551 Advorsum
477 486 640 551 stimulum
654 486 781 553 calceat
820 486 887 551 Ga.
903 486 999 571 Coepi
1014 487 1052 551 iis
1068 488 1174 551 omnia

271 584 405 662 Facere,
420 587 556 670 obsequi
570 610 645 671 quae
657 586 787 651 vellent.
827 585 897 650 Da.
912 586 1009 650 Scisti
1023 587 1072 651 uti
1086 586 1168 651 foro.

231 694 264 741 80
275 682 342 747 Gn.
359 684 485 749 Noster
498 684 574 749 mali
587 684 666 749 nihil
679 686 851 769 quicquam
866 685 987 769 primo:
1011 683 1064 750 hic
1078 684 1233 749 Phaedria

273 781 436 847 Continuo
450 783 613 867 quandam
627 794 743 847 nactus
759 794 809 847 est
824 780 998 867 puellulam

273 878 529 947 citharistriam:
552 880 637 947 hanc
652 903 760 946 amare
774 881 875 964 coepit
890 880 1030 965 perdite.

273 976 328 1041 Ea
343 978 505 1044 serviebat
518 978 628 1045 lenoni
641 980 876 1066 impurissimo:

274 1074 405 1162 Neque,
421 1079 511 1161 qnod
526 1078 669 1156 daretur,
684 1080 876 1162 quicquam3
898 1078 932 1142 id
948 1086 1101 1143 curarant
1115 1088 1249 1163 patres:

230 1192 262 1239 at
275 1176 438 1243 Restabat
452 1175 541 1241 aliud
556 1176 647 1254 nihil,
663 1178 724 1241 nisi
740 1176 850 1243 oculos
865 1198 1012 1262 pascere,

264 1328 511 1388 wne-itidentidem
521 1325 795 1391 ran]0pportuneeent
826 1336 851 1375 te
867 1336 997 1390 oporteret.
1026 1326 1163 1375 D.-Sct'stt'
1177 1323 1291 1389 etism]
1309 1323 1371 1373 intel-

230 1394 301 1452 dixit,
313 1404 341 1443 ut
354 1392 466 1441 ostendat
477 1406 549 1453 qoam
566 1392 667 1441 stultum
682 1392 723 1449 sit,
740 1392 793 1441 seni
825 1390 1232 1456 laniatiquidteoporteatlacere.
1257 1390 1286 1439 Ε.

230 1460 347 1508 adversus
354 1459 459 1519 juvenes
470 1456 566 1504 fidelem
578 1472 638 1505 esse.
671 1460 792 1517 Senifide·
858 1458 896 1505 30.
909 1458 994 1505 Noster
1010 1460 1065 1505 nott
1081 1459 1140 1504 artu
1154 1454 1289 1518 qemqnnsr]
1307 1456 1372 1510 Qun·

231 1527 325 1572 &dan
335 1520 397 1583 sarr]
415 1524 490 1569 Fran
500 1530 538 1569 est
548 1522 655 1570 amicus:
667 1524 746 1582 fidelis
755 1532 793 1571 est
825 1531 877 1569 tum
899 1519 1025 1583 παρέλκον.
1070 1520 1106 1569 Ut
1127 1520 1153 1569 iu
1177 1521 1297 1584 Hecyrae
1324 1522 1373 1566 Nn

230 1604 322 1637 servus
356 1589 466 1648 Scapulae
480 1584 586 1649 perdidi]
606 1586 665 1635 Plus
683 1596 721 1634 est
739 1604 792 1647 per-
825 1604 888 1634 sterno
903 1590 994 1635 abacta
1009 1590 1134 1649 quisqam,
1150 1588 1215 1643 seito,
1233 1589 1267 1633 od
1282 1593 1303 1634 te
1317 1588 1372 1632 mit

230 1656 288 1709 didi,
311 1666 384 1715 quarn
405 1650 426 1699 si
448 1650 549 1708 dicerer,
570 1652 639 1699 dolet
674 1651 708 1699 Et
730 1652 792 1701 bens
824 1652 910 1699 Noster
925 1654 980 1699 molt
996 1654 1055 1699 ortt
1070 1649 1203 1714 quicquain]
1230 1653 1315 1699 Noster
1328 1646 1372 1707 mir

229 1714 597 1779 retulitperdt'dirpdsrdfldelis.
626 1715 792 1765 Fidelisenirn
824 1713 1008 1774 ὄπιδιαστολὴν
1024 1715 1153 1764 Phaedriae:
1177 1714 1222 1777 qui
1239 1730 1288 1763 non
1305 1725 1373 1762 nmter

230 1782 337 1831 officium
356 1790 400 1838 est,
423 1794 520 1828 servm
537 1778 636 1856 aliquid.
672 1781 792 1834 D.—Sent
823 1791 867 1829 est.
905 1783 984 1829 Primo
1000 1784 1037 1829 ltr'c
1049 1778 1172 1842 Pltndrr'o]
1191 1780 1262 1828 Bene
1279 1779 1373 1828 addimu

225 1843 440 1909 mindensem]
458 1845 525 1893 Dum
534 1860 590 1893 sent
606 1845 679 1893 fidem
695 1857 792 1910 praesto,
822 1850 914 1907 primo.-
930 1845 1047 1908 quianon
1059 1854 1184 1909 perpetuo.
1211 1843 1244 1892 D.

230 1922 259 1961 ut
270 1910 376 1961 monitor
392 1924 581 1975 perseverarem,
594 1910 731 1975 vapulando
741 1929 792 1959 ecc·
858 1912 897 1958 al.
916 1912 1026 1959 condano
1037 1908 1162 1975 quadam]
1182 1908 1253 1959 Bane
1269 1912 1375 1957 mttere:

226 1978 405 2041 petmperdtdt
426 1974 634 2029 E.-Quiaambo
642 1973 792 2025 senesillum
825 1974 947 2038 quasit-ix
959 1974 1138 2040 exspectaverit
1152 1974 1327 2037 profectionem
1341 1986 1375 2037 pa·

229 2041 373 2105 magistrum
385 2038 714 2105 filiisreliquerunt,repone
730 2044 791 2090 seni·
825 2040 876 2089 tris.
908 2037 1227 2101 Peellntnsrcitlrcn'rtrr'cn]
1242 2036 1375 2087 lstirnoni-

231 2108 395 2171 berprosent'.
419 2105 448 2153 B.
824 2104 896 2153 nibus
913 2104 1020 2167 hocagit
1032 2106 1171 2169 (toagtnr
1187 2104 1238 2153 Me
1258 2105 1287 2153 B.
1300 2114 1323 2151 et
1332 2100 1375 2149 edd

263 2171 302 2223 2⁷.
318 2174 403 2219 Vertere
413 2173 438 2218 r's
448 2177 543 2218 nentem
553 2172 618 2217 s'staee
627 2167 696 2232 uiti]
711 2171 792 2218 Venire
824 2170 903 2232 vett),
917 2180 944 2217 ut
955 2185 1027 2218 causa
1041 2170 1131 2218 amoris
1147 2177 1172 2216 et
1187 2184 1222 2217 ex
1232 2180 1312 2223 etate,
1321 2178 1343 2215 et
1352 2180 1376 2213 er

230 2240 256 2285 is
266 2245 368 2292 nentem,
379 2250 429 2283 non
440 2235 471 2282 ad
487 2233 679 2282 recordationem
696 2244 791 2283 tantum
824 2244 876 2282 arte
884 2233 972 2299 puellm
981 2234 1117 2283 rideretur:
1136 2248 1191 2281 nam
1201 2233 1261 2282 ideo
1268 2234 1376 2295 puellula

229 2300 333 2350 dicitur:
360 2300 403 2349 sed
419 2299 450 2347 ad
467 2298 645 2362 reputationem
660 2308 685 2347 et
700 2298 792 2347 intelli·
824 2298 893 2347 dixit.
919 2298 1235 2361 D.-Conts'nchnosdmn]
1248 2296 1375 2357 Benerdje·

229 2366 345 2429 gentiam.
374 2364 538 2413 D.-Irtscits'a
556 2372 598 2421 ert,
614 2367 733 2412 adversum
749 2368 793 2412 str'·
825 2363 980 2421 citcontt'nno,
998 2363 1176 2412 utsdolescena
1191 2364 1327 2413 absentiam
1341 2376 1375 2425 ps·

229 2429 327 2493 molan]
345 2429 444 2477 Etenim
461 2428 559 2477 inscitia
574 2437 619 2485 est,
635 2429 714 2477 calces
730 2429 793 2477 velle
825 2428 870 2477 tris
888 2429 1065 2491 quodammodo
1081 2438 1238 2492 exspectasse
1258 2429 1376 2479 videretur,

226 2499 327 2559 jactare,
339 2510 394 2543 curn
411 2493 524 2544 stimulus
539 2492 666 2542 imminet:
685 2504 710 2541 te
726 2494 792 2542 enim
824 2494 861 2542 uti
873 2493 898 2541 in
910 2492 1006 2543 delitias
1017 2508 1171 2555 amoremque
1182 2492 1234 2542 labi
1246 2502 1333 2557 posset.
1353 2490 1376 2537 li

229 2561 308 2623 magis
323 2558 426 2624 incipias
437 2558 572 2607 vulnerare·
601 2558 793 2607 E.-Bentleius
857 2560 896 2606 32
914 2562 999 2614 Amore
1017 2562 1086 2621 coeptt
1101 2557 1223 2621 perditus]
1243 2558 1342 2621 Legitur
1358 2564 1377 2602 rt

229 2636 309 2688 negat,
327 2623 453 2673 commode
472 2624 524 2671 hare
540 2623 614 2671 verba
629 2623 704 2672 tribui
721 2638 792 2687 posse
821 2626 919 2735 perdita
953 2624 987 2671 Et
997 2640 1074 2671 notare
1088 2626 1185 2685 perdite,
1197 2633 1228 2671 ut
1244 2634 1304 2687 puts
1319 2620 1377 2686 puel·

231 2688 369 2764 Daunoni,
382 2688 429 2737 nisi
437 2689 504 2763 §eta
519 2696 648 2763 namt,
659 2704 731 2736 senes
749 2690 791 2737 ab·
833 2686 897 2736 ulam
908 2696 934 2736 et
947 2688 1126 2763 citharistriatn.
1156 2687 1310 2737 D.—Asrore
1320 2687 1376 2746 cepit

229 2752 793 2880 ἴανὶκίξοὲαεζξαῗαὶῖξΐὲΐρωτέκίῐᾪᾝιῖῗ
821 2751 1171 2880 plddoedrfiieiirute'bldthliitorii]
1189 2816 1226 2867 Et
1241 2818 1347 2871 honeste.
1357 2826 1377 2861 et

229 2884 264 2933 tie
274 2883 389 2949 pertinet.
422 2881 471 2931 Sed
486 2880 560 2930 lectio
571 2898 666 2945 mque
682 2897 791 2947 pronon
822 2882 871 2931 cito
883 2880 951 2946 (scite
962 2882 1002 2945 Z.)
1014 2881 1077 2931 dixit
1086 2885 1205 2931 motem
1242 2885 1328 2932 Lenem
1341 2883 1376 2927 ire

228 2950 317 3013 qvaecb
324 2962 470 2997 consensum
478 2947 547 2995 codd
553 2947 705 3010 praeferrata
713 2946 790 2996 Bent-
818 2946 955 3010 purissimo]
967 2948 1000 2997 Et
1011 2962 1085 3011 quare
1097 2962 1145 2997 non
1157 2947 1246 2996 suisset
1256 2948 1342 2997 libera:
1357 2953 1377 2991 et

229 3014 361 3063 leiorecte.
381 3012 521 3061 ctnnui.
535 3014 556 3059 l.
569 3014 608 3060 40.
632 3012 660 3059 Z.
822 3014 891 3074 cujus
910 3012 996 3061 luisset
1015 3012 1118 3061 ancillas
1142 3023 1168 3060 et
1183 3012 1265 3075 qualis
1284 3008 1377 3060 hominis

262 3082 302 3127 23.
317 3082 440 3141 Namque
456 3081 549 3125 inscitia
564 3084 607 3135 ert,
617 3080 736 3125 admenta
747 3080 791 3126 sti·
822 3076 903 3136 fuerit,
915 3076 1097 3125 demonstravit.
1130 3078 1168 3125 lio
1184 3080 1300 3126 serviebat
1315 3074 1377 3123 lernr'

228 3147 313 3192 mian
331 3141 418 3205 calm]
441 3142 497 3189 lloc
517 3142 610 3190 dictum
628 3152 653 3189 et
670 3142 791 3205 superiori
822 3142 985 3205 inpar-terina]
999 3140 1091 3206 Magna
1106 3143 1254 3207 preparatio
1265 3142 1296 3190 ad
1307 3152 1377 3189 retum

228 3223 345 3321 3303..
355 3206 651 3334 ‘Jnli‘ididlill
668 3210 792 3333 iiim
823 3202 1376 3330 littltlttttttltzttllti

564 3290 580 3319 fl
717 3290 728 3319 6
757 3290 789 3321 ‘li

228 3338 297 3386 deest
306 3336 378 3394 enim,
381 3336 483 3398 jactare.
510 3338 630 3384 annulos
639 3352 683 3399 pro
691 3336 791 3385 domino
825 3335 920 3401 Inopia.
944 3338 975 3387 D.
1270 3286 1301 3337 pe

228 3401 382 3450 adolescente
393 3399 481 3464 posuit.
516 3400 608 3463 Colees]
624 3400 700 3449 Modo
711 3404 792 3460 calces,
856 3402 896 3451 84.
912 3402 1063 3449 Idcttrnrnsrt
1077 3400 1168 3464 muer]
1187 3400 1312 3466 Expedite
1322 3396 1376 3447 dixit

228 3482 279 3515 uon
295 3477 378 3530 partes
392 3466 490 3530 plantae,
502 3466 546 3513 sed
561 3465 730 3529 percussiones
746 3482 790 3530 pe·
822 3473 917 3529 putrer:
934 3465 1031 3515 sienim
1048 3476 1143 3530 patrem
1155 3468 1208 3528 eiua
1225 3476 1319 3515 tantiam
1330 3462 1375 3511 dix-

228 3532 288 3580 dum
305 3529 436 3595 plagasque
446 3530 574 3593 significat.
607 3530 689 3578 Aliter
704 3530 726 3576 V
729 3530 791 3593 irgil.
823 3530 897 3579 isset:
914 3530 940 3578 id
951 3532 1064 3587 restabat,
1076 3539 1104 3578 ut
1114 3530 1138 3578 ei
1154 3546 1200 3595 per
1215 3530 1298 3595 putrui
1311 3529 1376 3577 lilium

229 3596 317 3645 ΕΜ.
326 3595 628 3657 aassatenqneterttjan
634 3597 791 3644 miceDiorer.
824 3606 1020 3643 succurreretur:
1037 3595 1093 3643 ideo
1103 3594 1167 3643 dixit
1178 3598 1264 3644 ambos
1279 3610 1326 3643 non
1341 3593 1375 3639 ln-

229 3659 665 3723 1).-Aavommttmaten]zenon
680 3660 706 3707 iu
720 3660 790 3708 Prot.
823 3660 912 3709 buisse.
947 3660 1092 3721 D.-Neqtts
1115 3663 1174 3722 qaod
1195 3658 1304 3722 daretur]
1330 3657 1376 3705 uc

229 3724 287 3789 epis
298 3726 385 3788 nimpe
400 3722 528 3785 λακτίζειν.
542 3724 664 3773 dormian.
678 3724 790 3773 Marcell.
824 3734 868 3783 est,
882 3727 933 3787 jam
946 3724 1020 3788 (ean)
1036 3725 1143 3789 inopiam
1160 3724 1186 3772 in
1198 3724 1272 3773 domo
1282 3724 1375 3785 relique·

228 3793 553 3841 montaninccnlcr'trcre.
565 3789 659 3838 Charis.
667 3789 747 3837 lib.iv.
763 3790 790 3838 L.
823 3800 869 3849 rat,
881 3802 908 3838 ut
919 3790 983 3853 quod
995 3789 1047 3837 dari
1059 3800 1140 3852 posset
1150 3789 1243 3847 lenoni,
1255 3804 1303 3837 non
1313 3788 1374 3835 hebe-

262 3858 300 3905 29.
312 3858 383 3904 Scisti
394 3859 430 3903 ατί
438 3853 504 3917 foro]
520 3854 658 3903 Secundum
675 3854 731 3902 illos
747 3870 791 3903 ne·
823 3866 898 3903 retur.
932 3856 1084 3903 Curaversnt
1098 3854 1273 3917 ergoqusdam
1284 3852 1374 3914 diligen·

228 3922 368 3984 godamres,
378 3920 419 3983 qui
429 3930 486 3967 ante
496 3918 576 3967 locum
585 3918 733 3977 commercii,
741 3935 790 3968 non
824 3918 865 3975 tia,
874 3936 903 3967 ac
913 3920 1020 3967 lecerunt
1031 3935 1063 3967 ne
1079 3918 1184 3984 pecunia
1194 3920 1253 3968 filiis
1265 3918 1374 3979 relinque·

247 3985 397 4044 retentant,
414 3984 500 4047 quanti
519 3984 626 4033 vendant
643 4000 698 4047 quar
717 3984 791 4033 adve-
822 3994 891 4033 retur
902 3984 927 4033 in
939 3984 1018 4033 domo.
1041 3984 1071 4032 lt.

227 4002 306 4099 lunt:
324 4050 369 4099 sed
384 4050 517 4099 secundum
528 4064 650 4098 annonam
661 4049 706 4097 lori
719 4064 791 4112 quam
857 4051 896 4097 35.
908 4047 1155 4111 Nt'sr'ooulorpcseere]
1168 4048 1224 4097 Hoc
1233 4048 1299 4097 enirn
1307 4046 1374 4095 solun

227 4114 440 4178 deprehenderint,
458 4112 587 4163 consilium
605 4114 637 4162 de
657 4114 792 4163 vendendis
824 4124 884 4171 erat,
896 4113 1025 4177 quodleno
1037 4115 1218 4163 ncnrcnderet.
1238 4112 1373 4163 1).-ontu

227 4190 271 4227 sut
296 4194 345 4227 non
374 4180 509 4228 vendendis
535 4178 657 4227 mercibus
681 4188 789 4227 sumunt.
819 4177 928 4241 poscere]
942 4180 1040 4227 Sueton.
1053 4178 1079 4227 in
1092 4178 1174 4226 Vitell.
1187 4194 1240 4243 cap.
1256 4180 1292 4227 14.
1321 4174 1372 4223 Velle

228 4246 298 4293 Scisti
309 4248 344 4292 αὴ·
348 4242 417 4307 foro]
430 4248 513 4292 Forsan
524 4259 569 4309 pro
581 4243 658 4291 trihus
673 4242 790 4307 intelligi·
823 4260 854 4301 se,
866 4246 1144 4305 dicernpnseersoeslor.
1178 4243 1280 4293 Tacitus
1290 4240 1370 4290 Hister·

228 4320 282 4357 tor:
303 4306 364 4366 loco,
379 4320 497 4373 tempore.
512 4320 663 4421 stupescas.
697 4308 792 4367 Sciatis,
824 4308 859 4357 iii.
872 4310 911 4357 39.
939 4311 1076 4357 Auditoest
1092 4312 1217 4356 sanatum
1237 4309 1322 4357 Vrtellt's¹
1330 4319 1369 4357 cos·

228 4372 315 4436 inquit,
324 4372 363 4421 his
370 4373 423 4421 uti:
441 4383 513 4421 etest
562 4388 620 4436 gare
627 4372 792 4437 proverbium.
824 4390 875 4437 qna
887 4373 950 4436 (ipro
967 4376 1027 4422 enisa
1043 4376 1112 4421 aerbo
1128 4372 1237 4435 reserata)
1255 4390 1279 4421 ss
1292 4372 1369 4433 psalm

228 4440 322 4489 Sensus
337 4438 377 4487 hie
389 4448 433 4498 est,
451 4437 531 4499 Scisti,
542 4438 629 4502 inquit,
641 4438 700 4502 quid
711 4438 790 4489 lacere
822 4442 904 4499 melos,
910 4446 1013 4501 φοειαια
1021 4441 1109 4489 inimici
1115 4447 1192 4497 eoru,
1195 4439 1302 4503 jactarit.
1317 4436 1367 4485 An·
