2834 4759
224 186 258 250 iv
427 180 430 188 ’
646 184 950 254 PRAEFATIO.

227 336 405 421 denbrogio
424 348 481 401 eut
500 336 570 423 ejus
591 337 828 403 correctoribus
849 338 1008 425 neglectu,
1031 349 1237 419 servaretur3
1265 338 1380 405 ortho-

228 440 373 527 graphiae
396 440 535 525 denique
557 442 713 507 rationem
736 464 809 507 cum
829 444 863 507 iu
885 443 1018 529 singulis
1043 444 1169 523 litteris,
1192 443 1291 509 veluti
1317 453 1381 521 set,

229 553 321 629 aput,
337 544 506 621 accersivi,
524 552 585 609 etc.
605 554 673 609 tum
688 546 722 607 in
737 546 1021 630 compositionibus
1035 548 1218 625 verborum,
1231 546 1288 611 ubi
1302 546 1384 610 Lin-

229 646 444 731 denbrogium
473 644 617 732 aliosque
646 646 821 711 fluctuasse
851 650 1010 727 videbam,
1039 648 1246 727 stabiliorem,
1273 660 1308 713 et
1334 649 1384 711 rei

229 759 354 813 nuturae
383 748 574 834 Graeoaeque
596 748 716 834 linguae
741 749 896 835 analogiae
922 753 1213 817 convenientiorem
1239 752 1382 816 reddere

232 874 303 916 sum
316 862 462 929 conatus,
477 854 559 917 adeo
575 864 611 916 ut
626 876 655 916 v.
671 874 700 917 c.
716 873 778 937 pro
793 853 935 917 inridere
949 876 1140 939 reponerem
1155 855 1305 931 irridere,
1319 862 1382 917 etc.

232 953 290 1017 sed
315 954 408 1017 salvis
431 954 628 1033 archaismis,
652 976 734 1039 quos
756 953 900 1039 profanis
930 958 1078 1021 manibus
1104 956 1264 1040 attingere
1288 955 1384 1019 nefas

231 1057 405 1141 putebam3
428 1068 526 1141 atque
542 1059 668 1122 omnino
683 1076 810 1122 omnem
823 1079 933 1122 curam
952 1057 1213 1142 diligentiamque
1234 1058 1384 1133 adhibui,

231 1180 273 1223 ne
294 1158 365 1224 haec
386 1159 486 1223 editio
504 1170 775 1243 conspurcaretur
792 1161 887 1237 vitiis,
904 1183 976 1244 quae
990 1183 1050 1246 per
1068 1159 1216 1244 vulgares
1231 1160 1383 1225 mercede

232 1271 266 1325 et
287 1258 402 1325 lucello
424 1260 491 1325 fere
514 1283 614 1346 parvo
629 1261 807 1325 conductos
823 1274 1034 1340 correctores,
1050 1264 1106 1328 ubi
1121 1261 1204 1326 fides
1221 1263 1385 1347 quaedam,

233 1386 307 1448 quae
321 1363 494 1447 requiritur
509 1374 542 1428 et
558 1362 735 1448 diligentia,
755 1385 796 1427 ne
818 1365 898 1448 quid
920 1365 1050 1449 gravius
1072 1365 1188 1443 dicam,
1209 1365 1387 1430 admodum

233 1487 306 1529 rara
321 1464 586 1550 deprehenditur,
602 1465 764 1530 interdum
778 1467 1031 1546 committuntur,
1047 1478 1081 1531 et
1095 1468 1179 1532 adeo
1194 1468 1296 1532 virtus
1316 1468 1387 1532 edi-

233 1569 367 1645 tionum,
387 1590 482 1652 quem
503 1568 639 1651 primam
655 1567 780 1651 judico,
803 1566 936 1633 tollitur.
981 1568 1152 1634 Hactenus
1173 1569 1288 1648 deiis,
1310 1592 1387 1654 quae

234 1670 302 1735 fere
325 1671 430 1733 omnis
451 1692 516 1733 non
538 1669 599 1733 nisi
620 1670 662 1733 ad
684 1670 910 1754 repetitionem
920 1670 1218 1756 ‘Lindenbrogianae
1233 1672 1387 1737 editionis

234 1772 408 1857 pertinent.
454 1770 663 1855 Explicemus
685 1794 772 1838 nunc
793 1771 958 1858 deinceps,
980 1794 1055 1858 quae
1076 1785 1229 1859 tanquam
1242 1796 1329 1838 nova
1343 1773 1389 1838 illi

234 1884 451 1939 accesserunt.
496 1873 658 1937 Foernum
679 1874 810 1959 quidem
831 1873 917 1953 olim,
933 1886 967 1940 et
980 1886 1096 1961 postea
1110 1876 1294 1941 Bentleium
1309 1898 1386 1941 cum

234 1974 462 2041 intellexissem
475 1975 608 2040 multum
622 1974 820 2041 Terentiano
832 1978 937 2041 textui
947 1977 1149 2043 emendando
1163 1988 1197 2043 et
1211 1977 1389 2043 lectionum

232 2077 660 2143 'auctoritateconfirmando
673 2099 805 2162 operam
816 2078 964 2157 dedisse;
988 2080 1030 2143 ab
1044 2102 1107 2144 usu
1120 2078 1219 2165 hujus
1234 2080 1388 2145 editionis

236 2182 358 2258 critico,
374 2180 554 2266 praesertim
567 2178 766 2245 cummultae
781 2178 1015 2265 Lindenbrogii
1029 2193 1115 2247 notae
1132 2182 1272 2248 eundem
1293 2204 1389 2268 spec·

235 2294 316 2360 tent,
333 2304 398 2347 non
412 2282 549 2347 alienum
565 2282 655 2361 duxi,
671 2282 793 2367 ubique
806 2284 976 2368 utriusque
992 2286 1051 2349 viri
1066 2285 1256 2350 sententium
1270 2284 1388 2369 adjum-

236 2408 314 2470 gere
329 2411 337 2465 ;
378 2386 447 2463 sed,
470 2408 511 2449 ne
533 2385 616 2449 liber
636 2386 858 2470 magnitudine
872 2398 907 2450 et
921 2385 1115 2452 scholiorum
1129 2388 1217 2452 nube
1230 2386 1389 2453 molestus

235 2486 421 2565 lectoribus,
437 2500 470 2553 et
485 2487 568 2552 forte
582 2488 688 2572 pretio
701 2488 879 2552 emtoribus
896 2488 1117 2554 incommodus
1138 2489 1305 2567 existeret,
1325 2489 1389 2554 hoc

236 2600 490 2674 temperamento
504 2606 583 2655 xsuru
604 2612 696 2667 usus,
711 2600 749 2653 ut
770 2589 839 2654 fere
860 2591 968 2655 verbis
989 2593 1080 2669 meis,
1097 2592 1140 2656 ad
1159 2614 1227 2657 rem
1243 2593 1389 2668 brevius,

238 2692 325 2757 salva
346 2693 589 2778 perspicuitate,
610 2690 865 2777 significandam,
885 2693 1054 2777 utriusque
1070 2694 1129 2757 viri
1148 2695 1342 2760 sententiam
1357 2696 1390 2759 in

237 2795 462 2882 compendium
476 2794 668 2879 redigerem,
681 2805 716 2859 et
730 2794 786 2859 uni
800 2796 919 2859 nomini
933 2795 1108 2860 tribuerem
1123 2795 1281 2873 Bentleii,
1304 2796 1391 2862 adeo

237 2909 275 2962 ut
296 2898 389 2982 copie
410 2897 553 2963 locorum
575 2898 701 2973 omissa,
717 2906 752 2961 et
771 2898 944 2963 verborum
959 2897 1231 2984 formularumque
1245 2899 1392 2984 ambagi-

237 3000 300 3065 bus
318 2997 484 3076 detraotis,
503 3008 538 3063 et
555 2997 676 3063 crebris
691 2997 839 3082 ejusdem
852 2999 901 3063 rei
914 3000 1161 3085 repetitionibus
1175 3000 1293 3078 vitatis,
1309 3000 1391 3064 nihil

238 3102 490 3167 nisisententiae
515 3111 853 3186 argumentorumque,
877 3101 942 3167 sive
964 3126 985 3167 a
1007 3104 1154 3168 codicum
1182 3104 1391 3182 auctoritate,

240 3206 306 3269 sive
321 3204 415 3269 metri
430 3203 568 3288 legibus,
582 3202 647 3267 sive
660 3200 815 3287 loquendi
828 3224 901 3282 usu,
914 3215 948 3268 et
958 3203 1119 3291 elegantis
1134 3208 1288 3270 sermonis
1305 3229 1393 3271 sum·

238 3315 356 3385 torum,
374 3329 527 3371 suminam
543 3305 752 3391 spectandam
769 3307 1032 3391 sequendumque
1046 3307 1125 3372 mihi
1138 3330 1211 3373 esse
1226 3308 1392 3373 existima·

239 3430 319 3474 rem.
364 3409 445 3474 Etsi,
459 3410 558 3494 igitur
580 3430 644 3472 non
666 3409 859 3492 negaverim,
883 3407 1067 3474 Bentleium
1089 3431 1161 3475 cum
1180 3409 1259 3474 alias
1274 3412 1392 3475 tumin

240 3512 397 3577 Terentio
412 3512 604 3595 corrigendo
617 3510 781 3574 interdum
794 3509 893 3595 paulo
907 3512 1111 3577 audaciorem
1125 3513 1239 3590 videri,
1254 3512 1342 3579 ndeo
1356 3525 1393 3577 ut

240 3636 469 3699 nonnunquam
483 3614 538 3677 vir
552 3610 629 3676 mihi
644 3622 866 3697 temperarem,
882 3614 960 3698 quin
975 3614 1197 3680 contradicere
1212 3614 1391 3681 auderem:

242 3738 315 3783 cum
330 3728 437 3782 temen
450 3714 502 3781 ille
520 3725 554 3781 et
569 3736 686 3799 magna
707 3716 801 3800 copia
822 3714 976 3779 librorum
999 3718 1192 3802 scriptorum
1213 3738 1393 3803 eorumque

241 3820 545 3905 antiquissimorum,
561 3818 679 3902 quibus
700 3815 853 3901 Angliam
866 3819 900 3881 in
916 3818 1001 3881 omni
1015 3842 1134 3904 genere
1148 3820 1316 3884 abundare
1333 3821 1394 3884 du·

243 3922 320 3987 dum
341 3923 425 3986 inter
447 3942 557 3985 omnes
579 3929 717 3997 constet,
733 3919 831 3984 suerit
850 3920 1038 3998 instructus,
1054 3933 1089 3986 et
1102 3923 1181 4007 ipsis
1195 3920 1314 3986 Faerni
1329 3922 1394 3987 lec-

242 4026 383 4089 tionibus
404 4022 494 4087 haud
516 4022 758 4087 contemnendis
779 4022 912 4087 mirifice
933 4022 1077 4107 adjutus,
1093 4034 1127 4089 et
1146 4034 1306 4109 praeterea
1322 4026 1393 4110 ipse

242 4127 371 4211 ingenio
389 4125 571 4191 acutissimo
586 4122 887 4209 elegentissimoque
903 4135 1047 4202 ornatus,
1062 4148 1128 4191 non
1146 4127 1309 4211 ingratum
1329 4125 1394 4191 lec·

243 4232 306 4295 tori
328 4230 425 4295 docto
446 4252 495 4293 me
518 4227 633 4294 fecisse
656 4250 763 4312 spero,
782 4229 872 4313 quod
886 4226 957 4292 illas
972 4230 1174 4314 conjecturas
1190 4240 1224 4294 et
1237 4229 1393 4295 lectiones

243 4332 297 4398 hic
310 4331 529 4408 exhibuerim,
553 4332 734 4416 praesertim
748 4352 822 4397 cum
836 4352 907 4394 eam
920 4332 1112 4396 brevitatem
1128 4333 1249 4416 ubique
1269 4344 1395 4418 specta-

242 4456 409 4519 rem-qua
422 4434 474 4498 ad
496 4432 719 4498 summamrei
740 4434 997 4517 cognoscendam
1017 4433 1194 4500 lectoribus
1217 4456 1284 4500 uon
1309 4452 1392 4520 opus
