<?xml version="1.0" encoding="UTF-8"?>
<!DOCTYPE html PUBLIC "-//W3C//DTD XHTML 1.0 Transitional//EN"
    "http://www.w3.org/TR/xhtml1/DTD/xhtml1-transitional.dtd">
<html xmlns="http://www.w3.org/1999/xhtml" xml:lang="en" lang="en">
 <head>
  <title>
</title>
<meta http-equiv="Content-Type" content="text/html;charset=utf-8" />
  <meta name='ocr-system' content='tesseract 3.04.00' />
  <meta name='ocr-capabilities' content='ocr_page ocr_carea ocr_par ocr_line ocrx_word'/>
</head>
<body>
  <div class='ocr_page' id='page_1' title='image "./publiiterentiic01lindgoog/publiiterentiic01lindgoog_0056.png"; bbox 0 0 2834 4759; ppageno 0'>
   <div class='ocr_carea' id='block_1_1' title="bbox 410 166 1163 229">
    <p class='ocr_par' dir='ltr' id='par_1_1' title="bbox 410 166 1163 229">
     <span class='ocr_line' id='line_1_1' title="bbox 410 166 1163 229; baseline 0.003 -2"><span class='ocrx_word' id='word_1_1' title='bbox 410 166 474 227; x_wconf 79' lang='lat' dir='ltr'><strong>DE</strong></span> <span class='ocrx_word' id='word_1_2' title='bbox 495 166 761 229; x_wconf 71' lang='lat' dir='ltr'><strong>Tutanum.</strong></span> <span class='ocrx_word' id='word_1_3' title='bbox 1084 168 1163 229; x_wconf 81' lang='lat' dir='ltr'><strong>mi</strong></span> 
     </span>
    </p>
   </div>
   <div class='ocr_carea' id='block_1_2' title="bbox 38 294 1165 3221">
    <p class='ocr_par' dir='ltr' id='par_1_2' title="bbox 38 294 1164 1809">
     <span class='ocr_line' id='line_1_2' title="bbox 42 294 1163 376; baseline 0.01 -23"><span class='ocrx_word' id='word_1_4' title='bbox 42 294 320 371; x_wconf 59' lang='lat' dir='ltr'><strong>uum-amice:</strong></span> <span class='ocrx_word' id='word_1_5' title='bbox 337 296 417 374; x_wconf 91' lang='lat' dir='ltr'><strong>quod</strong></span> <span class='ocrx_word' id='word_1_6' title='bbox 435 312 483 357; x_wconf 84' lang='lat' dir='ltr'><strong>eat</strong></span> <span class='ocrx_word' id='word_1_7' title='bbox 503 296 800 376; x_wconf 78' lang='lat' dir='ltr'><strong>nltimumreiuginm</strong></span> <span class='ocrx_word' id='word_1_8' title='bbox 818 301 1163 376; x_wconf 56' lang='lat' dir='ltr'><strong>poammrlrdiwc</strong></span> 
     </span>
     <span class='ocr_line' id='line_1_3' title="bbox 42 376 1162 459; baseline 0.004 -24"><span class='ocrx_word' id='word_1_9' title='bbox 42 376 85 434; x_wconf 84' lang='lat' dir='ltr'><strong>ltut</strong></span> <span class='ocrx_word' id='word_1_10' title='bbox 96 391 143 445; x_wconf 79' lang='lat' dir='ltr'><strong>eat,</strong></span> <span class='ocrx_word' id='word_1_11' title='bbox 154 377 271 448; x_wconf 85' lang='lat' dir='ltr'><strong>nodum,</strong></span> <span class='ocrx_word' id='word_1_12' title='bbox 285 398 372 455; x_wconf 86' lang='lat' dir='ltr'><strong>quem</strong></span> <span class='ocrx_word' id='word_1_13' title='bbox 391 378 495 458; x_wconf 83' lang='lat' dir='ltr'><strong>ligarit</strong></span> <span class='ocrx_word' id='word_1_14' title='bbox 514 379 586 457; x_wconf 80' lang='lat' dir='ltr'><strong>ipae,</strong></span> <span class='ocrx_word' id='word_1_15' title='bbox 601 379 715 439; x_wconf 80' lang='lat' dir='ltr'><strong>noluere</strong></span> <span class='ocrx_word' id='word_1_16' title='bbox 729 398 789 439; x_wconf 92' lang='lat' dir='ltr'><strong>non</strong></span> <span class='ocrx_word' id='word_1_17' title='bbox 808 392 918 459; x_wconf 76' lang='lat' dir='ltr'><strong>potent,</strong></span> <span class='ocrx_word' id='word_1_18' title='bbox 930 392 962 438; x_wconf 83' lang='lat' dir='ltr'><strong>et</strong></span> <span class='ocrx_word' id='word_1_19' title='bbox 974 398 1037 439; x_wconf 85' lang='lat' dir='ltr'><strong>tem</strong></span> <span class='ocrx_word' id='word_1_20' title='bbox 1056 398 1162 458; x_wconf 83' lang='lat' dir='ltr'><strong>parum</strong></span> 
     </span>
     <span class='ocr_line' id='line_1_4' title="bbox 41 456 1164 539; baseline 0.004 -23"><span class='ocrx_word' id='word_1_21' title='bbox 41 456 142 533; x_wconf 75' lang='lat' dir='ltr'><strong>provide</strong></span> <span class='ocrx_word' id='word_1_22' title='bbox 163 459 308 529; x_wconf 61' lang='lat' dir='ltr'><strong>nutarit.</strong></span> <span class='ocrx_word' id='word_1_23' title='bbox 349 458 426 519; x_wconf 83' lang='lat' dir='ltr'><strong>Nam</strong></span> <span class='ocrx_word' id='word_1_24' title='bbox 451 474 577 529; x_wconf 78' lang='lat' dir='ltr'><strong>eoeteroe.</strong></span> <span class='ocrx_word' id='word_1_25' title='bbox 601 480 669 539; x_wconf 76' lang='lat' dir='ltr'><strong>quae</strong></span> <span class='ocrx_word' id='word_1_26' title='bbox 692 460 734 519; x_wconf 91' lang='lat' dir='ltr'><strong>ibi</strong></span> <span class='ocrx_word' id='word_1_27' title='bbox 753 460 928 519; x_wconf 75' lang='lat' dir='ltr'>adhibentur</span> <span class='ocrx_word' id='word_1_28' title='bbox 949 460 1103 529; x_wconf 71' lang='lat' dir='ltr'><strong>unehine,</strong></span> <span class='ocrx_word' id='word_1_29' title='bbox 1123 460 1164 521; x_wconf 82' lang='lat' dir='ltr'><strong>td</strong></span> 
     </span>
     <span class='ocr_line' id='line_1_5' title="bbox 40 540 1162 619; baseline 0.005 -24"><span class='ocrx_word' id='word_1_30' title='bbox 40 556 118 597; x_wconf 73' lang='lat' dir='ltr'><strong>menae</strong></span> <span class='ocrx_word' id='word_1_31' title='bbox 129 552 157 597; x_wconf 92' lang='lat' dir='ltr'><strong>et</strong></span> <span class='ocrx_word' id='word_1_32' title='bbox 176 540 307 617; x_wconf 87' lang='lat' dir='ltr'><strong>choragii</strong></span> <span class='ocrx_word' id='word_1_33' title='bbox 326 554 470 611; x_wconf 87' lang='lat' dir='ltr'><strong>ornatum,</strong></span> <span class='ocrx_word' id='word_1_34' title='bbox 485 545 526 599; x_wconf 78' lang='lat' dir='ltr'><strong>ml</strong></span> <span class='ocrx_word' id='word_1_35' title='bbox 545 546 591 615; x_wconf 75' lang='grc' dir='ltr'><strong>τὴν</strong></span> <span class='ocrx_word' id='word_1_36' title='bbox 610 546 683 617; x_wconf 69' lang='grc' dir='ltr'>ὄψιν,</span> <span class='ocrx_word' id='word_1_37' title='bbox 699 554 734 599; x_wconf 91' lang='lat' dir='ltr'><strong>nt</strong></span> <span class='ocrx_word' id='word_1_38' title='bbox 754 540 944 619; x_wconf 80' lang='lat' dir='ltr'><strong>philoeoplrna</strong></span> <span class='ocrx_word' id='word_1_39' title='bbox 965 540 1003 600; x_wconf 85' lang='lat' dir='ltr'><strong>de</strong></span> <span class='ocrx_word' id='word_1_40' title='bbox 1022 540 1058 599; x_wconf 84' lang='lat' dir='ltr'><strong>iia</strong></span> <span class='ocrx_word' id='word_1_41' title='bbox 1078 540 1162 619; x_wconf 90' lang='lat' dir='ltr'><strong>loqui</strong></span> 
     </span>
     <span class='ocr_line' id='line_1_6' title="bbox 39 617 1163 700; baseline 0.006 -25"><span class='ocrx_word' id='word_1_42' title='bbox 39 617 105 687; x_wconf 76' lang='lat' dir='ltr'><strong>colet,</strong></span> <span class='ocrx_word' id='word_1_43' title='bbox 118 618 293 679; x_wconf 88' lang='lat' dir='ltr'><strong>referuntur.</strong></span> <span class='ocrx_word' id='word_1_44' title='bbox 334 621 431 688; x_wconf 84' lang='lat' dir='ltr'><strong>Quale</strong></span> <span class='ocrx_word' id='word_1_45' title='bbox 451 636 497 681; x_wconf 81' lang='lat' dir='ltr'><strong>eat</strong></span> <span class='ocrx_word' id='word_1_46' title='bbox 518 623 676 691; x_wconf 79' lang='lat' dir='ltr'><strong>bromium,</strong></span> <span class='ocrx_word' id='word_1_47' title='bbox 696 634 728 680; x_wconf 89' lang='lat' dir='ltr'><strong>et</strong></span> <span class='ocrx_word' id='word_1_48' title='bbox 747 622 1014 700; x_wconf 81' lang='lat' dir='ltr'><strong>ceraunoeaopium,</strong></span> <span class='ocrx_word' id='word_1_49' title='bbox 1035 642 1163 699; x_wconf 83' lang='lat' dir='ltr'><strong>qnorum</strong></span> 
     </span>
     <span class='ocr_line' id='line_1_7' title="bbox 39 698 1161 780; baseline 0.006 -25"><span class='ocrx_word' id='word_1_50' title='bbox 39 698 112 757; x_wconf 84' lang='lat' dir='ltr'><strong>altero</strong></span> <span class='ocrx_word' id='word_1_51' title='bbox 122 700 157 758; x_wconf 84' lang='lat' dir='ltr'><strong>cd</strong></span> <span class='ocrx_word' id='word_1_52' title='bbox 176 702 297 773; x_wconf 79' lang='lat' dir='ltr'>tonitru,</span> <span class='ocrx_word' id='word_1_53' title='bbox 310 700 366 761; x_wconf 84' lang='lat' dir='ltr'><strong>hoc</strong></span> <span class='ocrx_word' id='word_1_54' title='bbox 379 701 417 762; x_wconf 87' lang='lat' dir='ltr'><strong>ad</strong></span> <span class='ocrx_word' id='word_1_55' title='bbox 439 700 549 761; x_wconf 85' lang='lat' dir='ltr'><strong>fulmen</strong></span> <span class='ocrx_word' id='word_1_56' title='bbox 563 702 798 780; x_wconf 83' lang='lat' dir='ltr'><strong>exprimendum,</strong></span> <span class='ocrx_word' id='word_1_57' title='bbox 816 702 846 761; x_wconf 94' lang='lat' dir='ltr'><strong>in</strong></span> <span class='ocrx_word' id='word_1_58' title='bbox 860 702 1073 780; x_wconf 80' lang='lat' dir='ltr'><strong>Amphitryone</strong></span> <span class='ocrx_word' id='word_1_59' title='bbox 1085 722 1161 780; x_wconf 85' lang='lat' dir='ltr'><strong>opua</strong></span> 
     </span>
     <span class='ocr_line' id='line_1_8' title="bbox 39 779 1162 861; baseline 0.008 -27"><span class='ocrx_word' id='word_1_60' title='bbox 39 779 88 836; x_wconf 77' lang='lat' dir='ltr'><strong>iric</strong></span> <span class='ocrx_word' id='word_1_61' title='bbox 126 780 224 840; x_wconf 81' lang='lat' dir='ltr'>Finem</span> <span class='ocrx_word' id='word_1_62' title='bbox 238 802 312 841; x_wconf 82' lang='lat' dir='ltr'><strong>vero</strong></span> <span class='ocrx_word' id='word_1_63' title='bbox 325 802 394 860; x_wconf 74' lang='lat' dir='ltr'><strong>qum</strong></span> <span class='ocrx_word' id='word_1_64' title='bbox 415 803 433 842; x_wconf 89' lang='lat' dir='ltr'><strong>a</strong></span> <span class='ocrx_word' id='word_1_65' title='bbox 453 784 593 851; x_wconf 85' lang='lat' dir='ltr'><strong>machina,</strong></span> <span class='ocrx_word' id='word_1_66' title='bbox 607 782 756 843; x_wconf 74' lang='lat' dir='ltr'><strong>lubentius</strong></span> <span class='ocrx_word' id='word_1_67' title='bbox 775 783 805 841; x_wconf 92' lang='lat' dir='ltr'><strong>in</strong></span> <span class='ocrx_word' id='word_1_68' title='bbox 818 782 929 860; x_wconf 83' lang='lat' dir='ltr'><strong>tragico</strong></span> <span class='ocrx_word' id='word_1_69' title='bbox 942 802 1031 861; x_wconf 85' lang='lat' dir='ltr'><strong>quarn</strong></span> <span class='ocrx_word' id='word_1_70' title='bbox 1047 784 1162 843; x_wconf 87' lang='lat' dir='ltr'><strong>comico</strong></span> 
     </span>
     <span class='ocr_line' id='line_1_9' title="bbox 39 862 1163 942; baseline 0.004 -25"><span class='ocrx_word' id='word_1_71' title='bbox 39 876 137 919; x_wconf 73' lang='lat' dir='ltr'><strong>excom</strong></span> <span class='ocrx_word' id='word_1_72' title='bbox 150 862 346 933; x_wconf 84' lang='lat' dir='ltr'><strong>Ariatoteles;</strong></span> <span class='ocrx_word' id='word_1_73' title='bbox 368 864 436 941; x_wconf 85' lang='lat' dir='ltr'><strong>quia</strong></span> <span class='ocrx_word' id='word_1_74' title='bbox 456 877 628 942; x_wconf 87' lang='lat' dir='ltr'><strong>argumento</strong></span> <span class='ocrx_word' id='word_1_75' title='bbox 650 864 780 942; x_wconf 81' lang='lat' dir='ltr'><strong>tragicae</strong></span> <span class='ocrx_word' id='word_1_76' title='bbox 799 863 976 942; x_wconf 70' lang='lat' dir='ltr'><strong>astringitur,</strong></span> <span class='ocrx_word' id='word_1_77' title='bbox 990 862 1071 941; x_wconf 92' lang='lat' dir='ltr'><strong>quod</strong></span> <span class='ocrx_word' id='word_1_78' title='bbox 1084 863 1163 922; x_wconf 70' lang='lat' dir='ltr'><strong>acci«</strong></span> 
     </span>
     <span class='ocr_line' id='line_1_10' title="bbox 38 941 1160 1024; baseline 0.005 -27"><span class='ocrx_word' id='word_1_79' title='bbox 38 941 78 1017; x_wconf 88' lang='lat' dir='ltr'><strong>pit.</strong></span> <span class='ocrx_word' id='word_1_80' title='bbox 113 942 296 1021; x_wconf 75' lang='lat' dir='ltr'><strong>Quamquam</strong></span> <span class='ocrx_word' id='word_1_81' title='bbox 323 964 360 1003; x_wconf 90' lang='lat' dir='ltr'><strong>ne</strong></span> <span class='ocrx_word' id='word_1_82' title='bbox 383 944 452 1004; x_wconf 90' lang='lat' dir='ltr'><strong>huic</strong></span> <span class='ocrx_word' id='word_1_83' title='bbox 476 944 593 1022; x_wconf 89' lang='lat' dir='ltr'><strong>quidem</strong></span> <span class='ocrx_word' id='word_1_84' title='bbox 619 964 683 1003; x_wconf 88' lang='lat' dir='ltr'><strong>eam</strong></span> <span class='ocrx_word' id='word_1_85' title='bbox 707 944 778 1003; x_wconf 84' lang='lat' dir='ltr'><strong>lecit</strong></span> <span class='ocrx_word' id='word_1_86' title='bbox 796 944 930 1021; x_wconf 89' lang='lat' dir='ltr'><strong>gratiam,</strong></span> <span class='ocrx_word' id='word_1_87' title='bbox 954 964 1022 1003; x_wconf 90' lang='lat' dir='ltr'><strong>cnm</strong></span> <span class='ocrx_word' id='word_1_88' title='bbox 1047 944 1160 1024; x_wconf 75' lang='lat' dir='ltr'><strong>inquito</strong></span> 
     </span>
     <span class='ocr_line' id='line_1_11' title="bbox 38 1024 1161 1101; baseline 0.004 -20"><span class='ocrx_word' id='word_1_89' title='bbox 38 1024 243 1097; x_wconf 53' lang='lat' dir='ltr'><strong>”mitodedu</strong></span> <span class='ocrx_word' id='word_1_90' title='bbox 260 1028 528 1086; x_wconf 59' lang='lat' dir='ltr'><strong>anitii-lineare&amp;</strong></span> <span class='ocrx_word' id='word_1_91' title='bbox 546 1028 819 1101; x_wconf 56' lang='lat' dir='ltr'><strong>miduudgnrlroidci</strong></span> <span class='ocrx_word' id='word_1_92' title='bbox 836 1032 884 1084; x_wconf 74' lang='lat' dir='ltr'><strong>toi</strong></span> <span class='ocrx_word' id='word_1_93' title='bbox 903 1028 1161 1100; x_wconf 61' lang='lat' dir='ltr'><strong>ptidwnuuflnimn</strong></span> 
     </span>
     <span class='ocr_line' id='line_1_12' title="bbox 38 1107 1162 1182; baseline 0 -17"><span class='ocrx_word' id='word_1_94' title='bbox 38 1107 259 1181; x_wconf 55' lang='lat' dir='ltr'><strong>niun-&#39;nupia</strong></span> <span class='ocrx_word' id='word_1_95' title='bbox 277 1114 310 1179; x_wconf 72' lang='grc' dir='ltr'><strong>τῇ</strong></span> <span class='ocrx_word' id='word_1_96' title='bbox 332 1110 504 1181; x_wconf 57' lang='lat' dir='ltr'><strong>Mndriffidard</strong></span> <span class='ocrx_word' id='word_1_97' title='bbox 523 1110 784 1182; x_wconf 62' lang='lat' dir='ltr'><strong>pqurirntrnllnfi</strong></span> <span class='ocrx_word' id='word_1_98' title='bbox 805 1108 941 1165; x_wconf 66' lang='lat' dir='ltr'><strong>’matut</strong></span> <span class='ocrx_word' id='word_1_99' title='bbox 958 1112 1077 1182; x_wconf 56' lang='grc' dir='ltr'><strong>περιιὸν</strong></span> <span class='ocrx_word' id='word_1_100' title='bbox 1094 1110 1162 1165; x_wconf 69' lang='lat' dir='ltr'><strong>‹art-</strong></span> 
     </span>
     <span class='ocr_line' id='line_1_13' title="bbox 39 1185 1163 1266; baseline 0.003 -23"><span class='ocrx_word' id='word_1_101' title='bbox 39 1189 109 1243; x_wconf 78' lang='lat' dir='ltr'><strong>rlow.</strong></span> <span class='ocrx_word' id='word_1_102' title='bbox 153 1186 188 1243; x_wconf 92' lang='lat' dir='ltr'><strong>ld</strong></span> <span class='ocrx_word' id='word_1_103' title='bbox 210 1198 267 1257; x_wconf 83' lang='lat' dir='ltr'><strong>eat,</strong></span> <span class='ocrx_word' id='word_1_104' title='bbox 289 1185 478 1265; x_wconf 70' lang='lat' dir='ltr'><strong>Manifestum</strong></span> <span class='ocrx_word' id='word_1_105' title='bbox 497 1208 565 1266; x_wconf 82' lang='lat' dir='ltr'><strong>ergo</strong></span> <span class='ocrx_word' id='word_1_106' title='bbox 584 1197 635 1255; x_wconf 79' lang='lat' dir='ltr'><strong>eat,</strong></span> <span class='ocrx_word' id='word_1_107' title='bbox 657 1186 745 1245; x_wconf 76' lang='lat' dir='ltr'><strong>ctiam</strong></span> <span class='ocrx_word' id='word_1_108' title='bbox 762 1185 1005 1264; x_wconf 66' lang='lat' dir='ltr'><strong>caitausaduloe‚</strong></span> <span class='ocrx_word' id='word_1_109' title='bbox 1026 1186 1163 1264; x_wconf 74' lang='lat' dir='ltr'><strong>estabula</strong></span> 
     </span>
     <span class='ocr_line' id='line_1_14' title="bbox 39 1262 1164 1347; baseline 0.002 -22"><span class='ocrx_word' id='word_1_110' title='bbox 39 1262 284 1343; x_wconf 62' lang='lat' dir='ltr'><strong>populicum,</strong></span> <span class='ocrx_word' id='word_1_111' title='bbox 309 1286 364 1326; x_wconf 80' lang='lat' dir='ltr'><strong>aon</strong></span> <span class='ocrx_word' id='word_1_112' title='bbox 386 1288 406 1327; x_wconf 85' lang='lat' dir='ltr'><strong>o</strong></span> <span class='ocrx_word' id='word_1_113' title='bbox 429 1266 1164 1347; x_wconf 76' lang='lat' dir='ltr'><strong>macliaa‚utinMeden‚nutqueernderodaoaia</strong></span> 
     </span>
     <span class='ocr_line' id='line_1_15' title="bbox 42 1342 1162 1427; baseline 0.004 -24"><span class='ocrx_word' id='word_1_114' title='bbox 42 1342 162 1415; x_wconf 61' lang='lat' dir='ltr'><strong>iliadem</strong></span> <span class='ocrx_word' id='word_1_115' title='bbox 186 1348 232 1416; x_wconf 79' lang='lat' dir='ltr'><strong>iia,</strong></span> <span class='ocrx_word' id='word_1_116' title='bbox 253 1368 324 1427; x_wconf 67' lang='grc' dir='ltr'><strong>φα·</strong></span> <span class='ocrx_word' id='word_1_117' title='bbox 343 1348 421 1407; x_wconf 63' lang='lat' dir='ltr'><strong>cuca</strong></span> <span class='ocrx_word' id='word_1_118' title='bbox 440 1348 558 1407; x_wconf 71' lang='lat' dir='ltr'><strong>redituum</strong></span> <span class='ocrx_word' id='word_1_119' title='bbox 580 1348 745 1407; x_wconf 77' lang='lat' dir='ltr'><strong>Groecoruca</strong></span> <span class='ocrx_word' id='word_1_120' title='bbox 759 1346 851 1421; x_wconf 67' lang='lat' dir='ltr'><strong>stunt.</strong></span> <span class='ocrx_word' id='word_1_121' title='bbox 895 1348 1034 1407; x_wconf 77' lang='lat' dir='ltr'><strong>Medeam</strong></span> <span class='ocrx_word' id='word_1_122' title='bbox 1053 1362 1162 1418; x_wconf 78' lang='lat' dir='ltr'><strong>autem,</strong></span> 
     </span>
     <span class='ocr_line' id='line_1_16' title="bbox 44 1426 1164 1508; baseline 0.005 -25"><span class='ocrx_word' id='word_1_123' title='bbox 44 1442 85 1482; x_wconf 87' lang='lat' dir='ltr'><strong>non</strong></span> <span class='ocrx_word' id='word_1_124' title='bbox 98 1426 291 1508; x_wconf 71' lang='lat' dir='ltr'><strong>Euripideum,</strong></span> <span class='ocrx_word' id='word_1_125' title='bbox 305 1428 359 1487; x_wconf 86' lang='lat' dir='ltr'><strong>ned</strong></span> <span class='ocrx_word' id='word_1_126' title='bbox 380 1427 500 1489; x_wconf 79' lang='lat' dir='ltr'><strong>alteriue</strong></span> <span class='ocrx_word' id='word_1_127' title='bbox 519 1428 654 1507; x_wconf 89' lang='lat' dir='ltr'><strong>intelligit</strong></span> <span class='ocrx_word' id='word_1_128' title='bbox 677 1444 785 1507; x_wconf 80' lang='lat' dir='ltr'><strong>poetae.</strong></span> <span class='ocrx_word' id='word_1_129' title='bbox 826 1428 911 1488; x_wconf 90' lang='lat' dir='ltr'><strong>ldem</strong></span> <span class='ocrx_word' id='word_1_130' title='bbox 930 1442 962 1487; x_wconf 89' lang='lat' dir='ltr'><strong>et</strong></span> <span class='ocrx_word' id='word_1_131' title='bbox 978 1428 1131 1499; x_wconf 80' lang='lat' dir='ltr'><strong>Horatiae,</strong></span> <span class='ocrx_word' id='word_1_132' title='bbox 1145 1450 1164 1489; x_wconf 86' lang='lat' dir='ltr'><strong>e</strong></span> 
     </span>
     <span class='ocr_line' id='line_1_17' title="bbox 48 1502 1163 1588; baseline 0.001 -20"><span class='ocrx_word' id='word_1_133' title='bbox 48 1502 144 1577; x_wconf 63' lang='lat' dir='ltr'><strong>innon,</strong></span> <span class='ocrx_word' id='word_1_134' title='bbox 170 1510 272 1577; x_wconf 86' lang='lat' dir='ltr'><strong>credo,</strong></span> <span class='ocrx_word' id='word_1_135' title='bbox 299 1508 505 1587; x_wconf 81' lang='lat' dir='ltr'><strong>Neoptolemo,</strong></span> <span class='ocrx_word' id='word_1_136' title='bbox 526 1529 622 1587; x_wconf 87' lang='lat' dir='ltr'><strong>aquo</strong></span> <span class='ocrx_word' id='word_1_137' title='bbox 649 1509 787 1587; x_wconf 74' lang='lat' dir='ltr'><strong>pleraque</strong></span> <span class='ocrx_word' id='word_1_138' title='bbox 813 1522 964 1588; x_wconf 82' lang='lat' dir='ltr'><strong>praecepta</strong></span> <span class='ocrx_word' id='word_1_139' title='bbox 983 1530 1038 1571; x_wconf 82' lang='lat' dir='ltr'><strong>aua</strong></span> <span class='ocrx_word' id='word_1_140' title='bbox 1056 1509 1087 1569; x_wconf 91' lang='lat' dir='ltr'><strong>in</strong></span> <span class='ocrx_word' id='word_1_141' title='bbox 1106 1510 1163 1569; x_wconf 83' lang='lat' dir='ltr'><strong>hoc</strong></span> 
     </span>
     <span class='ocr_line' id='line_1_18' title="bbox 47 1586 561 1668; baseline 0.002 -20"><span class='ocrx_word' id='word_1_142' title='bbox 47 1586 124 1664; x_wconf 69' lang='lat' dir='ltr'><strong>wipo</strong></span> <span class='ocrx_word' id='word_1_143' title='bbox 134 1590 241 1660; x_wconf 79' lang='lat' dir='ltr'><strong>hausit,</strong></span> <span class='ocrx_word' id='word_1_144' title='bbox 257 1589 430 1668; x_wconf 82' lang='lat' dir='ltr'><strong>fugiendum</strong></span> <span class='ocrx_word' id='word_1_145' title='bbox 445 1602 561 1649; x_wconf 71' lang='lat' dir='ltr'><strong>moneta</strong></span> 
     </span>
     <span class='ocr_line' id='line_1_19' title="bbox 220 1682 885 1809; baseline 0.002 -71"><span class='ocrx_word' id='word_1_146' title='bbox 220 1682 363 1809; x_wconf 54' lang='lat' dir='ltr'><strong>fficiam</strong></span> <span class='ocrx_word' id='word_1_147' title='bbox 373 1684 490 1749; x_wconf 80' lang='lat' dir='ltr'><strong>intenuit,</strong></span> <span class='ocrx_word' id='word_1_148' title='bbox 503 1684 556 1739; x_wconf 82' lang='lat' dir='ltr'><strong>uici</strong></span> <span class='ocrx_word' id='word_1_149' title='bbox 568 1682 666 1754; x_wconf 80' lang='lat' dir='ltr'><strong>dignun</strong></span> <span class='ocrx_word' id='word_1_150' title='bbox 678 1682 785 1739; x_wconf 70' lang='lat' dir='ltr'><strong>vindoc</strong></span> <span class='ocrx_word' id='word_1_151' title='bbox 795 1682 885 1739; x_wconf 80' lang='lat' dir='ltr'><strong>nndue</strong></span> 
     </span>
     <span class='ocr_line' id='line_1_20' title="bbox 274 1756 365 1809; baseline 0 0"><span class='ocrx_word' id='word_1_152' title='bbox 274 1756 280 1767; x_wconf 94' lang='lat'>&#39;</span> <span class='ocrx_word' id='word_1_153' title='bbox 302 1756 365 1809; x_wconf 84' lang='lat' dir='ltr'><strong>erit.</strong></span> 
     </span>
    </p>

    <p class='ocr_par' dir='ltr' id='par_1_3' title="bbox 39 1834 1165 3221">
     <span class='ocr_line' id='line_1_21' title="bbox 44 1834 1162 1921; baseline 0.007 -26"><span class='ocrx_word' id='word_1_154' title='bbox 44 1834 86 1899; x_wconf 83' lang='lat' dir='ltr'><strong>lili</strong></span> <span class='ocrx_word' id='word_1_155' title='bbox 101 1840 179 1903; x_wconf 78' lang='lat' dir='ltr'><strong>nodat</strong></span> <span class='ocrx_word' id='word_1_156' title='bbox 197 1856 246 1903; x_wconf 89' lang='lat' dir='ltr'><strong>eat</strong></span> <span class='ocrx_word' id='word_1_157' title='bbox 266 1847 284 1917; x_wconf 75' lang='grc' dir='ltr'><strong><em>ἡ</em></strong></span> <span class='ocrx_word' id='word_1_158' title='bbox 304 1848 385 1914; x_wconf 70' lang='lat' dir='ltr'><strong>dioec,</strong></span> <span class='ocrx_word' id='word_1_159' title='bbox 400 1863 468 1921; x_wconf 79' lang='lat' dir='ltr'><strong>quae</strong></span> <span class='ocrx_word' id='word_1_160' title='bbox 488 1842 634 1903; x_wconf 89' lang='lat' dir='ltr'><strong>interdum</strong></span> <span class='ocrx_word' id='word_1_161' title='bbox 654 1862 712 1921; x_wconf 88' lang='lat' dir='ltr'><strong>ope</strong></span> <span class='ocrx_word' id='word_1_162' title='bbox 732 1842 859 1901; x_wconf 82' lang='lat' dir='ltr'><strong>humana</strong></span> <span class='ocrx_word' id='word_1_163' title='bbox 878 1840 953 1903; x_wconf 76' lang='lat' dir='ltr'><strong>nolui</strong></span> <span class='ocrx_word' id='word_1_164' title='bbox 973 1862 1032 1901; x_wconf 91' lang='lat' dir='ltr'><strong>non</strong></span> <span class='ocrx_word' id='word_1_165' title='bbox 1053 1854 1162 1921; x_wconf 81' lang='lat' dir='ltr'><strong>potent.</strong></span> 
     </span>
     <span class='ocr_line' id='line_1_22' title="bbox 41 1918 1164 2003; baseline 0 -20"><span class='ocrx_word' id='word_1_166' title='bbox 41 1918 86 1983; x_wconf 82' lang='lat' dir='ltr'><strong>Qui</strong></span> <span class='ocrx_word' id='word_1_167' title='bbox 96 1924 216 1999; x_wconf 90' lang='lat' dir='ltr'><strong>quidem,</strong></span> <span class='ocrx_word' id='word_1_168' title='bbox 231 1926 291 1984; x_wconf 79' lang='lat' dir='ltr'><strong>nini</strong></span> <span class='ocrx_word' id='word_1_169' title='bbox 304 1940 413 2003; x_wconf 77' lang='lat' dir='ltr'><strong>praeter</strong></span> <span class='ocrx_word' id='word_1_170' title='bbox 429 1940 525 2003; x_wconf 80' lang='lat' dir='ltr'><strong>poetae</strong></span> <span class='ocrx_word' id='word_1_171' title='bbox 539 1924 718 1983; x_wconf 87' lang='lat' dir='ltr'><strong>voluntatem</strong></span> <span class='ocrx_word' id='word_1_172' title='bbox 741 1936 793 1982; x_wconf 89' lang='lat' dir='ltr'><strong>aut</strong></span> <span class='ocrx_word' id='word_1_173' title='bbox 806 1943 844 1981; x_wconf 82' lang='lat' dir='ltr'><strong>ex</strong></span> <span class='ocrx_word' id='word_1_174' title='bbox 864 1924 1027 2000; x_wconf 86' lang='lat' dir='ltr'><strong>argumenti</strong></span> <span class='ocrx_word' id='word_1_175' title='bbox 1046 1926 1164 1985; x_wconf 86' lang='lat' dir='ltr'><strong>eveniat</strong></span> 
     </span>
     <span class='ocr_line' id='line_1_23' title="bbox 42 2004 1162 2083; baseline 0.002 -22"><span class='ocrx_word' id='word_1_176' title='bbox 42 2004 192 2075; x_wconf 69' lang='lat' dir='ltr'><strong>ueniere,</strong></span> <span class='ocrx_word' id='word_1_177' title='bbox 207 2026 269 2065; x_wconf 91' lang='lat' dir='ltr'><strong>non</strong></span> <span class='ocrx_word' id='word_1_178' title='bbox 284 2026 302 2065; x_wconf 86' lang='lat' dir='ltr'><strong>a</strong></span> <span class='ocrx_word' id='word_1_179' title='bbox 317 2006 391 2073; x_wconf 83' lang='lat' dir='ltr'><strong>Deo,</strong></span> <span class='ocrx_word' id='word_1_180' title='bbox 406 2005 486 2082; x_wconf 91' lang='lat' dir='ltr'><strong>qnod</strong></span> <span class='ocrx_word' id='word_1_181' title='bbox 500 2004 629 2083; x_wconf 72' lang='lat' dir='ltr'><strong>cujusvis</strong></span> <span class='ocrx_word' id='word_1_182' title='bbox 643 2004 731 2063; x_wconf 86' lang='lat' dir='ltr'><strong>etiam</strong></span> <span class='ocrx_word' id='word_1_183' title='bbox 745 2004 954 2082; x_wconf 77' lang='lat' dir='ltr'><strong>imperitissimi</strong></span> <span class='ocrx_word' id='word_1_184' title='bbox 967 2018 1013 2063; x_wconf 82' lang='lat' dir='ltr'><strong>eat</strong></span> <span class='ocrx_word' id='word_1_185' title='bbox 1025 2004 1162 2075; x_wconf 83' lang='lat' dir='ltr'><strong>hominia,</strong></span> 
     </span>
     <span class='ocr_line' id='line_1_24' title="bbox 42 2084 1163 2165; baseline 0.004 -24"><span class='ocrx_word' id='word_1_186' title='bbox 42 2098 118 2141; x_wconf 76' lang='lat' dir='ltr'><strong>tenum</strong></span> <span class='ocrx_word' id='word_1_187' title='bbox 140 2106 156 2143; x_wconf 91' lang='lat' dir='ltr'><strong>a</strong></span> <span class='ocrx_word' id='word_1_188' title='bbox 178 2098 271 2165; x_wconf 89' lang='lat' dir='ltr'><strong>poeta</strong></span> <span class='ocrx_word' id='word_1_189' title='bbox 294 2086 370 2145; x_wconf 75' lang='lat' dir='ltr'><strong>solvi</strong></span> <span class='ocrx_word' id='word_1_190' title='bbox 397 2086 495 2145; x_wconf 82' lang='lat' dir='ltr'><strong>debet.</strong></span> <span class='ocrx_word' id='word_1_191' title='bbox 538 2084 651 2145; x_wconf 84' lang='lat' dir='ltr'><strong>Ruraua</strong></span> <span class='ocrx_word' id='word_1_192' title='bbox 678 2086 754 2144; x_wconf 77' lang='lat' dir='ltr'><strong>sicut</strong></span> <span class='ocrx_word' id='word_1_193' title='bbox 781 2085 875 2163; x_wconf 89' lang='lat' dir='ltr'><strong>pictor</strong></span> <span class='ocrx_word' id='word_1_194' title='bbox 898 2085 994 2162; x_wconf 91' lang='lat' dir='ltr'><strong>primo</strong></span> <span class='ocrx_word' id='word_1_195' title='bbox 1020 2087 1163 2145; x_wconf 88' lang='lat' dir='ltr'><strong>ambitum</strong></span> 
     </span>
     <span class='ocr_line' id='line_1_25' title="bbox 40 2158 1164 2245; baseline 0.007 -28"><span class='ocrx_word' id='word_1_196' title='bbox 40 2158 147 2235; x_wconf 78' lang='lat' dir='ltr'><strong>delineat,</strong></span> <span class='ocrx_word' id='word_1_197' title='bbox 170 2166 280 2227; x_wconf 87' lang='lat' dir='ltr'><strong>deinde</strong></span> <span class='ocrx_word' id='word_1_198' title='bbox 303 2166 421 2245; x_wconf 79' lang='lat' dir='ltr'><strong>cingula</strong></span> <span class='ocrx_word' id='word_1_199' title='bbox 444 2166 579 2235; x_wconf 80' lang='lat' dir='ltr'><strong>obsolvit,</strong></span> <span class='ocrx_word' id='word_1_200' title='bbox 602 2167 642 2226; x_wconf 83' lang='lat' dir='ltr'><strong>ita</strong></span> <span class='ocrx_word' id='word_1_201' title='bbox 664 2166 781 2243; x_wconf 82' lang='lat' dir='ltr'><strong>eapiena</strong></span> <span class='ocrx_word' id='word_1_202' title='bbox 802 2180 890 2243; x_wconf 85' lang='lat' dir='ltr'><strong>poeta</strong></span> <span class='ocrx_word' id='word_1_203' title='bbox 912 2165 1056 2225; x_wconf 80' lang='lat' dir='ltr'><strong>actionem</strong></span> <span class='ocrx_word' id='word_1_204' title='bbox 1079 2186 1164 2225; x_wconf 83' lang='lat' dir='ltr'><strong>auam</strong></span> 
     </span>
     <span class='ocr_line' id='line_1_26' title="bbox 39 2242 1164 2323; baseline 0.004 -22"><span class='ocrx_word' id='word_1_205' title='bbox 39 2242 233 2307; x_wconf 71' lang='lat' dir='ltr'><strong>circumscribit.</strong></span> <span class='ocrx_word' id='word_1_206' title='bbox 280 2247 422 2315; x_wconf 89' lang='lat' dir='ltr'><strong>Primum,</strong></span> <span class='ocrx_word' id='word_1_207' title='bbox 437 2260 470 2307; x_wconf 91' lang='lat' dir='ltr'><strong>ut</strong></span> <span class='ocrx_word' id='word_1_208' title='bbox 484 2248 522 2307; x_wconf 84' lang='lat' dir='ltr'><strong>ait</strong></span> <span class='ocrx_word' id='word_1_209' title='bbox 537 2258 616 2305; x_wconf 84' lang='lat' dir='ltr'><strong>tota:</strong></span> <span class='ocrx_word' id='word_1_210' title='bbox 638 2246 762 2314; x_wconf 75' lang='lat' dir='ltr'><strong>honest,</strong></span> <span class='ocrx_word' id='word_1_211' title='bbox 778 2260 811 2305; x_wconf 89' lang='lat' dir='ltr'><strong>nt</strong></span> <span class='ocrx_word' id='word_1_212' title='bbox 828 2246 1013 2323; x_wconf 85' lang='lat' dir='ltr'><strong>principium,</strong></span> <span class='ocrx_word' id='word_1_213' title='bbox 1027 2259 1061 2305; x_wconf 93' lang='lat' dir='ltr'><strong>ut</strong></span> <span class='ocrx_word' id='word_1_214' title='bbox 1074 2246 1164 2305; x_wconf 82' lang='lat' dir='ltr'><strong>finem</strong></span> 
     </span>
     <span class='ocr_line' id='line_1_27' title="bbox 40 2320 1165 2405; baseline 0.004 -23"><span class='ocrx_word' id='word_1_215' title='bbox 40 2320 130 2395; x_wconf 80' lang='lat' dir='ltr'><strong>lubeat,</strong></span> <span class='ocrx_word' id='word_1_216' title='bbox 142 2340 171 2387; x_wconf 85' lang='lat' dir='ltr'><strong>et</strong></span> <span class='ocrx_word' id='word_1_217' title='bbox 191 2328 345 2387; x_wconf 89' lang='lat' dir='ltr'><strong>medinm:</strong></span> <span class='ocrx_word' id='word_1_218' title='bbox 366 2348 433 2405; x_wconf 83' lang='lat' dir='ltr'><strong>quoe</strong></span> <span class='ocrx_word' id='word_1_219' title='bbox 453 2328 482 2386; x_wconf 93' lang='lat' dir='ltr'><strong>in</strong></span> <span class='ocrx_word' id='word_1_220' title='bbox 505 2327 632 2387; x_wconf 76' lang='lat' dir='ltr'><strong>minimis</strong></span> <span class='ocrx_word' id='word_1_221' title='bbox 645 2345 764 2405; x_wconf 91' lang='lat' dir='ltr'><strong>quoqne</strong></span> <span class='ocrx_word' id='word_1_222' title='bbox 778 2346 842 2385; x_wconf 80' lang='lat' dir='ltr'><strong>eane</strong></span> <span class='ocrx_word' id='word_1_223' title='bbox 863 2338 996 2405; x_wconf 75' lang='lat' dir='ltr'><strong>pomum.</strong></span> <span class='ocrx_word' id='word_1_224' title='bbox 1038 2325 1165 2386; x_wconf 82' lang='lat' dir='ltr'><strong>Minima</strong></span> 
     </span>
     <span class='ocr_line' id='line_1_28' title="bbox 40 2406 1165 2486; baseline 0.006 -28"><span class='ocrx_word' id='word_1_225' title='bbox 40 2418 115 2465; x_wconf 83' lang='lat' dir='ltr'><strong>autem</strong></span> <span class='ocrx_word' id='word_1_226' title='bbox 127 2428 240 2469; x_wconf 71' lang='lat' dir='ltr'><strong>mnaum</strong></span> <span class='ocrx_word' id='word_1_227' title='bbox 257 2410 310 2467; x_wconf 83' lang='lat' dir='ltr'><strong>vix</strong></span> <span class='ocrx_word' id='word_1_228' title='bbox 323 2408 498 2467; x_wconf 85' lang='lat' dir='ltr'><strong>admittunt:</strong></span> <span class='ocrx_word' id='word_1_229' title='bbox 520 2428 625 2486; x_wconf 86' lang='lat' dir='ltr'><strong>magna</strong></span> <span class='ocrx_word' id='word_1_230' title='bbox 641 2408 761 2466; x_wconf 89' lang='lat' dir='ltr'><strong>nimium</strong></span> <span class='ocrx_word' id='word_1_231' title='bbox 775 2407 956 2485; x_wconf 81' lang='lat' dir='ltr'><strong>diapargunt.</strong></span> <span class='ocrx_word' id='word_1_232' title='bbox 998 2406 1047 2465; x_wconf 84' lang='lat' dir='ltr'><strong>Sic</strong></span> <span class='ocrx_word' id='word_1_233' title='bbox 1061 2407 1165 2467; x_wconf 82' lang='lat' dir='ltr'><strong>formi-</strong></span> 
     </span>
     <span class='ocr_line' id='line_1_29' title="bbox 40 2486 1163 2568; baseline 0.004 -26"><span class='ocrx_word' id='word_1_234' title='bbox 40 2500 87 2542; x_wconf 81' lang='lat' dir='ltr'><strong>orn</strong></span> <span class='ocrx_word' id='word_1_235' title='bbox 100 2488 144 2545; x_wconf 83' lang='lat' dir='ltr'><strong>rix</strong></span> <span class='ocrx_word' id='word_1_236' title='bbox 157 2490 314 2549; x_wconf 76' lang='lat' dir='ltr'><strong>ridemur:</strong></span> <span class='ocrx_word' id='word_1_237' title='bbox 336 2490 365 2548; x_wconf 93' lang='lat' dir='ltr'><strong>in</strong></span> <span class='ocrx_word' id='word_1_238' title='bbox 380 2501 537 2568; x_wconf 78' lang='lat' dir='ltr'><strong>conspectu</strong></span> <span class='ocrx_word' id='word_1_239' title='bbox 550 2488 696 2566; x_wconf 75' lang='lat' dir='ltr'><strong>elephanti</strong></span> <span class='ocrx_word' id='word_1_240' title='bbox 709 2488 791 2546; x_wconf 82' lang='lat' dir='ltr'><strong>viana</strong></span> <span class='ocrx_word' id='word_1_241' title='bbox 804 2488 856 2547; x_wconf 82' lang='lat' dir='ltr'><strong>vix</strong></span> <span class='ocrx_word' id='word_1_242' title='bbox 869 2486 1026 2565; x_wconf 85' lang='lat' dir='ltr'><strong>colligitur.</strong></span> <span class='ocrx_word' id='word_1_243' title='bbox 1061 2487 1163 2553; x_wconf 84' lang='lat' dir='ltr'><strong>Quare</strong></span> 
     </span>
     <span class='ocr_line' id='line_1_30' title="bbox 39 2567 1164 2649; baseline 0.004 -26"><span class='ocrx_word' id='word_1_244' title='bbox 39 2567 166 2628; x_wconf 76' lang='lat' dir='ltr'><strong>comedim</strong></span> <span class='ocrx_word' id='word_1_245' title='bbox 190 2570 406 2649; x_wconf 79' lang='lat' dir='ltr'><strong>tragoediaeque</strong></span> <span class='ocrx_word' id='word_1_246' title='bbox 428 2570 606 2648; x_wconf 73' lang='lat' dir='ltr'><strong>magnitudo,</strong></span> <span class='ocrx_word' id='word_1_247' title='bbox 622 2582 651 2629; x_wconf 87' lang='lat' dir='ltr'><strong>et</strong></span> <span class='ocrx_word' id='word_1_248' title='bbox 672 2568 820 2647; x_wconf 74' lang='lat' dir='ltr'><strong>periodus,</strong></span> <span class='ocrx_word' id='word_1_249' title='bbox 844 2582 877 2628; x_wconf 90' lang='lat' dir='ltr'><strong>ut</strong></span> <span class='ocrx_word' id='word_1_250' title='bbox 898 2588 966 2627; x_wconf 89' lang='lat' dir='ltr'><strong>eum</strong></span> <span class='ocrx_word' id='word_1_251' title='bbox 988 2568 1164 2647; x_wconf 81' lang='lat' dir='ltr'><strong>plriloeoplro</strong></span> 
     </span>
     <span class='ocr_line' id='line_1_31' title="bbox 41 2642 1164 2728; baseline 0.005 -25"><span class='ocrx_word' id='word_1_252' title='bbox 41 2642 82 2703; x_wconf 87' lang='lat' dir='ltr'><strong>boc</strong></span> <span class='ocrx_word' id='word_1_253' title='bbox 93 2646 186 2719; x_wconf 85' lang='lat' dir='ltr'><strong>dicam,</strong></span> <span class='ocrx_word' id='word_1_254' title='bbox 200 2672 217 2710; x_wconf 90' lang='lat' dir='ltr'><strong>e</strong></span> <span class='ocrx_word' id='word_1_255' title='bbox 231 2666 340 2711; x_wconf 84' lang='lat' dir='ltr'><strong>natura</strong></span> <span class='ocrx_word' id='word_1_256' title='bbox 353 2650 505 2728; x_wconf 80' lang='lat' dir='ltr'><strong>utriunque</strong></span> <span class='ocrx_word' id='word_1_257' title='bbox 519 2662 549 2709; x_wconf 87' lang='lat' dir='ltr'><strong>et</strong></span> <span class='ocrx_word' id='word_1_258' title='bbox 567 2651 680 2709; x_wconf 86' lang='lat' dir='ltr'><strong>ratione</strong></span> <span class='ocrx_word' id='word_1_259' title='bbox 701 2650 762 2728; x_wconf 92' lang='lat' dir='ltr'><strong>peti</strong></span> <span class='ocrx_word' id='word_1_260' title='bbox 779 2649 897 2709; x_wconf 88' lang='lat' dir='ltr'><strong>debent.</strong></span> <span class='ocrx_word' id='word_1_261' title='bbox 939 2648 988 2719; x_wconf 83' lang='lat' dir='ltr'><strong>Et,</strong></span> <span class='ocrx_word' id='word_1_262' title='bbox 1003 2650 1164 2709; x_wconf 82' lang='lat' dir='ltr'><strong>mutatione</strong></span> 
     </span>
     <span class='ocr_line' id='line_1_32' title="bbox 41 2726 1164 2801; baseline 0.002 -13"><span class='ocrx_word' id='word_1_263' title='bbox 41 2726 120 2799; x_wconf 75' lang='lat' dir='ltr'><strong>prinu,</strong></span> <span class='ocrx_word' id='word_1_264' title='bbox 139 2730 193 2791; x_wconf 90' lang='lat' dir='ltr'><strong>hoc</strong></span> <span class='ocrx_word' id='word_1_265' title='bbox 215 2748 272 2801; x_wconf 81' lang='lat' dir='ltr'><strong>eat,</strong></span> <span class='ocrx_word' id='word_1_266' title='bbox 300 2752 366 2791; x_wconf 88' lang='lat' dir='ltr'><strong>cum</strong></span> <span class='ocrx_word' id='word_1_267' title='bbox 390 2730 559 2791; x_wconf 77' lang='lat' dir='ltr'><strong>infelicitate</strong></span> <span class='ocrx_word' id='word_1_268' title='bbox 582 2730 620 2789; x_wconf 88' lang='lat' dir='ltr'><strong>ad</strong></span> <span class='ocrx_word' id='word_1_269' title='bbox 644 2730 813 2789; x_wconf 74' lang='lat' dir='ltr'><strong>felicitatem</strong></span> <span class='ocrx_word' id='word_1_270' title='bbox 834 2730 864 2788; x_wconf 92' lang='lat' dir='ltr'><strong>in</strong></span> <span class='ocrx_word' id='word_1_271' title='bbox 887 2728 1041 2798; x_wconf 72' lang='lat' dir='ltr'><strong>comoedia,</strong></span> <span class='ocrx_word' id='word_1_272' title='bbox 1061 2744 1164 2790; x_wconf 82' lang='lat' dir='ltr'><strong>contra</strong></span> 
     </span>
     <span class='ocr_line' id='line_1_33' title="bbox 41 2810 1162 2891; baseline 0.002 -24"><span class='ocrx_word' id='word_1_273' title='bbox 41 2820 116 2867; x_wconf 78' lang='lat' dir='ltr'><strong>tutem</strong></span> <span class='ocrx_word' id='word_1_274' title='bbox 137 2812 164 2870; x_wconf 86' lang='lat' dir='ltr'><strong>in</strong></span> <span class='ocrx_word' id='word_1_275' title='bbox 187 2812 335 2891; x_wconf 85' lang='lat' dir='ltr'><strong>trngoedia</strong></span> <span class='ocrx_word' id='word_1_276' title='bbox 357 2812 463 2871; x_wconf 87' lang='lat' dir='ltr'><strong>mutari</strong></span> <span class='ocrx_word' id='word_1_277' title='bbox 489 2824 585 2890; x_wconf 80' lang='lat' dir='ltr'><strong>potent</strong></span> <span class='ocrx_word' id='word_1_278' title='bbox 607 2812 702 2871; x_wconf 76' lang='lat' dir='ltr'><strong>actio:</strong></span> <span class='ocrx_word' id='word_1_279' title='bbox 725 2812 766 2869; x_wconf 85' lang='lat' dir='ltr'><strong>ita</strong></span> <span class='ocrx_word' id='word_1_280' title='bbox 787 2824 822 2869; x_wconf 91' lang='lat' dir='ltr'><strong>ut</strong></span> <span class='ocrx_word' id='word_1_281' title='bbox 834 2830 874 2869; x_wconf 83' lang='lat' dir='ltr'><strong>ex</strong></span> <span class='ocrx_word' id='word_1_282' title='bbox 893 2824 1066 2887; x_wconf 87' lang='lat' dir='ltr'><strong>argumento</strong></span> <span class='ocrx_word' id='word_1_283' title='bbox 1081 2810 1162 2881; x_wconf 78' lang='lat' dir='ltr'><strong>nihil,</strong></span> 
     </span>
     <span class='ocr_line' id='line_1_34' title="bbox 40 2888 1164 2971; baseline 0.005 -25"><span class='ocrx_word' id='word_1_284' title='bbox 40 2888 101 2960; x_wconf 88' lang='lat' dir='ltr'><strong>quod</strong></span> <span class='ocrx_word' id='word_1_285' title='bbox 117 2892 152 2949; x_wconf 92' lang='lat' dir='ltr'><strong>ad</strong></span> <span class='ocrx_word' id='word_1_286' title='bbox 170 2912 232 2952; x_wconf 88' lang='lat' dir='ltr'><strong>rem</strong></span> <span class='ocrx_word' id='word_1_287' title='bbox 252 2906 376 2971; x_wconf 72' lang='lat' dir='ltr'><strong>spectet,</strong></span> <span class='ocrx_word' id='word_1_288' title='bbox 391 2893 530 2971; x_wconf 76' lang='lat' dir='ltr'><strong>praemitti</strong></span> <span class='ocrx_word' id='word_1_289' title='bbox 551 2892 590 2951; x_wconf 84' lang='lat' dir='ltr'><strong>ait</strong></span> <span class='ocrx_word' id='word_1_290' title='bbox 610 2912 740 2951; x_wconf 82' lang='lat' dir='ltr'><strong>necesse.</strong></span> <span class='ocrx_word' id='word_1_291' title='bbox 782 2892 919 2951; x_wconf 72' lang='lat' dir='ltr'><strong>Summus</strong></span> <span class='ocrx_word' id='word_1_292' title='bbox 934 2891 1087 2950; x_wconf 75' lang='lat' dir='ltr'><strong>Aristoteli</strong></span> <span class='ocrx_word' id='word_1_293' title='bbox 1100 2912 1164 2952; x_wconf 89' lang='lat' dir='ltr'><strong>am·</strong></span> 
     </span>
     <span class='ocr_line' id='line_1_35' title="bbox 41 2964 1164 3053; baseline 0.008 -30"><span class='ocrx_word' id='word_1_294' title='bbox 41 2964 101 3027; x_wconf 85' lang='lat' dir='ltr'><strong>bitoc</strong></span> <span class='ocrx_word' id='word_1_295' title='bbox 121 2972 201 3033; x_wconf 88' lang='lat' dir='ltr'><strong>uniua</strong></span> <span class='ocrx_word' id='word_1_296' title='bbox 224 2972 299 3034; x_wconf 81' lang='lat' dir='ltr'><strong>eolis</strong></span> <span class='ocrx_word' id='word_1_297' title='bbox 320 2989 384 3033; x_wconf 80' lang='lat' dir='ltr'><strong>eat:</strong></span> <span class='ocrx_word' id='word_1_298' title='bbox 406 2986 503 3053; x_wconf 84' lang='lat' dir='ltr'><strong>potent</strong></span> <span class='ocrx_word' id='word_1_299' title='bbox 525 2994 590 3032; x_wconf 84' lang='lat' dir='ltr'><strong>eoae</strong></span> <span class='ocrx_word' id='word_1_300' title='bbox 611 2973 723 3051; x_wconf 85' lang='lat' dir='ltr'><strong>aliquot</strong></span> <span class='ocrx_word' id='word_1_301' title='bbox 746 2972 894 3031; x_wconf 88' lang='lat' dir='ltr'><strong>horarum.</strong></span> <span class='ocrx_word' id='word_1_302' title='bbox 935 2971 1006 3037; x_wconf 82' lang='lat' dir='ltr'><strong>Qua</strong></span> <span class='ocrx_word' id='word_1_303' title='bbox 1026 2972 1056 3031; x_wconf 92' lang='lat' dir='ltr'><strong>in</strong></span> <span class='ocrx_word' id='word_1_304' title='bbox 1079 2986 1164 3051; x_wconf 88' lang='lat' dir='ltr'><strong>parte</strong></span> 
     </span>
     <span class='ocr_line' id='line_1_36' title="bbox 42 3046 1162 3134; baseline 0 -21"><span class='ocrx_word' id='word_1_305' title='bbox 42 3046 198 3113; x_wconf 71' lang='lat' dir='ltr'><strong>duumdm</strong></span> <span class='ocrx_word' id='word_1_306' title='bbox 222 3054 387 3134; x_wconf 86' lang='lat' dir='ltr'><strong>Sophoclea</strong></span> <span class='ocrx_word' id='word_1_307' title='bbox 410 3054 634 3132; x_wconf 85' lang='lat' dir='ltr'><strong>Terentiuaque.</strong></span> <span class='ocrx_word' id='word_1_308' title='bbox 678 3052 799 3112; x_wconf 86' lang='lat' dir='ltr'><strong>Plautoa</strong></span> <span class='ocrx_word' id='word_1_309' title='bbox 820 3073 892 3113; x_wconf 84' lang='lat' dir='ltr'><strong>vero</strong></span> <span class='ocrx_word' id='word_1_310' title='bbox 915 3072 1021 3111; x_wconf 86' lang='lat' dir='ltr'><strong>novem</strong></span> <span class='ocrx_word' id='word_1_311' title='bbox 1046 3072 1162 3113; x_wconf 86' lang='lat' dir='ltr'><strong>menaea</strong></span> 
     </span>
     <span class='ocr_line' id='line_1_37' title="bbox 42 3130 1165 3221; baseline 0.004 -32"><span class='ocrx_word' id='word_1_312' title='bbox 42 3143 85 3221; x_wconf 66' lang='lat' dir='ltr'><strong>tuo</strong></span> <span class='ocrx_word' id='word_1_313' title='bbox 101 3130 224 3195; x_wconf 85' lang='lat' dir='ltr'><strong>dramate</strong></span> <span class='ocrx_word' id='word_1_314' title='bbox 245 3134 418 3213; x_wconf 74' lang='lat' dir='ltr'><strong>complexus</strong></span> <span class='ocrx_word' id='word_1_315' title='bbox 439 3148 494 3194; x_wconf 85' lang='lat' dir='ltr'><strong>eat.</strong></span> <span class='ocrx_word' id='word_1_316' title='bbox 536 3133 579 3195; x_wconf 92' lang='lat' dir='ltr'><strong>Ut</strong></span> <span class='ocrx_word' id='word_1_317' title='bbox 602 3134 654 3193; x_wconf 80' lang='lat' dir='ltr'><strong>vix</strong></span> <span class='ocrx_word' id='word_1_318' title='bbox 676 3133 771 3213; x_wconf 82' lang='lat' dir='ltr'><strong>major</strong></span> <span class='ocrx_word' id='word_1_319' title='bbox 792 3132 974 3212; x_wconf 85' lang='lat' dir='ltr'><strong>ampliorque</strong></span> <span class='ocrx_word' id='word_1_320' title='bbox 995 3131 1165 3194; x_wconf 75' lang='lat' dir='ltr'><strong>Homericae</strong></span> 
     </span>
    </p>
   </div>
   <div class='ocr_carea' id='block_1_3' title="bbox 43 3204 1283 3295">
    <p class='ocr_par' dir='ltr' id='par_1_4' title="bbox 43 3204 1283 3295">
     <span class='ocr_line' id='line_1_38' title="bbox 43 3204 1283 3295; baseline -0.001 -20"><span class='ocrx_word' id='word_1_321' title='bbox 43 3204 135 3283; x_wconf 62' lang='lat' dir='ltr'><strong>illidat,</strong></span> <span class='ocrx_word' id='word_1_322' title='bbox 148 3234 235 3295; x_wconf 83' lang='lat' dir='ltr'><strong>qaam</strong></span> <span class='ocrx_word' id='word_1_323' title='bbox 256 3214 481 3295; x_wconf 79' lang='lat' dir='ltr'><strong>Amphitryonia</strong></span> <span class='ocrx_word' id='word_1_324' title='bbox 501 3216 541 3274; x_wconf 85' lang='lat' dir='ltr'><strong>ait</strong></span> <span class='ocrx_word' id='word_1_325' title='bbox 559 3214 709 3294; x_wconf 82' lang='lat' dir='ltr'><strong>periodua.</strong></span> <span class='ocrx_word' id='word_1_326' title='bbox 749 3212 913 3275; x_wconf 87' lang='lat' dir='ltr'><strong>Alcumena</strong></span> <span class='ocrx_word' id='word_1_327' title='bbox 925 3226 1022 3274; x_wconf 90' lang='lat' dir='ltr'><strong>autem</strong></span> <span class='ocrx_word' id='word_1_328' title='bbox 1035 3216 1167 3293; x_wconf 73' lang='lat' dir='ltr'><strong>concipit</strong></span> <span class='ocrx_word' id='word_1_329' title='bbox 1274 3236 1283 3255; x_wconf 68' lang='lat'>⁸</span> 
     </span>
    </p>
   </div>
   <div class='ocr_carea' id='block_1_4' title="bbox 43 3293 1165 4023">
    <p class='ocr_par' dir='ltr' id='par_1_5' title="bbox 43 3293 1165 4023">
     <span class='ocr_line' id='line_1_39' title="bbox 43 3293 1164 3379; baseline -0.003 -23"><span class='ocrx_word' id='word_1_330' title='bbox 43 3294 155 3379; x_wconf 52' lang='lat' dir='ltr'><strong>§punit</strong></span> <span class='ocrx_word' id='word_1_331' title='bbox 194 3296 291 3363; x_wconf 84' lang='lat' dir='ltr'><strong>Quod</strong></span> <span class='ocrx_word' id='word_1_332' title='bbox 317 3298 343 3356; x_wconf 82' lang='lat' dir='ltr'><strong>ai</strong></span> <span class='ocrx_word' id='word_1_333' title='bbox 368 3296 453 3355; x_wconf 88' lang='lat' dir='ltr'><strong>lieret</strong></span> <span class='ocrx_word' id='word_1_334' title='bbox 478 3296 597 3373; x_wconf 85' lang='lat' dir='ltr'><strong>ubique,</strong></span> <span class='ocrx_word' id='word_1_335' title='bbox 624 3294 705 3354; x_wconf 87' lang='lat' dir='ltr'><strong>nullo</strong></span> <span class='ocrx_word' id='word_1_336' title='bbox 731 3295 864 3373; x_wconf 80' lang='lat' dir='ltr'><strong>epicedio</strong></span> <span class='ocrx_word' id='word_1_337' title='bbox 884 3293 947 3374; x_wconf 83' lang='lat' dir='ltr'><strong>jam</strong></span> <span class='ocrx_word' id='word_1_338' title='bbox 971 3314 1047 3374; x_wconf 85' lang='lat' dir='ltr'><strong>opua</strong></span> <span class='ocrx_word' id='word_1_339' title='bbox 1069 3310 1164 3355; x_wconf 78' lang='lat' dir='ltr'><strong>eoaett</strong></span> 
     </span>
     <span class='ocr_line' id='line_1_40' title="bbox 45 3366 1165 3454; baseline 0.002 -21"><span class='ocrx_word' id='word_1_340' title='bbox 45 3366 143 3447; x_wconf 70' lang='lat' dir='ltr'><strong>tiruqm</strong></span> <span class='ocrx_word' id='word_1_341' title='bbox 162 3396 216 3437; x_wconf 90' lang='lat' dir='ltr'><strong>nec</strong></span> <span class='ocrx_word' id='word_1_342' title='bbox 239 3398 288 3437; x_wconf 81' lang='lat' dir='ltr'><strong>ara</strong></span> <span class='ocrx_word' id='word_1_343' title='bbox 311 3388 398 3447; x_wconf 82' lang='lat' dir='ltr'><strong>canet,</strong></span> <span class='ocrx_word' id='word_1_344' title='bbox 422 3378 549 3437; x_wconf 86' lang='lat' dir='ltr'><strong>acribere</strong></span> <span class='ocrx_word' id='word_1_345' title='bbox 571 3376 757 3436; x_wconf 78' lang='lat' dir='ltr'><strong>eomoediam.</strong></span> <span class='ocrx_word' id='word_1_346' title='bbox 798 3374 1001 3453; x_wconf 71' lang='lat' dir='ltr'><strong>Praeterquam</strong></span> <span class='ocrx_word' id='word_1_347' title='bbox 1022 3376 1103 3454; x_wconf 89' lang='lat' dir='ltr'><strong>quod</strong></span> <span class='ocrx_word' id='word_1_348' title='bbox 1125 3376 1165 3435; x_wconf 80' lang='lat' dir='ltr'><strong>ait</strong></span> 
     </span>
     <span class='ocr_line' id='line_1_41' title="bbox 44 3456 1165 3535; baseline 0.01 -29"><span class='ocrx_word' id='word_1_349' title='bbox 44 3456 140 3513; x_wconf 85' lang='lat' dir='ltr'><strong>nomtri</strong></span> <span class='ocrx_word' id='word_1_350' title='bbox 159 3458 261 3529; x_wconf 82' lang='lat' dir='ltr'><strong>inatar,</strong></span> <span class='ocrx_word' id='word_1_351' title='bbox 277 3470 308 3518; x_wconf 88' lang='lat' dir='ltr'><strong>et</strong></span> <span class='ocrx_word' id='word_1_352' title='bbox 328 3477 397 3518; x_wconf 90' lang='lat' dir='ltr'><strong>cum</strong></span> <span class='ocrx_word' id='word_1_353' title='bbox 420 3458 532 3518; x_wconf 90' lang='lat' dir='ltr'><strong>ratione</strong></span> <span class='ocrx_word' id='word_1_354' title='bbox 555 3476 588 3517; x_wconf 86' lang='lat' dir='ltr'><strong>ac</strong></span> <span class='ocrx_word' id='word_1_355' title='bbox 609 3470 715 3516; x_wconf 87' lang='lat' dir='ltr'><strong>natura</strong></span> <span class='ocrx_word' id='word_1_356' title='bbox 737 3470 857 3535; x_wconf 88' lang='lat' dir='ltr'><strong>pugnet,</strong></span> <span class='ocrx_word' id='word_1_357' title='bbox 876 3473 912 3515; x_wconf 88' lang='lat' dir='ltr'><strong>ut</strong></span> <span class='ocrx_word' id='word_1_358' title='bbox 932 3478 1001 3535; x_wconf 73' lang='lat' dir='ltr'><strong>quac</strong></span> <span class='ocrx_word' id='word_1_359' title='bbox 1023 3457 1111 3517; x_wconf 83' lang='lat' dir='ltr'><strong>timul</strong></span> <span class='ocrx_word' id='word_1_360' title='bbox 1133 3469 1165 3517; x_wconf 85' lang='lat' dir='ltr'><strong>et</strong></span> 
     </span>
     <span class='ocr_line' id='line_1_42' title="bbox 46 3534 1165 3618; baseline 0.002 -23"><span class='ocrx_word' id='word_1_361' title='bbox 46 3534 161 3611; x_wconf 67' lang='lat' dir='ltr'><strong>wutipiat</strong></span> <span class='ocrx_word' id='word_1_362' title='bbox 172 3552 201 3598; x_wconf 89' lang='lat' dir='ltr'><strong>et</strong></span> <span class='ocrx_word' id='word_1_363' title='bbox 214 3541 320 3618; x_wconf 85' lang='lat' dir='ltr'><strong>pariat.</strong></span> <span class='ocrx_word' id='word_1_364' title='bbox 363 3536 472 3605; x_wconf 82' lang='lat' dir='ltr'><strong>Qualia</strong></span> <span class='ocrx_word' id='word_1_365' title='bbox 491 3536 630 3597; x_wconf 88' lang='lat' dir='ltr'><strong>nonnulla</strong></span> <span class='ocrx_word' id='word_1_366' title='bbox 649 3536 678 3597; x_wconf 92' lang='lat' dir='ltr'><strong>in</strong></span> <span class='ocrx_word' id='word_1_367' title='bbox 699 3538 842 3615; x_wconf 74' lang='lat' dir='ltr'><strong>sumptura</strong></span> <span class='ocrx_word' id='word_1_368' title='bbox 862 3538 919 3597; x_wconf 84' lang='lat' dir='ltr'><strong>lroc</strong></span> <span class='ocrx_word' id='word_1_369' title='bbox 937 3557 1069 3597; x_wconf 82' lang='lat' dir='ltr'><strong>nummua</strong></span> <span class='ocrx_word' id='word_1_370' title='bbox 1082 3538 1165 3599; x_wconf 87' lang='lat' dir='ltr'><strong>criti·</strong></span> 
     </span>
     <span class='ocr_line' id='line_1_43' title="bbox 47 3616 1163 3697; baseline 0.005 -24"><span class='ocrx_word' id='word_1_371' title='bbox 47 3626 124 3673; x_wconf 77' lang='lat' dir='ltr'><strong>torum</strong></span> <span class='ocrx_word' id='word_1_372' title='bbox 136 3616 232 3679; x_wconf 72' lang='lat' dir='ltr'><strong>Coeoar</strong></span> <span class='ocrx_word' id='word_1_373' title='bbox 246 3618 377 3697; x_wconf 79' lang='lat' dir='ltr'><strong>Scaliger</strong></span> <span class='ocrx_word' id='word_1_374' title='bbox 396 3618 517 3678; x_wconf 83' lang='lat' dir='ltr'><strong>notarit.</strong></span> <span class='ocrx_word' id='word_1_375' title='bbox 559 3618 659 3697; x_wconf 81' lang='lat' dir='ltr'><strong>Atque</strong></span> <span class='ocrx_word' id='word_1_376' title='bbox 677 3619 741 3678; x_wconf 79' lang='lat' dir='ltr'><strong>haec</strong></span> <span class='ocrx_word' id='word_1_377' title='bbox 760 3618 925 3678; x_wconf 81' lang='lat' dir='ltr'><strong>vitaverant</strong></span> <span class='ocrx_word' id='word_1_378' title='bbox 941 3630 1039 3697; x_wconf 84' lang='lat' dir='ltr'><strong>poetae</strong></span> <span class='ocrx_word' id='word_1_379' title='bbox 1052 3617 1163 3689; x_wconf 82' lang='lat' dir='ltr'><strong>Graeci,</strong></span> 
     </span>
     <span class='ocr_line' id='line_1_44' title="bbox 46 3698 1163 3781; baseline 0.004 -26"><span class='ocrx_word' id='word_1_380' title='bbox 46 3708 142 3765; x_wconf 73' lang='lat' dir='ltr'><strong>quornm</strong></span> <span class='ocrx_word' id='word_1_381' title='bbox 150 3702 258 3780; x_wconf 72' lang='lat' dir='ltr'><strong>scripta</strong></span> <span class='ocrx_word' id='word_1_382' title='bbox 266 3702 313 3761; x_wconf 89' lang='lat' dir='ltr'><strong>hic</strong></span> <span class='ocrx_word' id='word_1_383' title='bbox 325 3712 477 3781; x_wconf 84' lang='lat' dir='ltr'><strong>tantopere</strong></span> <span class='ocrx_word' id='word_1_384' title='bbox 488 3699 672 3759; x_wconf 87' lang='lat' dir='ltr'><strong>commendat</strong></span> <span class='ocrx_word' id='word_1_385' title='bbox 681 3699 821 3759; x_wconf 73' lang='lat' dir='ltr'><strong>Flaccus:</strong></span> <span class='ocrx_word' id='word_1_386' title='bbox 841 3699 966 3758; x_wconf 86' lang='lat' dir='ltr'><strong>technici</strong></span> <span class='ocrx_word' id='word_1_387' title='bbox 976 3698 1163 3770; x_wconf 80' lang='lat' dir='ltr'><strong>Graecorum,</strong></span> 
     </span>
     <span class='ocr_line' id='line_1_45' title="bbox 48 3778 1165 3859; baseline 0.002 -22"><span class='ocrx_word' id='word_1_388' title='bbox 48 3778 166 3845; x_wconf 74' lang='lat' dir='ltr'><strong>quomodo</strong></span> <span class='ocrx_word' id='word_1_389' title='bbox 177 3782 298 3841; x_wconf 82' lang='lat' dir='ltr'><strong>vitanda</strong></span> <span class='ocrx_word' id='word_1_390' title='bbox 311 3794 409 3841; x_wconf 81' lang='lat' dir='ltr'><strong>canent</strong></span> <span class='ocrx_word' id='word_1_391' title='bbox 422 3801 456 3841; x_wconf 84' lang='lat' dir='ltr'><strong>ac</strong></span> <span class='ocrx_word' id='word_1_392' title='bbox 474 3780 612 3849; x_wconf 85' lang='lat' dir='ltr'><strong>cavenda,</strong></span> <span class='ocrx_word' id='word_1_393' title='bbox 627 3800 706 3859; x_wconf 81' lang='lat' dir='ltr'><strong>coepe</strong></span> <span class='ocrx_word' id='word_1_394' title='bbox 727 3780 909 3839; x_wconf 86' lang='lat' dir='ltr'><strong>inculcarunt</strong></span> <span class='ocrx_word' id='word_1_395' title='bbox 926 3781 997 3839; x_wconf 82' lang='lat' dir='ltr'><strong>anis.</strong></span> <span class='ocrx_word' id='word_1_396' title='bbox 1040 3780 1165 3839; x_wconf 86' lang='lat' dir='ltr'><strong>Plautua</strong></span> 
     </span>
     <span class='ocr_line' id='line_1_46' title="bbox 48 3860 1165 3941; baseline 0.001 -22"><span class='ocrx_word' id='word_1_397' title='bbox 48 3866 130 3941; x_wconf 53' lang='lat' dir='ltr'><strong>‘piune</strong></span> <span class='ocrx_word' id='word_1_398' title='bbox 150 3860 242 3940; x_wconf 85' lang='lat' dir='ltr'><strong>deque</strong></span> <span class='ocrx_word' id='word_1_399' title='bbox 266 3862 377 3932; x_wconf 85' lang='lat' dir='ltr'><strong>habuit,</strong></span> <span class='ocrx_word' id='word_1_400' title='bbox 400 3874 435 3921; x_wconf 90' lang='lat' dir='ltr'><strong>ut</strong></span> <span class='ocrx_word' id='word_1_401' title='bbox 460 3862 489 3921; x_wconf 93' lang='lat' dir='ltr'><strong>in</strong></span> <span class='ocrx_word' id='word_1_402' title='bbox 513 3861 655 3940; x_wconf 71' lang='lat' dir='ltr'><strong>Captivis.</strong></span> <span class='ocrx_word' id='word_1_403' title='bbox 697 3861 798 3927; x_wconf 82' lang='lat' dir='ltr'><strong>Quam</strong></span> <span class='ocrx_word' id='word_1_404' title='bbox 821 3860 963 3920; x_wconf 90' lang='lat' dir='ltr'><strong>incuriam</strong></span> <span class='ocrx_word' id='word_1_405' title='bbox 985 3873 1074 3939; x_wconf 88' lang='lat' dir='ltr'><strong>poeta</strong></span> <span class='ocrx_word' id='word_1_406' title='bbox 1096 3879 1165 3921; x_wconf 86' lang='lat' dir='ltr'><strong>cum</strong></span> 
     </span>
     <span class='ocr_line' id='line_1_47' title="bbox 50 3930 838 4023; baseline -0.004 -22"><span class='ocrx_word' id='word_1_407' title='bbox 50 3930 144 4009; x_wconf 70' lang='lat' dir='ltr'><strong>tumet,</strong></span> <span class='ocrx_word' id='word_1_408' title='bbox 156 3944 303 4003; x_wconf 85' lang='lat' dir='ltr'><strong>continere</strong></span> <span class='ocrx_word' id='word_1_409' title='bbox 317 3962 349 4001; x_wconf 88' lang='lat' dir='ltr'><strong>ae</strong></span> <span class='ocrx_word' id='word_1_410' title='bbox 362 3962 420 4003; x_wconf 93' lang='lat' dir='ltr'><strong>non</strong></span> <span class='ocrx_word' id='word_1_411' title='bbox 433 3942 541 4023; x_wconf 85' lang='lat' dir='ltr'><strong>potuit,</strong></span> <span class='ocrx_word' id='word_1_412' title='bbox 555 3943 627 4021; x_wconf 92' lang='lat' dir='ltr'><strong>quin</strong></span> <span class='ocrx_word' id='word_1_413' title='bbox 641 3941 838 4001; x_wconf 84' lang='lat' dir='ltr'><strong>exclamaret:</strong></span> 
     </span>
    </p>
   </div>
   <div class='ocr_carea' id='block_1_5' title="bbox 52 4033 1170 4437">
    <p class='ocr_par' dir='ltr' id='par_1_6' title="bbox 52 4033 1170 4437">
     <span class='ocr_line' id='line_1_48' title="bbox 262 4033 861 4173; baseline -0.003 -12"><span class='ocrx_word' id='word_1_414' title='bbox 262 4106 405 4163; x_wconf 81' lang='lat' dir='ltr'><strong>Nocturna</strong></span> <span class='ocrx_word' id='word_1_415' title='bbox 415 4033 861 4173; x_wconf 47' lang='grc' dir='ltr'><strong>νιιιιιιζοιξιιοιιιῗῃειιξΠιιιῗεῦιὶτιξιῗιῗιΙ</strong></span> 
     </span>
     <span class='ocr_line' id='line_1_49' title="bbox 52 4176 1168 4275; baseline 0.009 -31"><span class='ocrx_word' id='word_1_416' title='bbox 52 4176 137 4248; x_wconf 79' lang='lat' dir='ltr'><strong>Contra</strong></span> <span class='ocrx_word' id='word_1_417' title='bbox 147 4195 346 4275; x_wconf 76' lang='lat' dir='ltr'><strong>negligentiam</strong></span> <span class='ocrx_word' id='word_1_418' title='bbox 360 4216 482 4256; x_wconf 85' lang='lat' dir='ltr'><strong>auorum</strong></span> <span class='ocrx_word' id='word_1_419' title='bbox 496 4208 526 4256; x_wconf 88' lang='lat' dir='ltr'><strong>et</strong></span> <span class='ocrx_word' id='word_1_420' title='bbox 540 4197 681 4257; x_wconf 87' lang='lat' dir='ltr'><strong>incuriam</strong></span> <span class='ocrx_word' id='word_1_421' title='bbox 695 4192 870 4273; x_wconf 81' lang='lat' dir='ltr'><strong>graviaoime</strong></span> <span class='ocrx_word' id='word_1_422' title='bbox 883 4200 1009 4251; x_wconf 80' lang='lat' dir='ltr'><strong>taxaret.</strong></span> <span class='ocrx_word' id='word_1_423' title='bbox 1050 4191 1168 4257; x_wconf 84' lang='lat' dir='ltr'><strong>Quidni</strong></span> 
     </span>
     <span class='ocr_line' id='line_1_50' title="bbox 52 4264 1169 4419; baseline 0.007 -100"><span class='ocrx_word' id='word_1_424' title='bbox 52 4264 109 4324; x_wconf 85' lang='lat' dir='ltr'><strong>min</strong></span> <span class='ocrx_word' id='word_1_425' title='bbox 128 4274 172 4349; x_wconf 88' lang='lat' dir='ltr'><strong>qui</strong></span> <span class='ocrx_word' id='word_1_426' title='bbox 192 4276 248 4337; x_wconf 86' lang='lat' dir='ltr'><strong>hoc</strong></span> <span class='ocrx_word' id='word_1_427' title='bbox 272 4290 333 4336; x_wconf 88' lang='lat' dir='ltr'><strong>tum</strong></span> <span class='ocrx_word' id='word_1_428' title='bbox 357 4280 471 4356; x_wconf 83' lang='lat' dir='ltr'><strong>agebat,</strong></span> <span class='ocrx_word' id='word_1_429' title='bbox 486 4276 567 4419; x_wconf 49' lang='lat' dir='ltr'><strong>quq}</strong></span> <span class='ocrx_word' id='word_1_430' title='bbox 587 4288 655 4336; x_wconf 86' lang='lat' dir='ltr'><strong>ante</strong></span> <span class='ocrx_word' id='word_1_431' title='bbox 676 4294 745 4332; x_wconf 87' lang='lat' dir='ltr'><strong>eum</strong></span> <span class='ocrx_word' id='word_1_432' title='bbox 766 4268 962 4359; x_wconf 73' lang='lat' dir='ltr'><strong>Aristotelea:</strong></span> <span class='ocrx_word' id='word_1_433' title='bbox 983 4270 1034 4347; x_wconf 91' lang='lat' dir='ltr'><strong>qui</strong></span> <span class='ocrx_word' id='word_1_434' title='bbox 1057 4270 1169 4347; x_wconf 73' lang='lat' dir='ltr'><strong>ubique</strong></span> 
     </span>
     <span class='ocr_line' id='line_1_51' title="bbox 54 4336 1170 4437; baseline -0.004 -24"><span class='ocrx_word' id='word_1_435' title='bbox 54 4336 191 4437; x_wconf 67' lang='lat' dir='ltr'><strong>Euripidem</strong></span> <span class='ocrx_word' id='word_1_436' title='bbox 202 4370 231 4416; x_wconf 91' lang='lat' dir='ltr'><strong>et</strong></span> <span class='ocrx_word' id='word_1_437' title='bbox 250 4357 324 4417; x_wconf 83' lang='lat' dir='ltr'><strong>alioa</strong></span> <span class='ocrx_word' id='word_1_438' title='bbox 336 4358 366 4418; x_wconf 93' lang='lat' dir='ltr'><strong>in</strong></span> <span class='ocrx_word' id='word_1_439' title='bbox 385 4358 443 4417; x_wconf 82' lang='lat' dir='ltr'><strong>illia</strong></span> <span class='ocrx_word' id='word_1_440' title='bbox 462 4378 530 4437; x_wconf 88' lang='lat' dir='ltr'><strong>repr</strong></span> <span class='ocrx_word' id='word_1_441' title='bbox 567 4356 669 4417; x_wconf 87' lang='lat' dir='ltr'><strong>endit:</strong></span> <span class='ocrx_word' id='word_1_442' title='bbox 691 4372 760 4412; x_wconf 87' lang='lat' dir='ltr'><strong>nam</strong></span> <span class='ocrx_word' id='word_1_443' title='bbox 773 4350 812 4409; x_wconf 89' lang='lat' dir='ltr'><strong>de</strong></span> <span class='ocrx_word' id='word_1_444' title='bbox 825 4351 946 4408; x_wconf 78' lang='lat' dir='ltr'><strong>comicia</strong></span> <span class='ocrx_word' id='word_1_445' title='bbox 959 4370 1027 4427; x_wconf 78' lang='lat' dir='ltr'><strong>quie</strong></span> <span class='ocrx_word' id='word_1_446' title='bbox 1040 4348 1170 4423; x_wconf 79' lang='lat' dir='ltr'><strong>noripait,</strong></span> 
     </span>
    </p>
   </div>
   <div class='ocr_carea' id='block_1_6' title="bbox 54 4418 1172 4515">
    <p class='ocr_par' dir='ltr' id='par_1_7' title="bbox 54 4418 1172 4515">
     <span class='ocr_line' id='line_1_52' title="bbox 54 4418 1172 4515; baseline 0 -28"><span class='ocrx_word' id='word_1_447' title='bbox 54 4418 119 4487; x_wconf 71' lang='lat' dir='ltr'><strong>lodie</strong></span> <span class='ocrx_word' id='word_1_448' title='bbox 140 4452 191 4497; x_wconf 80' lang='lat' dir='ltr'><strong>non</strong></span> <span class='ocrx_word' id='word_1_449' title='bbox 210 4450 335 4500; x_wconf 64' lang='lat' dir='ltr'><strong>munt.</strong></span> <span class='ocrx_word' id='word_1_450' title='bbox 377 4438 471 4501; x_wconf 73' lang='lat' dir='ltr'><strong>Pom</strong></span> <span class='ocrx_word' id='word_1_451' title='bbox 498 4438 586 4503; x_wconf 59' lang='lat' dir='ltr'><strong>gimel</strong></span> <span class='ocrx_word' id='word_1_452' title='bbox 609 4456 644 4515; x_wconf 66' lang='lat' dir='ltr'><strong>ae</strong></span> <span class='ocrx_word' id='word_1_453' title='bbox 672 4446 761 4513; x_wconf 85' lang='lat' dir='ltr'><strong>poeta</strong></span> <span class='ocrx_word' id='word_1_454' title='bbox 782 4426 929 4490; x_wconf 73' lang='lat' dir='ltr'><strong>audonem</strong></span> <span class='ocrx_word' id='word_1_455' title='bbox 950 4430 1047 4495; x_wconf 83' lang='lat' dir='ltr'><strong>habet,</strong></span> <span class='ocrx_word' id='word_1_456' title='bbox 1070 4424 1172 4487; x_wconf 86' lang='lat' dir='ltr'><strong>locum</strong></span> 
     </span>
    </p>
   </div>
   <div class='ocr_carea' id='block_1_7' title="bbox 0 0 1428 4759">
    <p class='ocr_par' dir='ltr' id='par_1_8' title="bbox 0 0 1428 4759">
     <span class='ocr_line' id='line_1_53' title="bbox 0 0 1428 4759; baseline 0 0"><span class='ocrx_word' id='word_1_457' title='bbox 0 0 1428 4759; x_wconf 95' lang='lat' dir='ltr'><strong> </strong></span> 
     </span>
    </p>
   </div>
  </div>
 </body>
</html>
