2834 4759
230 198 262 257 xl
326 196 534 256 PETITUS
562 194 624 253 DE
652 194 844 254 ORDINE
872 192 1066 253 COMOED.
1096 191 1300 252 TERENT.

271 327 438 387 Assinaros.
453 340 537 385 sexta
550 339 595 384 est
609 326 754 385 comoedia
767 346 785 383 a
797 325 937 383 Terentio
948 326 1034 392 facta,
1046 342 1138 401 eaque
1146 322 1227 381 edita
1235 334 1280 380 eat
1290 320 1393 380 Lucio

230 410 347 477 Anicio,
364 408 408 466 M.
425 407 561 465 Cornelio
575 406 659 465 Coss.
674 408 731 465 hoc
743 420 798 475 est,
813 425 889 464 anno
909 408 947 464 ab
963 405 999 464 U.
1011 403 1047 462 C.
1063 423 1164 463 nxctv.
1197 402 1287 461 Ludit
1298 402 1394 461 sune·

236 491 337 549 bribus
357 490 392 547 L.
409 488 520 547 AEmilii
535 486 629 558 Pauli,
644 500 676 545 ut
695 488 786 545 habes
804 487 833 545 in
852 486 1038 545 Didascaliis.
1080 484 1190 543 lisdem
1206 483 1284 541 ludis
1297 483 1393 540 fune-

231 571 332 631 bribus
348 570 439 629 relata
453 583 498 627 est
513 568 640 645 Hecyra,
656 567 708 626 sed
722 588 782 626 non
796 566 915 645 placuit,
930 580 963 625 ut
977 578 1023 625 est
1033 567 1062 623 ln
1077 563 1265 623 Didascaliia
1297 563 1390 621 Prius

231 667 328 710 tamen
350 652 379 709 in
400 670 514 708 scenam
529 650 673 727 products
686 662 733 707 est
748 650 875 726 Hecyra,
890 668 978 724 quam
997 646 1160 722 Adelphos,
1175 657 1209 703 ut
1223 644 1335 721 colligo
1348 664 1391 701 ex

233 734 356 799 Donato,
372 732 421 808 qni
437 730 524 789 dicit:
545 729 663 787 Factam
676 738 703 787 et
717 729 821 787 editum
834 727 929 807 quieto
943 728 1010 786 laco.
1046 726 1138 793 Male,
1152 741 1185 783 ut
1199 725 1389 793 andivimus3

231 814 286 871 nisi
299 812 419 889 perinde
433 811 569 869 habueris
581 812 703 888 primam
719 810 797 869 illins
809 810 978 877 editionem,
993 808 1047 866 Cn.
1063 806 1200 875 Octavio,
1215 806 1251 863 T.
1268 804 1390 863 Manlio

232 893 316 951 Coss.
332 893 413 970 quasi
433 892 551 950 omnino
565 892 643 951 edita
663 910 721 949 non
739 904 825 958 esset,
841 910 907 949 cum
927 909 1022 966 neque
1043 900 1186 965 spectata,
1207 905 1305 963 neque
1321 900 1393 944 acta

233 986 302 1032 tunc
324 974 379 1043 sit3
402 993 497 1049 neque
521 986 581 1029 tum
606 971 680 1029 male
703 971 783 1029 dices
806 972 902 1049 quinto
927 970 995 1038 loco,
1015 989 1081 1027 eum
1104 968 1250 1047 producta
1269 980 1319 1024 est
1342 967 1391 1025 his

232 1054 310 1113 ludis
325 1054 496 1112 funebribus
511 1052 621 1111 AEmilii
636 1051 718 1110 Pauli
733 1066 801 1110 ante
817 1050 979 1128 Adelphos.
1021 1048 1123 1113 Quare
1141 1048 1306 1107 audiendus
1327 1068 1392 1105 non

233 1148 278 1194 est
298 1134 436 1204 Donatus,
452 1135 501 1210 qui
516 1153 579 1191 eam
594 1132 712 1190 secundo
733 1132 792 1190 loco
809 1143 904 1190 actam
922 1130 1000 1198 dicit,
1015 1130 1173 1189 etiamtum
1192 1128 1256 1187 rudt'
1275 1128 1393 1185 nomine

228 1225 344 1294 poam
368 1215 462 1293 itaque
481 1214 522 1271 ric
545 1214 758 1291 pronunciatum
779 1213 946 1271 Anacreon
968 1210 1131 1280 Teanum,
1156 1230 1210 1267 non
1230 1208 1393 1266 Ternarii

235 1297 412 1354 Ansnvnon.
438 1294 519 1359 Quod
531 1294 622 1352 adhuc
636 1293 793 1371 desubuloe
806 1293 899 1371 magia
911 1291 1019 1351 nomiae
1026 1301 1111 1369 poeta
1119 1313 1129 1361 ,·
1152 1310 1235 1369 quarn
1247 1288 1282 1345 de
1291 1299 1394 1366 poetae

233 1376 341 1435 omnine
355 1376 463 1451 sabulo
486 1373 730 1433 commendaretur.
767 1374 846 1439 Quae
869 1373 961 1432 sutilis
985 1372 1199 1449 argumentatio
1222 1382 1286 1428 est:
1320 1390 1396 1428 narn

233 1456 313 1517 nulla
334 1456 497 1515 fabularum
520 1455 650 1513 Terentii
672 1455 865 1533 pronunciata
883 1467 929 1512 est
948 1452 1111 1522 Tnnsrvrrr,
1131 1450 1258 1529 exempli
1279 1451 1395 1527 gratia,

233 1537 386 1604 Priorum,
402 1536 782 1605 Hrauronvruoaumssos,
794 1550 948 1612 antequam
964 1534 1081 1592 tertium
1096 1533 1268 1591 edoceretur
1281 1531 1394 1589 Eunu·

233 1619 315 1676 chus.
359 1618 453 1695 quue
481 1619 620 1675 observat
645 1618 776 1675 Donatus
803 1616 975 1693 praefatione
1002 1615 1032 1673 in
1059 1613 1243 1682 Eunuchum,
1265 1612 1395 1671 tertium

234 1699 342 1758 editam
357 1699 447 1757 fuisse
461 1711 530 1775 post
543 1696 747 1776 Adelphorum
761 1696 929 1755 editionem.

745 1868 875 1885 —n-D-

505 2004 547 2076 L.
586 2002 869 2076 VICTORIS
908 2002 1122 2075 FAUSTI

592 2168 639 2216 DE
657 2167 834 2216 COMOEDIA
850 2168 1030 2217 LIBELLUS.

411 2278 467 2335 Sim
479 2280 569 2333 brevis
581 2296 666 2349 usque
676 2279 741 2332 licet
751 2287 872 2332 veterum
885 2277 919 2332 de
929 2296 1005 2333 more
1015 2278 1133 2345 libellus,

446 2350 546 2433 Meque
559 2367 638 2403 snum
652 2350 793 2420 quisquam
804 2358 920 2421 nequeat
931 2366 1063 2404 asserere:

411 2421 469 2475 Nec
482 2421 568 2474 triviis
581 2420 690 2489 volgata
700 2420 795 2483 feram,
809 2420 967 2489 decerptave
978 2421 1088 2489 passim,

448 2491 505 2545 Nec
517 2489 629 2560 proinde
642 2492 710 2544 elata
721 2490 812 2544 fronte
824 2490 955 2559 superbus
967 2508 1042 2545 eam:

410 2564 538 2616 Attamen
551 2560 688 2631 egregium
700 2560 768 2613 nihil
781 2559 908 2631 undique,
923 2570 949 2614 et
961 2560 1080 2633 undique
1092 2572 1194 2615 tersum
1206 2569 1256 2615 est.

446 2631 518 2685 Nam
530 2631 603 2703 quod
616 2631 730 2695 miraris,
744 2629 813 2684 ridet
825 2630 853 2683 id
865 2632 932 2685 alter
944 2648 1020 2702 opus.

237 2733 398 2799 Emrunus
412 2759 467 2815 ego
480 2736 611 2795 libellum
623 2736 660 2795 de
672 2734 779 2813 triplici
789 2736 999 2795 comoediarum
1012 2738 1151 2805 sectione,
1164 2736 1396 2799 Trivisanorum

238 2822 336 2889 decus,
361 2819 489 2884 Andron,
515 2818 576 2885 tibi,
603 2838 770 2894 quanquam
796 2830 984 2894 praetextato,
1009 2838 1113 2876 munus
1137 2818 1235 2877 dicare
1258 2818 1395 2879 decrevi.

239 2902 307 2959 Non
322 2900 456 2977 equidem
472 2897 662 2957 admiratione
682 2899 824 2955 bonorum
840 2899 971 2975 corporis
990 2912 1041 2957 aut
1054 2900 1190 2967 sortunae,
1205 2919 1263 2974 qua
1281 2903 1397 2960 merito

238 2981 371 3040 Venetiis
386 2994 416 3037 et
436 2981 465 3037 in
480 2981 554 3038 adeo
568 2977 722 3036 excellenti
737 2978 847 3036 familia
861 2999 1087 3038 veneraremur:
1110 2979 1162 3037 sed
1185 2981 1325 3056 quoniam
1349 2982 1396 3041 in·

237 3062 323 3140 genio
339 3076 367 3121 te
388 3058 527 3137 singulari
546 3058 759 3117 adolescentem
773 3058 873 3117 multis
883 3058 1059 3137 jampridem
1074 3060 1188 3118 indiciis
1202 3060 1264 3137 ipse
1277 3082 1398 3140 cogno-

237 3163 347 3201 veram.
391 3141 507 3199 Etenim
523 3160 601 3206 vere,
617 3139 696 3216 quod
716 3139 753 3197 cle
767 3160 799 3199 se
817 3139 949 3215 jactabat
964 3139 1178 3218 Hermogenes,
1193 3155 1313 3199 aetatem
1330 3144 1396 3201 vir·

239 3225 360 3288 tutibus,
375 3221 454 3280 haud
474 3219 571 3279 indole
592 3220 772 3297 praevenisti.
815 3219 963 3285 Quocirca
979 3222 1088 3279 nemini
1102 3221 1236 3279 videatur
1250 3222 1396 3294 alienum,

238 3306 262 3363 si
291 3303 370 3381 quod
398 3305 434 3361 ab
464 3302 580 3379 ingenio
607 3300 811 3377 proficiscitur,
839 3302 956 3377 ingenio
983 3303 1136 3379 praestanti
1165 3302 1395 3364 adolescentulo

237 3398 430 3461 nuncupatur.
474 3382 622 3440 Caeterum
637 3383 762 3439 arbitror
777 3402 823 3439 me
835 3384 917 3445 meis.
933 3398 1079 3459 quotquot
1093 3396 1252 3459 potuerunt
1267 3384 1398 3456 intendi,

240 3466 352 3524 viribus
378 3476 612 3529 consecuturum,
639 3482 674 3519 ne
699 3461 823 3539 amplius
850 3462 920 3540 quid
945 3483 1053 3521 novum
1080 3477 1131 3522 aut
1156 3478 1251 3531 vetus,
1275 3466 1394 3541 quidve

237 3546 376 3612 medium,
392 3558 422 3603 et
444 3564 495 3603 cur
515 3544 544 3600 in
565 3542 705 3600 comoedia
728 3542 850 3611 dicatur,
872 3542 948 3601 ullus
969 3545 1093 3620 ignoret.
1136 3543 1226 3609 Quod
1248 3545 1397 3606 hactenus

238 3627 284 3687 vel
299 3626 438 3685 omissum
461 3646 478 3683 a
499 3622 618 3690 Latinis,
637 3622 683 3681 vel
697 3623 838 3699 abolitum
854 3638 999 3683 vetustate
1013 3624 1111 3683 secula
1125 3639 1225 3683 nostra
1239 3624 1395 3687 desidera·

238 3721 315 3767 runt.
354 3706 450 3765 Multa
461 3704 580 3783 quidem
595 3705 712 3781 egregie
726 3704 871 3772 Donatus,
884 3704 973 3763 multa
990 3704 1159 3773 Diomedes,
1171 3720 1202 3765 et
1215 3706 1289 3765 adeo
1303 3709 1396 3767 bonis

238 3788 375 3866 auspiciis
396 3785 592 3864 protulerunt,
613 3802 646 3842 ut
666 3805 700 3842 ea
721 3786 902 3861 grammatici
922 3787 1031 3862 passim
1053 3786 1082 3843 in
1103 3806 1156 3844 sua
1175 3787 1396 3848 transcribant:

161 3904 164 3919 ·
238 3870 289 3928 scd
305 3884 401 3927 tamen
421 3868 477 3925 huc
496 3866 544 3924 illa
562 3886 666 3942 parum
681 3866 826 3933 videntur,
841 3866 931 3923 immo
951 3866 1022 3924 nihil
1043 3868 1198 3943 pertinere.
1241 3866 1395 3932 Quaedam

238 3950 326 4027 igitur
347 3948 492 4009 aGraecis
513 3947 681 4005 auctoribus
700 3959 731 4003 et
750 3946 862 4004 Latinis
882 3946 1108 4024 haudquaquam
1129 3949 1301 4006 nominatim
1322 3970 1396 4027 per-

238 4044 371 4099 tractata,
387 4049 488 4087 verum
504 4028 598 4085 obiter
611 4026 737 4085 disserta
750 4026 942 4103 collegimus:
965 4028 1099 4105 quaedam
1115 4028 1170 4106 ipsi
1185 4028 1300 4087 collutis
1316 4030 1397 4090 inter

238 4132 269 4169 se
290 4109 388 4170 multis
402 4108 553 4174 elicienda,
568 4128 602 4165 ac
622 4108 753 4165 breviter
767 4108 934 4166 curavimus
954 4108 1128 4177 annotanda,
1143 4130 1210 4186 quae
1225 4110 1278 4169 tibi
1296 4130 1396 4187 pauca

237 4212 346 4269 parvus
360 4210 415 4265 ego
436 4188 552 4257 devovi,
570 4188 690 4264 perinde
711 4202 800 4264 atque
822 4209 903 4247 suam
919 4186 1101 4267 Virgilianos
1121 4189 1169 4247 ille
1190 4189 1395 4251 Micondianae

239 4271 444 4331 Venationem.
487 4268 625 4327 Fatemur
639 4268 717 4326 enim
730 4282 761 4327 et
774 4289 876 4328 corum
896 4290 963 4346 quae
982 4290 1037 4327 nos
1050 4270 1169 4329 minime
1183 4272 1395 4348 praeterierint,

238 4352 412 4413 subticuisse
426 4348 585 4428 complura.
628 4348 694 4409 Jam
714 4350 813 4427 itaque
827 4363 956 4409 nostram
971 4350 1112 4409 hactenus
1126 4350 1285 4430 obligatam
1301 4352 1394 4411 fidem

237 4434 433 4495 absolvamus.
475 4429 637 4493 Comoediae
656 4450 763 4491 nornen
781 4452 799 4489 a
814 4429 958 4491 Daemone
973 4430 1067 4491 Como
1081 4431 1216 4510 religiose
1231 4432 1396 4495 admodum
