<?xml version="1.0" encoding="UTF-8"?>
<!DOCTYPE html PUBLIC "-//W3C//DTD XHTML 1.0 Transitional//EN"
    "http://www.w3.org/TR/xhtml1/DTD/xhtml1-transitional.dtd">
<html xmlns="http://www.w3.org/1999/xhtml" xml:lang="en" lang="en">
 <head>
  <title>
</title>
<meta http-equiv="Content-Type" content="text/html;charset=utf-8" />
  <meta name='ocr-system' content='tesseract 3.04.00' />
  <meta name='ocr-capabilities' content='ocr_page ocr_carea ocr_par ocr_line ocrx_word'/>
</head>
<body>
  <div class='ocr_page' id='page_1' title='image "./publiiterentiic01lindgoog_0609.png"; bbox 0 0 2834 4759; ppageno 0'>
   <div class='ocr_carea' id='block_1_1' title="bbox 212 166 1375 253">
    <p class='ocr_par' dir='ltr' id='par_1_1' title="bbox 212 166 1375 253">
     <span class='ocr_line' id='line_1_1' title="bbox 212 166 1375 253; baseline -0.002 -18"><span class='ocrx_word' id='word_1_1' title='bbox 212 168 279 235; x_wconf 74' lang='lat'><strong>698</strong></span> <span class='ocrx_word' id='word_1_2' title='bbox 656 166 932 237; x_wconf 76' lang='lat' dir='ltr'>TERENTII</span> <span class='ocrx_word' id='word_1_3' title='bbox 1193 170 1375 253; x_wconf 77' lang='grc' dir='ltr'>[ισωειι.</span> 
     </span>
    </p>
   </div>
   <div class='ocr_carea' id='block_1_2' title="bbox 272 301 1375 887">
    <p class='ocr_par' dir='ltr' id='par_1_2' title="bbox 272 301 1375 887">
     <span class='ocr_line' id='line_1_2' title="bbox 298 301 1138 390; baseline -0.001 -21"><span class='ocrx_word' id='word_1_4' title='bbox 298 301 451 369; x_wconf 84' lang='lat' dir='ltr'><strong>Audistis</strong></span> <span class='ocrx_word' id='word_1_5' title='bbox 467 301 585 369; x_wconf 79' lang='lat' dir='ltr'><strong>lectam</strong></span> <span class='ocrx_word' id='word_1_6' title='bbox 599 303 759 388; x_wconf 82' lang='lat' dir='ltr'><strong>injuriam,</strong></span> <span class='ocrx_word' id='word_1_7' title='bbox 775 326 873 390; x_wconf 83' lang='lat' dir='ltr'><strong>quam</strong></span> <span class='ocrx_word' id='word_1_8' title='bbox 884 304 957 369; x_wconf 77' lang='lat' dir='ltr'><strong>haeo</strong></span> <span class='ocrx_word' id='word_1_9' title='bbox 971 314 1023 371; x_wconf 86' lang='lat' dir='ltr'><strong>est</strong></span> <span class='ocrx_word' id='word_1_10' title='bbox 1034 301 1138 369; x_wconf 77' lang='lat' dir='ltr'><strong>mihil</strong></span> 
     </span>
     <span class='ocr_line' id='line_1_3' title="bbox 299 400 1375 486; baseline -0.002 -20"><span class='ocrx_word' id='word_1_11' title='bbox 299 400 428 468; x_wconf 78' lang='lat' dir='ltr'><strong>Adeste</strong></span> <span class='ocrx_word' id='word_1_12' title='bbox 443 422 566 486; x_wconf 81' lang='lat' dir='ltr'><strong>quoeso.</strong></span> <span class='ocrx_word' id='word_1_13' title='bbox 601 401 668 466; x_wconf 80' lang='lat' dir='ltr'><strong>Gn.</strong></span> <span class='ocrx_word' id='word_1_14' title='bbox 684 402 793 467; x_wconf 84' lang='lat' dir='ltr'><strong>lrstus</strong></span> <span class='ocrx_word' id='word_1_15' title='bbox 808 414 869 468; x_wconf 86' lang='lat' dir='ltr'><strong>cst.</strong></span> <span class='ocrx_word' id='word_1_16' title='bbox 907 402 972 468; x_wconf 87' lang='lat' dir='ltr'><strong>Pu.</strong></span> <span class='ocrx_word' id='word_1_17' title='bbox 990 400 1079 475; x_wconf 83' lang='lat' dir='ltr'><strong>Quin</strong></span> <span class='ocrx_word' id='word_1_18' title='bbox 1094 400 1306 486; x_wconf 84' lang='lat' dir='ltr'><strong>tuhooage:</strong></span> <span class='ocrx_word' id='word_1_19' title='bbox 1324 411 1375 465; x_wconf 80' lang='lat' dir='ltr'><strong>st.</strong></span> 
     </span>
     <span class='ocr_line' id='line_1_4' title="bbox 301 499 1184 587; baseline -0.002 -22"><span class='ocrx_word' id='word_1_20' title='bbox 301 500 376 565; x_wconf 82' lang='lat' dir='ltr'><strong>dnm</strong></span> <span class='ocrx_word' id='word_1_21' title='bbox 390 521 453 585; x_wconf 85' lang='lat' dir='ltr'><strong>ego</strong></span> <span class='ocrx_word' id='word_1_22' title='bbox 467 500 554 564; x_wconf 92' lang='lat' dir='ltr'><strong>hunc</strong></span> <span class='ocrx_word' id='word_1_23' title='bbox 569 501 717 584; x_wconf 84' lang='lat' dir='ltr'><strong>agitabo:</strong></span> <span class='ocrx_word' id='word_1_24' title='bbox 740 524 802 587; x_wconf 91' lang='lat' dir='ltr'><strong>pro</strong></span> <span class='ocrx_word' id='word_1_25' title='bbox 817 500 926 566; x_wconf 91' lang='lat' dir='ltr'><strong>Deum</strong></span> <span class='ocrx_word' id='word_1_26' title='bbox 941 499 1184 564; x_wconf 74' lang='lat' dir='ltr'><strong>immortalium!</strong></span> 
     </span>
     <span class='ocr_line' id='line_1_5' title="bbox 272 596 1240 683; baseline 0.002 -24"><span class='ocrx_word' id='word_1_27' title='bbox 272 598 412 683; x_wconf 82' lang='lat' dir='ltr'><strong>tNegat</strong></span> <span class='ocrx_word' id='word_1_28' title='bbox 426 596 587 663; x_wconf 86' lang='lat' dir='ltr'><strong>Phanium</strong></span> <span class='ocrx_word' id='word_1_29' title='bbox 600 620 674 663; x_wconf 85' lang='lat' dir='ltr'><strong>esse</strong></span> <span class='ocrx_word' id='word_1_30' title='bbox 688 598 772 665; x_wconf 88' lang='lat' dir='ltr'><strong>hanc</strong></span> <span class='ocrx_word' id='word_1_31' title='bbox 789 600 850 663; x_wconf 82' lang='lat' dir='ltr'>sibi</span> <span class='ocrx_word' id='word_1_32' title='bbox 864 610 1034 683; x_wconf 81' lang='lat' dir='ltr'><strong>cognatam</strong></span> <span class='ocrx_word' id='word_1_33' title='bbox 1051 596 1240 682; x_wconf 68' lang='lat' dir='ltr'><strong>Demipho?</strong></span> 
     </span>
     <span class='ocr_line' id='line_1_6' title="bbox 301 694 1233 783; baseline -0.002 -22"><span class='ocrx_word' id='word_1_34' title='bbox 301 696 399 761; x_wconf 86' lang='lat' dir='ltr'><strong>Hanc</strong></span> <span class='ocrx_word' id='word_1_35' title='bbox 415 694 580 779; x_wconf 84' lang='lat' dir='ltr'><strong>Demipho</strong></span> <span class='ocrx_word' id='word_1_36' title='bbox 595 707 693 782; x_wconf 85' lang='lat' dir='ltr'><strong>negat</strong></span> <span class='ocrx_word' id='word_1_37' title='bbox 707 720 781 763; x_wconf 87' lang='lat' dir='ltr'><strong>esse</strong></span> <span class='ocrx_word' id='word_1_38' title='bbox 796 700 988 783; x_wconf 72' lang='lat' dir='ltr'><strong>cognatam?</strong></span> <span class='ocrx_word' id='word_1_39' title='bbox 1025 696 1092 761; x_wconf 77' lang='lat' dir='ltr'><strong>Ga.</strong></span> <span class='ocrx_word' id='word_1_40' title='bbox 1110 696 1233 780; x_wconf 78' lang='lat' dir='ltr'><strong>Neget.</strong></span> 
     </span>
     <span class='ocr_line' id='line_1_7' title="bbox 303 793 1240 887; baseline 0 -28"><span class='ocrx_word' id='word_1_41' title='bbox 303 794 372 859; x_wconf 81' lang='lat' dir='ltr'><strong>Du.</strong></span> <span class='ocrx_word' id='word_1_42' title='bbox 389 793 501 887; x_wconf 82' lang='lat' dir='ltr'><strong>Ipsum</strong></span> <span class='ocrx_word' id='word_1_43' title='bbox 515 816 589 859; x_wconf 86' lang='lat' dir='ltr'><strong>ease</strong></span> <span class='ocrx_word' id='word_1_44' title='bbox 604 796 729 879; x_wconf 88' lang='lat' dir='ltr'><strong>opinor,</strong></span> <span class='ocrx_word' id='word_1_45' title='bbox 746 796 787 861; x_wconf 90' lang='lat' dir='ltr'><strong>de</strong></span> <span class='ocrx_word' id='word_1_46' title='bbox 802 818 867 883; x_wconf 94' lang='lat' dir='ltr'><strong>quo</strong></span> <span class='ocrx_word' id='word_1_47' title='bbox 882 796 1035 881; x_wconf 81' lang='lat' dir='ltr'><strong>agebam:</strong></span> <span class='ocrx_word' id='word_1_48' title='bbox 1059 794 1240 879; x_wconf 85' lang='lat' dir='ltr'><strong>sequimini.</strong></span> 
     </span>
    </p>
   </div>
   <div class='ocr_carea' id='block_1_3' title="bbox 208 976 1380 4474">
    <p class='ocr_par' dir='ltr' id='par_1_3' title="bbox 208 976 1380 4474">
     <span class='ocr_line' id='line_1_8' title="bbox 214 976 1377 1041; baseline -0.002 -14"><span class='ocrx_word' id='word_1_49' title='bbox 214 976 352 1027; x_wconf 79' lang='lat' dir='ltr'><strong>rhetoribus</strong></span> <span class='ocrx_word' id='word_1_50' title='bbox 367 976 454 1041; x_wconf 76' lang='lat' dir='ltr'><strong>placet,</strong></span> <span class='ocrx_word' id='word_1_51' title='bbox 467 976 542 1025; x_wconf 86' lang='lat' dir='ltr'><strong>veluti</strong></span> <span class='ocrx_word' id='word_1_52' title='bbox 557 978 776 1040; x_wconf 68' lang='lat' dir='ltr'><strong>quedamoontro·</strong></span> <span class='ocrx_word' id='word_1_53' title='bbox 808 986 830 1027; x_wconf 83' lang='lat' dir='ltr'><strong>st</strong></span> <span class='ocrx_word' id='word_1_54' title='bbox 852 980 967 1041; x_wconf 75' lang='lat' dir='ltr'><strong>significat</strong></span> <span class='ocrx_word' id='word_1_55' title='bbox 982 980 1112 1025; x_wconf 74' lang='lat' dir='ltr'><strong>silentium:</strong></span> <span class='ocrx_word' id='word_1_56' title='bbox 1136 986 1187 1025; x_wconf 89' lang='lat' dir='ltr'><strong>tum</strong></span> <span class='ocrx_word' id='word_1_57' title='bbox 1205 991 1295 1025; x_wconf 80' lang='lat' dir='ltr'><strong>omnes</strong></span> <span class='ocrx_word' id='word_1_58' title='bbox 1315 986 1377 1025; x_wconf 78' lang='lat' dir='ltr'><strong>vett.</strong></span> 
     </span>
     <span class='ocr_line' id='line_1_9' title="bbox 213 1040 1377 1106; baseline -0.002 -15"><span class='ocrx_word' id='word_1_59' title='bbox 213 1041 293 1091; x_wconf 82' lang='lat' dir='ltr'><strong>versis</strong></span> <span class='ocrx_word' id='word_1_60' title='bbox 310 1053 420 1104; x_wconf 68' lang='lat' dir='ltr'><strong>estque</strong></span> <span class='ocrx_word' id='word_1_61' title='bbox 435 1057 485 1090; x_wconf 89' lang='lat' dir='ltr'><strong>uno</strong></span> <span class='ocrx_word' id='word_1_62' title='bbox 502 1051 610 1105; x_wconf 88' lang='lat' dir='ltr'><strong>tempore</strong></span> <span class='ocrx_word' id='word_1_63' title='bbox 627 1058 657 1090; x_wconf 78' lang='lat' dir='ltr'><strong>ea</strong></span> <span class='ocrx_word' id='word_1_64' title='bbox 674 1053 776 1105; x_wconf 82' lang='lat' dir='ltr'><strong>utroque</strong></span> <span class='ocrx_word' id='word_1_65' title='bbox 808 1042 864 1091; x_wconf 83' lang='lat' dir='ltr'><strong>libri</strong></span> <span class='ocrx_word' id='word_1_66' title='bbox 883 1058 927 1106; x_wconf 93' lang='lat' dir='ltr'><strong>pro</strong></span> <span class='ocrx_word' id='word_1_67' title='bbox 945 1060 987 1105; x_wconf 81' lang='lat' dir='ltr'><strong>age</strong></span> <span class='ocrx_word' id='word_1_68' title='bbox 1009 1042 1115 1090; x_wconf 77' lang='lat' dir='ltr'><strong>habeant</strong></span> <span class='ocrx_word' id='word_1_69' title='bbox 1132 1058 1203 1103; x_wconf 77' lang='lat' dir='ltr'><strong>ages,-</strong></span> <span class='ocrx_word' id='word_1_70' title='bbox 1231 1040 1325 1090; x_wconf 87' lang='lat' dir='ltr'><strong>deinde</strong></span> <span class='ocrx_word' id='word_1_71' title='bbox 1349 1040 1377 1089; x_wconf 89' lang='lat' dir='ltr'><strong>in</strong></span> 
     </span>
     <span class='ocr_line' id='line_1_10' title="bbox 213 1104 1377 1172; baseline -0.002 -15"><span class='ocrx_word' id='word_1_72' title='bbox 213 1118 285 1172; x_wconf 84' lang='lat' dir='ltr'><strong>perte</strong></span> <span class='ocrx_word' id='word_1_73' title='bbox 302 1116 426 1155; x_wconf 83' lang='lat' dir='ltr'><strong>tractatur.</strong></span> <span class='ocrx_word' id='word_1_74' title='bbox 450 1107 484 1155; x_wconf 92' lang='lat' dir='ltr'><strong>Ut</strong></span> <span class='ocrx_word' id='word_1_75' title='bbox 500 1104 521 1154; x_wconf 84' lang='lat' dir='ltr'><strong>si</strong></span> <span class='ocrx_word' id='word_1_76' title='bbox 539 1107 594 1169; x_wconf 90' lang='lat' dir='ltr'><strong>quis</strong></span> <span class='ocrx_word' id='word_1_77' title='bbox 612 1106 685 1165; x_wconf 87' lang='lat' dir='ltr'><strong>dicat,</strong></span> <span class='ocrx_word' id='word_1_78' title='bbox 696 1107 776 1171; x_wconf 81' lang='lat' dir='ltr'><strong>legem</strong></span> <span class='ocrx_word' id='word_1_79' title='bbox 809 1106 951 1156; x_wconf 79' lang='lat' dir='ltr'><strong>victoriano</strong></span> <span class='ocrx_word' id='word_1_80' title='bbox 968 1117 1024 1171; x_wconf 82' lang='lat' dir='ltr'><strong>post</strong></span> <span class='ocrx_word' id='word_1_81' title='bbox 1038 1124 1093 1170; x_wconf 76' lang='lat' dir='ltr'><strong>ager</strong></span> <span class='ocrx_word' id='word_1_82' title='bbox 1104 1106 1234 1169; x_wconf 82' lang='lat' dir='ltr'><strong>vestigium</strong></span> <span class='ocrx_word' id='word_1_83' title='bbox 1250 1120 1318 1155; x_wconf 73' lang='lat' dir='ltr'><strong>reses</strong></span> <span class='ocrx_word' id='word_1_84' title='bbox 1333 1106 1377 1155; x_wconf 85' lang='lat' dir='ltr'><strong>lit-</strong></span> 
     </span>
     <span class='ocr_line' id='line_1_11' title="bbox 214 1170 1377 1236; baseline -0.003 -14"><span class='ocrx_word' id='word_1_85' title='bbox 214 1171 543 1231; x_wconf 81' lang='lat' dir='ltr'><strong>etse,nedeeademrebis</strong></span> <span class='ocrx_word' id='word_1_86' title='bbox 554 1182 652 1235; x_wconf 83' lang='lat' dir='ltr'><strong>agatur:</strong></span> <span class='ocrx_word' id='word_1_87' title='bbox 671 1172 775 1229; x_wconf 88' lang='lat' dir='ltr'><strong>etitem,</strong></span> <span class='ocrx_word' id='word_1_88' title='bbox 808 1182 1001 1236; x_wconf 79' lang='lat' dir='ltr'><strong>teroeappareat.</strong></span> <span class='ocrx_word' id='word_1_89' title='bbox 1028 1170 1120 1219; x_wconf 88' lang='lat' dir='ltr'><strong>Verum</strong></span> <span class='ocrx_word' id='word_1_90' title='bbox 1134 1170 1224 1219; x_wconf 86' lang='lat' dir='ltr'><strong>Donati</strong></span> <span class='ocrx_word' id='word_1_91' title='bbox 1242 1172 1320 1219; x_wconf 78' lang='lat' dir='ltr'><strong>uerba</strong></span> <span class='ocrx_word' id='word_1_92' title='bbox 1331 1188 1377 1219; x_wconf 80' lang='lat' dir='ltr'><strong>ex-</strong></span> 
     </span>
     <span class='ocr_line' id='line_1_12' title="bbox 213 1235 1378 1301; baseline 0 -16"><span class='ocrx_word' id='word_1_93' title='bbox 213 1246 243 1285; x_wconf 92' lang='lat' dir='ltr'><strong>ut</strong></span> <span class='ocrx_word' id='word_1_94' title='bbox 259 1237 343 1285; x_wconf 82' lang='lat' dir='ltr'><strong>orbem</strong></span> <span class='ocrx_word' id='word_1_95' title='bbox 363 1235 489 1300; x_wconf 79' lang='lat' dir='ltr'><strong>proximus</strong></span> <span class='ocrx_word' id='word_1_96' title='bbox 511 1236 596 1284; x_wconf 81' lang='lat' dir='ltr'><strong>ducet:</strong></span> <span class='ocrx_word' id='word_1_97' title='bbox 614 1236 711 1299; x_wconf 79' lang='lat' dir='ltr'><strong>quidem</strong></span> <span class='ocrx_word' id='word_1_98' title='bbox 732 1238 774 1285; x_wconf 80' lang='lat' dir='ltr'><strong>ab·</strong></span> <span class='ocrx_word' id='word_1_99' title='bbox 808 1236 893 1301; x_wconf 87' lang='lat' dir='ltr'><strong>plicari</strong></span> <span class='ocrx_word' id='word_1_100' title='bbox 905 1247 1007 1301; x_wconf 72' lang='lat' dir='ltr'><strong>possunt</strong></span> <span class='ocrx_word' id='word_1_101' title='bbox 1023 1235 1076 1285; x_wconf 87' lang='lat' dir='ltr'><strong>sinc</strong></span> <span class='ocrx_word' id='word_1_102' title='bbox 1088 1237 1135 1284; x_wconf 85' lang='lat' dir='ltr'><strong>isto</strong></span> <span class='ocrx_word' id='word_1_103' title='bbox 1145 1246 1183 1284; x_wconf 87' lang='lat' dir='ltr'><strong>st:</strong></span> <span class='ocrx_word' id='word_1_104' title='bbox 1201 1235 1259 1298; x_wconf 85' lang='lat' dir='ltr'><strong>quia</strong></span> <span class='ocrx_word' id='word_1_105' title='bbox 1274 1238 1339 1287; x_wconf 70' lang='lat' dir='ltr'><strong>anr</strong></span> <span class='ocrx_word' id='word_1_106' title='bbox 1352 1246 1378 1285; x_wconf 77' lang='lat' dir='ltr'><strong>ts</strong></span> 
     </span>
     <span class='ocr_line' id='line_1_13' title="bbox 214 1300 1376 1366; baseline -0.002 -15"><span class='ocrx_word' id='word_1_107' title='bbox 214 1311 284 1351; x_wconf 87' lang='lat' dir='ltr'><strong>sente</strong></span> <span class='ocrx_word' id='word_1_108' title='bbox 302 1312 372 1366; x_wconf 88' lang='lat' dir='ltr'><strong>patre</strong></span> <span class='ocrx_word' id='word_1_109' title='bbox 388 1300 434 1349; x_wconf 83' lang='lat' dir='ltr'><strong>suh</strong></span> <span class='ocrx_word' id='word_1_110' title='bbox 450 1300 495 1349; x_wconf 90' lang='lat' dir='ltr'><strong>boc</strong></span> <span class='ocrx_word' id='word_1_111' title='bbox 511 1301 610 1349; x_wconf 88' lang='lat' dir='ltr'><strong>nomine</strong></span> <span class='ocrx_word' id='word_1_112' title='bbox 620 1317 722 1350; x_wconf 86' lang='lat' dir='ltr'><strong>uxorem</strong></span> <span class='ocrx_word' id='word_1_113' title='bbox 734 1318 774 1351; x_wconf 87' lang='lat' dir='ltr'><strong>co·</strong></span> <span class='ocrx_word' id='word_1_114' title='bbox 807 1300 1286 1365; x_wconf 74' lang='lat' dir='ltr'><strong>oge,velogt&#39;ssilentiumsignificantet</strong></span> <span class='ocrx_word' id='word_1_115' title='bbox 1297 1301 1376 1349; x_wconf 87' lang='lat' dir='ltr'><strong>Phor-</strong></span> 
     </span>
     <span class='ocr_line' id='line_1_14' title="bbox 213 1364 1377 1429; baseline -0.002 -14"><span class='ocrx_word' id='word_1_116' title='bbox 213 1379 283 1415; x_wconf 87' lang='lat' dir='ltr'><strong>actus</strong></span> <span class='ocrx_word' id='word_1_117' title='bbox 294 1378 332 1415; x_wconf 84' lang='lat' dir='ltr'><strong>est</strong></span> <span class='ocrx_word' id='word_1_118' title='bbox 342 1366 444 1415; x_wconf 88' lang='lat' dir='ltr'><strong>ducere:</strong></span> <span class='ocrx_word' id='word_1_119' title='bbox 462 1364 516 1413; x_wconf 78' lang='lat' dir='ltr'><strong>vult</strong></span> <span class='ocrx_word' id='word_1_120' title='bbox 532 1366 598 1414; x_wconf 82' lang='lat' dir='ltr'><strong>illem</strong></span> <span class='ocrx_word' id='word_1_121' title='bbox 614 1378 684 1429; x_wconf 87' lang='lat' dir='ltr'><strong>pater</strong></span> <span class='ocrx_word' id='word_1_122' title='bbox 700 1366 774 1415; x_wconf 81' lang='lat' dir='ltr'><strong>adve-</strong></span> <span class='ocrx_word' id='word_1_123' title='bbox 808 1365 857 1415; x_wconf 91' lang='lat' dir='ltr'><strong>mio</strong></span> <span class='ocrx_word' id='word_1_124' title='bbox 873 1367 913 1415; x_wconf 90' lang='lat' dir='ltr'><strong>hic</strong></span> <span class='ocrx_word' id='word_1_125' title='bbox 925 1366 963 1415; x_wconf 86' lang='lat' dir='ltr'><strong>vel</strong></span> <span class='ocrx_word' id='word_1_126' title='bbox 980 1365 1061 1414; x_wconf 85' lang='lat' dir='ltr'><strong>innuit</strong></span> <span class='ocrx_word' id='word_1_127' title='bbox 1072 1367 1149 1423; x_wconf 84' lang='lat' dir='ltr'><strong>Getae,</strong></span> <span class='ocrx_word' id='word_1_128' title='bbox 1162 1365 1198 1413; x_wconf 88' lang='lat' dir='ltr'><strong>vel</strong></span> <span class='ocrx_word' id='word_1_129' title='bbox 1215 1365 1303 1414; x_wconf 90' lang='lat' dir='ltr'><strong>cubito</strong></span> <span class='ocrx_word' id='word_1_130' title='bbox 1318 1382 1377 1413; x_wconf 76' lang='lat' dir='ltr'><strong>eun</strong></span> 
     </span>
     <span class='ocr_line' id='line_1_15' title="bbox 213 1428 1377 1545; baseline -0.002 -65"><span class='ocrx_word' id='word_1_131' title='bbox 213 1431 292 1545; x_wconf 61' lang='lat' dir='ltr'><strong>illem·</strong></span> <span class='ocrx_word' id='word_1_132' title='bbox 302 1431 390 1507; x_wconf 77' lang='lat' dir='ltr'><strong>ejicere</strong></span> <span class='ocrx_word' id='word_1_133' title='bbox 408 1430 575 1543; x_wconf 61' lang='lat' dir='ltr'><strong>matrdimbpnio:</strong></span> <span class='ocrx_word' id='word_1_134' title='bbox 593 1430 774 1507; x_wconf 72' lang='lat' dir='ltr'><strong>contradicitur.</strong></span> <span class='ocrx_word' id='word_1_135' title='bbox 807 1431 876 1480; x_wconf 84' lang='lat' dir='ltr'><strong>todit.</strong></span> <span class='ocrx_word' id='word_1_136' title='bbox 893 1432 957 1545; x_wconf 49' lang='grc' dir='ltr'>Ίὲιιιρ</span> <span class='ocrx_word' id='word_1_137' title='bbox 968 1439 990 1479; x_wconf 85' lang='lat' dir='ltr'><strong>st</strong></span> <span class='ocrx_word' id='word_1_138' title='bbox 1001 1446 1055 1479; x_wconf 91' lang='lat' dir='ltr'><strong>oum</strong></span> <span class='ocrx_word' id='word_1_139' title='bbox 1068 1428 1377 1543; x_wconf 51' lang='lat' dir='ltr'><strong>⁹⁸⁸·”·⁵5¹iib⁰mffi⁸¹&#39;</strong></span> 
     </span>
     <span class='ocr_line' id='line_1_16' title="bbox 245 1507 1378 1558; baseline 0 -13"><span class='ocrx_word' id='word_1_140' title='bbox 245 1507 452 1545; x_wconf 79' lang='lat' dir='ltr'><strong>emrursseautem</strong></span> <span class='ocrx_word' id='word_1_141' title='bbox 478 1511 492 1543; x_wconf 89' lang='lat' dir='ltr'><strong>e</strong></span> <span class='ocrx_word' id='word_1_142' title='bbox 524 1510 701 1553; x_wconf 64' lang='lat' dir='ltr'><strong>mnnrnomm</strong></span> <span class='ocrx_word' id='word_1_143' title='bbox 717 1511 774 1544; x_wconf 88' lang='lat' dir='ltr'><strong>con·</strong></span> <span class='ocrx_word' id='word_1_144' title='bbox 808 1512 857 1546; x_wconf 92' lang='lat' dir='ltr'><strong>non</strong></span> <span class='ocrx_word' id='word_1_145' title='bbox 891 1511 943 1545; x_wconf 86' lang='lat' dir='ltr'><strong>oes</strong></span> <span class='ocrx_word' id='word_1_146' title='bbox 973 1511 1029 1544; x_wconf 89' lang='lat' dir='ltr'><strong>cum</strong></span> <span class='ocrx_word' id='word_1_147' title='bbox 1048 1511 1135 1558; x_wconf 80' lang='lat' dir='ltr'><strong>egem</strong></span> <span class='ocrx_word' id='word_1_148' title='bbox 1152 1510 1199 1543; x_wconf 79' lang='lat' dir='ltr'><strong>mm</strong></span> <span class='ocrx_word' id='word_1_149' title='bbox 1218 1510 1260 1543; x_wconf 89' lang='grc' dir='ltr'>ιιιιι</span> <span class='ocrx_word' id='word_1_150' title='bbox 1335 1512 1378 1545; x_wconf 80' lang='lat' dir='ltr'><strong>ee·</strong></span> 
     </span>
     <span class='ocr_line' id='line_1_17' title="bbox 214 1512 921 1623; baseline 0 -14"><span class='ocrx_word' id='word_1_151' title='bbox 214 1560 324 1609; x_wconf 76' lang='lat' dir='ltr'><strong>tentione</strong></span> <span class='ocrx_word' id='word_1_152' title='bbox 335 1576 364 1607; x_wconf 79' lang='lat' dir='ltr'><strong>en</strong></span> <span class='ocrx_word' id='word_1_153' title='bbox 375 1560 481 1608; x_wconf 82' lang='lat' dir='ltr'><strong>maxime</strong></span> <span class='ocrx_word' id='word_1_154' title='bbox 492 1558 548 1617; x_wconf 91' lang='lat' dir='ltr'><strong>dici,</strong></span> <span class='ocrx_word' id='word_1_155' title='bbox 555 1576 609 1623; x_wconf 80' lang='lat' dir='ltr'><strong>quse</strong></span> <span class='ocrx_word' id='word_1_156' title='bbox 615 1560 721 1623; x_wconf 87' lang='lat' dir='ltr'><strong>simplici</strong></span> <span class='ocrx_word' id='word_1_157' title='bbox 731 1576 774 1623; x_wconf 85' lang='lat' dir='ltr'><strong>pa·</strong></span> <span class='ocrx_word' id='word_1_158' title='bbox 807 1512 921 1609; x_wconf 70' lang='lat' dir='ltr'><strong>oerepss.</strong></span> 
     </span>
     <span class='ocr_line' id='line_1_18' title="bbox 214 1622 1376 1689; baseline 0 -16"><span class='ocrx_word' id='word_1_159' title='bbox 214 1624 350 1673; x_wconf 77' lang='lat' dir='ltr'><strong>trisemiliss</strong></span> <span class='ocrx_word' id='word_1_160' title='bbox 361 1635 386 1672; x_wconf 90' lang='lat' dir='ltr'><strong>et</strong></span> <span class='ocrx_word' id='word_1_161' title='bbox 395 1624 544 1672; x_wconf 80' lang='lat' dir='ltr'><strong>calumnioso</strong></span> <span class='ocrx_word' id='word_1_162' title='bbox 555 1626 717 1689; x_wconf 73' lang='lat' dir='ltr'><strong>sycophantae,</strong></span> <span class='ocrx_word' id='word_1_163' title='bbox 728 1624 774 1673; x_wconf 94' lang='lat' dir='ltr'><strong>im·</strong></span> <span class='ocrx_word' id='word_1_164' title='bbox 839 1628 862 1673; x_wconf 80' lang='lat'><strong>4.</strong></span> <span class='ocrx_word' id='word_1_165' title='bbox 875 1629 927 1674; x_wconf 80' lang='lat' dir='ltr'><strong>Jam</strong></span> <span class='ocrx_word' id='word_1_166' title='bbox 939 1642 980 1688; x_wconf 80' lang='lat' dir='ltr'><strong>ego</strong></span> <span class='ocrx_word' id='word_1_167' title='bbox 990 1627 1048 1673; x_wconf 80' lang='lat' dir='ltr'><strong>bunc</strong></span> <span class='ocrx_word' id='word_1_168' title='bbox 1059 1622 1165 1687; x_wconf 74' lang='lat' dir='ltr'><strong>agitabo]</strong></span> <span class='ocrx_word' id='word_1_169' title='bbox 1183 1622 1260 1672; x_wconf 82' lang='lat' dir='ltr'><strong>Modo</strong></span> <span class='ocrx_word' id='word_1_170' title='bbox 1264 1624 1323 1687; x_wconf 70' lang='lat' dir='ltr'><strong>jon</strong></span> <span class='ocrx_word' id='word_1_171' title='bbox 1334 1640 1376 1673; x_wconf 85' lang='lat' dir='ltr'><strong>ce-</strong></span> 
     </span>
     <span class='ocr_line' id='line_1_19' title="bbox 213 1689 1377 1755; baseline 0.001 -17"><span class='ocrx_word' id='word_1_172' title='bbox 213 1689 406 1754; x_wconf 80' lang='lat' dir='ltr'><strong>probissimoque</strong></span> <span class='ocrx_word' id='word_1_173' title='bbox 421 1690 528 1752; x_wconf 76' lang='lat' dir='ltr'><strong>pararito</strong></span> <span class='ocrx_word' id='word_1_174' title='bbox 538 1704 679 1753; x_wconf 84' lang='lat' dir='ltr'><strong>congruere,</strong></span> <span class='ocrx_word' id='word_1_175' title='bbox 695 1702 775 1755; x_wconf 86' lang='lat' dir='ltr'><strong>poette</strong></span> <span class='ocrx_word' id='word_1_176' title='bbox 806 1689 910 1739; x_wconf 85' lang='lat' dir='ltr'><strong>leritatis</strong></span> <span class='ocrx_word' id='word_1_177' title='bbox 921 1702 959 1739; x_wconf 88' lang='lat' dir='ltr'><strong>cst</strong></span> <span class='ocrx_word' id='word_1_178' title='bbox 968 1690 1080 1753; x_wconf 87' lang='lat' dir='ltr'><strong>signum:</strong></span> <span class='ocrx_word' id='word_1_179' title='bbox 1098 1692 1157 1737; x_wconf 77' lang='lat' dir='ltr'><strong>hunc</strong></span> <span class='ocrx_word' id='word_1_180' title='bbox 1171 1704 1228 1737; x_wconf 88' lang='lat' dir='ltr'><strong>cum</strong></span> <span class='ocrx_word' id='word_1_181' title='bbox 1243 1701 1377 1739; x_wconf 83' lang='lat' dir='ltr'><strong>contemtu</strong></span> 
     </span>
     <span class='ocr_line' id='line_1_20' title="bbox 213 1754 1377 1818; baseline 0.001 -17"><span class='ocrx_word' id='word_1_182' title='bbox 213 1754 266 1803; x_wconf 81' lang='lat' dir='ltr'><strong>visa</strong></span> <span class='ocrx_word' id='word_1_183' title='bbox 285 1763 350 1803; x_wconf 83' lang='lat' dir='ltr'><strong>sunt.</strong></span> <span class='ocrx_word' id='word_1_184' title='bbox 374 1756 411 1801; x_wconf 81' lang='lat' dir='ltr'><strong>En</strong></span> <span class='ocrx_word' id='word_1_185' title='bbox 426 1771 524 1817; x_wconf 69' lang='lat' dir='ltr'><strong>usqam</strong></span> <span class='ocrx_word' id='word_1_186' title='bbox 540 1758 645 1817; x_wconf 72' lang='lat' dir='ltr'><strong>csiqm</strong></span> <span class='ocrx_word' id='word_1_187' title='bbox 660 1763 773 1805; x_wconf 77' lang='lat' dir='ltr'><strong>contume-</strong></span> <span class='ocrx_word' id='word_1_188' title='bbox 807 1755 877 1803; x_wconf 77' lang='lat' dir='ltr'><strong>dixit.</strong></span> <span class='ocrx_word' id='word_1_189' title='bbox 894 1757 1002 1818; x_wconf 79' lang='lat' dir='ltr'><strong>Agitabo,</strong></span> <span class='ocrx_word' id='word_1_190' title='bbox 1014 1754 1168 1818; x_wconf 86' lang='lat' dir='ltr'><strong>perturbabo.</strong></span> <span class='ocrx_word' id='word_1_191' title='bbox 1187 1756 1319 1803; x_wconf 73' lang='lat' dir='ltr'><strong>PmDeun</strong></span> <span class='ocrx_word' id='word_1_192' title='bbox 1332 1760 1377 1802; x_wconf 71' lang='lat' dir='ltr'><strong>i·-</strong></span> 
     </span>
     <span class='ocr_line' id='line_1_21' title="bbox 213 1817 1377 1883; baseline 0 -16"><span class='ocrx_word' id='word_1_193' title='bbox 213 1821 292 1868; x_wconf 78' lang='lat' dir='ltr'><strong>ls&#39;ost&#39;us</strong></span> <span class='ocrx_word' id='word_1_194' title='bbox 302 1821 401 1867; x_wconf 78' lang='lat' dir='ltr'><strong>audietis</strong></span> <span class='ocrx_word' id='word_1_195' title='bbox 411 1817 503 1879; x_wconf 78' lang='lat' dir='ltr'><strong>saetam</strong></span> <span class='ocrx_word' id='word_1_196' title='bbox 519 1818 642 1882; x_wconf 74' lang='lat' dir='ltr'><strong>injuriam]</strong></span> <span class='ocrx_word' id='word_1_197' title='bbox 661 1820 717 1867; x_wconf 85' lang='lat' dir='ltr'><strong>lam</strong></span> <span class='ocrx_word' id='word_1_198' title='bbox 736 1819 774 1868; x_wconf 90' lang='lat' dir='ltr'><strong>in·</strong></span> <span class='ocrx_word' id='word_1_199' title='bbox 807 1822 936 1869; x_wconf 76' lang='lat' dir='ltr'><strong>mortalisne</strong></span> <span class='ocrx_word' id='word_1_200' title='bbox 943 1818 967 1883; x_wconf 91' lang='lat' dir='ltr'><strong>l]</strong></span> <span class='ocrx_word' id='word_1_201' title='bbox 986 1819 1118 1880; x_wconf 72' lang='grc' dir='ltr'>Ἐλλιιψιι,</span> <span class='ocrx_word' id='word_1_202' title='bbox 1141 1818 1210 1867; x_wconf 88' lang='lat' dir='ltr'><strong>deest</strong></span> <span class='ocrx_word' id='word_1_203' title='bbox 1227 1822 1311 1879; x_wconf 66' lang='lat' dir='ltr'><strong>fidem,</strong></span> <span class='ocrx_word' id='word_1_204' title='bbox 1333 1830 1377 1867; x_wconf 85' lang='lat' dir='ltr'><strong>aut</strong></span> 
     </span>
     <span class='ocr_line' id='line_1_22' title="bbox 213 1882 1378 1947; baseline -0.002 -14"><span class='ocrx_word' id='word_1_205' title='bbox 213 1883 299 1933; x_wconf 73' lang='lat' dir='ltr'><strong>suncti</strong></span> <span class='ocrx_word' id='word_1_206' title='bbox 317 1892 375 1931; x_wconf 90' lang='lat' dir='ltr'><strong>sunt</strong></span> <span class='ocrx_word' id='word_1_207' title='bbox 392 1882 516 1931; x_wconf 67' lang='lat' dir='ltr'><strong>mvocati:</strong></span> <span class='ocrx_word' id='word_1_208' title='bbox 534 1894 560 1931; x_wconf 91' lang='lat' dir='ltr'><strong>et</strong></span> <span class='ocrx_word' id='word_1_209' title='bbox 577 1895 658 1932; x_wconf 87' lang='lat' dir='ltr'><strong>recte:</strong></span> <span class='ocrx_word' id='word_1_210' title='bbox 675 1882 775 1947; x_wconf 86' lang='lat' dir='ltr'><strong>longum</strong></span> <span class='ocrx_word' id='word_1_211' title='bbox 808 1884 866 1947; x_wconf 84' lang='lat' dir='ltr'><strong>quid</strong></span> <span class='ocrx_word' id='word_1_212' title='bbox 883 1884 940 1932; x_wconf 86' lang='lat' dir='ltr'><strong>tale.</strong></span> <span class='ocrx_word' id='word_1_213' title='bbox 968 1884 1054 1932; x_wconf 83' lang='lat' dir='ltr'><strong>Cicero</strong></span> <span class='ocrx_word' id='word_1_214' title='bbox 1073 1884 1098 1931; x_wconf 91' lang='lat' dir='ltr'><strong>in</strong></span> <span class='ocrx_word' id='word_1_215' title='bbox 1119 1884 1290 1943; x_wconf 89' lang='lat' dir='ltr'><strong>OEconomieo,</strong></span> <span class='ocrx_word' id='word_1_216' title='bbox 1313 1882 1378 1937; x_wconf 73' lang='lat' dir='ltr'><strong>Quid</strong></span> 
     </span>
     <span class='ocr_line' id='line_1_23' title="bbox 213 1947 1379 2013; baseline 0 -16"><span class='ocrx_word' id='word_1_217' title='bbox 213 1948 280 1997; x_wconf 88' lang='lat' dir='ltr'><strong>enim</strong></span> <span class='ocrx_word' id='word_1_218' title='bbox 290 1948 371 1997; x_wconf 82' lang='lat' dir='ltr'><strong>iuerat</strong></span> <span class='ocrx_word' id='word_1_219' title='bbox 380 1947 462 1996; x_wconf 80' lang='lat' dir='ltr'><strong>omnis</strong></span> <span class='ocrx_word' id='word_1_220' title='bbox 473 1948 525 1997; x_wconf 79' lang='lat' dir='ltr'><strong>haec</strong></span> <span class='ocrx_word' id='word_1_221' title='bbox 535 1958 591 2012; x_wconf 85' lang='lat' dir='ltr'><strong>post</strong></span> <span class='ocrx_word' id='word_1_222' title='bbox 601 1964 699 1997; x_wconf 85' lang='lat' dir='ltr'><strong>scenam</strong></span> <span class='ocrx_word' id='word_1_223' title='bbox 715 1949 775 2013; x_wconf 86' lang='lat' dir='ltr'><strong>geri.</strong></span> <span class='ocrx_word' id='word_1_224' title='bbox 808 1953 888 2013; x_wconf 75' lang='lat' dir='ltr'><strong>igitur,</strong></span> <span class='ocrx_word' id='word_1_225' title='bbox 893 1966 936 2011; x_wconf 83' lang='lat' dir='ltr'><strong>pro</strong></span> <span class='ocrx_word' id='word_1_226' title='bbox 946 1951 1021 1997; x_wconf 72' lang='grc' dir='ltr'>Ιὶοιιοι</span> <span class='ocrx_word' id='word_1_227' title='bbox 1032 1950 1196 1997; x_wconf 75' lang='lat' dir='ltr'><strong>immortalem!</strong></span> <span class='ocrx_word' id='word_1_228' title='bbox 1208 1952 1316 2010; x_wconf 66' lang='lat' dir='ltr'><strong>prius·</strong></span> <span class='ocrx_word' id='word_1_229' title='bbox 1326 1966 1379 1997; x_wconf 79' lang='lat' dir='ltr'><strong>eoas</strong></span> 
     </span>
     <span class='ocr_line' id='line_1_24' title="bbox 214 2011 1376 2077; baseline -0.001 -15"><span class='ocrx_word' id='word_1_230' title='bbox 214 2016 253 2062; x_wconf 76' lang='lat' dir='ltr'><strong>Es</strong></span> <span class='ocrx_word' id='word_1_231' title='bbox 263 2011 375 2077; x_wconf 70' lang='lat' dir='ltr'><strong>anqson]</strong></span> <span class='ocrx_word' id='word_1_232' title='bbox 396 2014 434 2060; x_wconf 77' lang='lat' dir='ltr'><strong>En</strong></span> <span class='ocrx_word' id='word_1_233' title='bbox 445 2012 494 2061; x_wconf 82' lang='lat' dir='ltr'><strong>vim</strong></span> <span class='ocrx_word' id='word_1_234' title='bbox 511 2013 585 2061; x_wconf 87' lang='lat' dir='ltr'><strong>hahet</strong></span> <span class='ocrx_word' id='word_1_235' title='bbox 599 2012 775 2077; x_wconf 77' lang='lat' dir='ltr'><strong>indignationis</strong></span> <span class='ocrx_word' id='word_1_236' title='bbox 807 2016 903 2062; x_wconf 78' lang='lat' dir='ltr'><strong>docebor</strong></span> <span class='ocrx_word' id='word_1_237' title='bbox 919 2018 1012 2076; x_wconf 76' lang='lat' dir='ltr'><strong>quero?</strong></span> <span class='ocrx_word' id='word_1_238' title='bbox 1030 2015 1077 2061; x_wconf 82' lang='lat' dir='ltr'><strong>Pro</strong></span> <span class='ocrx_word' id='word_1_239' title='bbox 1088 2014 1161 2062; x_wconf 76' lang='lat' dir='ltr'><strong>Deum</strong></span> <span class='ocrx_word' id='word_1_240' title='bbox 1177 2013 1376 2077; x_wconf 63' lang='lat' dir='ltr'><strong>immutabunt]</strong></span> 
     </span>
     <span class='ocr_line' id='line_1_25' title="bbox 214 2076 1378 2144; baseline 0.001 -18"><span class='ocrx_word' id='word_1_241' title='bbox 214 2090 270 2142; x_wconf 86' lang='lat' dir='ltr'><strong>post</strong></span> <span class='ocrx_word' id='word_1_242' title='bbox 282 2088 418 2126; x_wconf 86' lang='lat' dir='ltr'><strong>enarratam</strong></span> <span class='ocrx_word' id='word_1_243' title='bbox 429 2076 549 2139; x_wconf 74' lang='lat' dir='ltr'><strong>injuriam.</strong></span> <span class='ocrx_word' id='word_1_244' title='bbox 563 2078 776 2141; x_wconf 77' lang='lat' dir='ltr'><strong>D.—quuorr</strong></span> <span class='ocrx_word' id='word_1_245' title='bbox 807 2078 947 2128; x_wconf 82' lang='lat' dir='ltr'><strong>Artificiosc</strong></span> <span class='ocrx_word' id='word_1_246' title='bbox 968 2078 1035 2143; x_wconf 88' lang='lat' dir='ltr'><strong>prior</strong></span> <span class='ocrx_word' id='word_1_247' title='bbox 1053 2078 1179 2137; x_wconf 78' lang='lat' dir='ltr'><strong>exclamat,</strong></span> <span class='ocrx_word' id='word_1_248' title='bbox 1199 2090 1228 2126; x_wconf 90' lang='lat' dir='ltr'><strong>ut</strong></span> <span class='ocrx_word' id='word_1_249' title='bbox 1246 2078 1378 2144; x_wconf 81' lang='lat' dir='ltr'><strong>Demipho</strong></span> 
     </span>
     <span class='ocr_line' id='line_1_26' title="bbox 213 2141 1378 2269; baseline 0 -12"><span class='ocrx_word' id='word_1_250' title='bbox 213 2141 775 2269; x_wconf 56' lang='lat' dir='ltr'><strong>omnum</strong></span> <span class='ocrx_word' id='word_1_251' title='bbox 807 2142 1146 2257; x_wconf 61' lang='lat' dir='ltr'><strong>nutrimentu</strong></span> <span class='ocrx_word' id='word_1_252' title='bbox 1166 2141 1378 2257; x_wconf 47' lang='lat' dir='ltr'><strong>theu</strong></span> 
     </span>
     <span class='ocr_line' id='line_1_27' title="bbox 213 2270 1378 2336; baseline -0.001 -15"><span class='ocrx_word' id='word_1_253' title='bbox 213 2290 263 2321; x_wconf 75' lang='lat' dir='ltr'><strong>sese</strong></span> <span class='ocrx_word' id='word_1_254' title='bbox 281 2276 367 2328; x_wconf 73' lang='lat' dir='ltr'><strong>docutr</strong></span> <span class='ocrx_word' id='word_1_255' title='bbox 385 2274 420 2319; x_wconf 81' lang='lat' dir='ltr'><strong>lu&#39;s</strong></span> <span class='ocrx_word' id='word_1_256' title='bbox 433 2275 462 2321; x_wconf 83' lang='lat' dir='ltr'><strong>de</strong></span> <span class='ocrx_word' id='word_1_257' title='bbox 481 2275 558 2321; x_wconf 69' lang='lat' dir='ltr'><strong>eodem</strong></span> <span class='ocrx_word' id='word_1_258' title='bbox 574 2289 600 2321; x_wconf 85' lang='lat' dir='ltr'><strong>re</strong></span> <span class='ocrx_word' id='word_1_259' title='bbox 615 2276 675 2321; x_wconf 83' lang='lat' dir='ltr'><strong>actio</strong></span> <span class='ocrx_word' id='word_1_260' title='bbox 690 2290 719 2321; x_wconf 77' lang='lat' dir='ltr'><strong>se</strong></span> <span class='ocrx_word' id='word_1_261' title='bbox 735 2277 773 2322; x_wconf 87' lang='lat' dir='ltr'><strong>n&#39;t.</strong></span> <span class='ocrx_word' id='word_1_262' title='bbox 806 2276 935 2321; x_wconf 81' lang='lat' dir='ltr'><strong>mortalium</strong></span> <span class='ocrx_word' id='word_1_263' title='bbox 943 2270 967 2336; x_wconf 80' lang='lat' dir='ltr'><strong>l]</strong></span> <span class='ocrx_word' id='word_1_264' title='bbox 986 2272 1037 2320; x_wconf 84' lang='lat' dir='ltr'><strong>llio</strong></span> <span class='ocrx_word' id='word_1_265' title='bbox 1048 2271 1241 2335; x_wconf 71' lang='lat' dir='ltr'><strong>indignationem</strong></span> <span class='ocrx_word' id='word_1_266' title='bbox 1252 2271 1303 2321; x_wconf 86' lang='lat' dir='ltr'><strong>sibi</strong></span> <span class='ocrx_word' id='word_1_267' title='bbox 1322 2288 1378 2321; x_wconf 85' lang='lat' dir='ltr'><strong>sus-</strong></span> 
     </span>
     <span class='ocr_line' id='line_1_28' title="bbox 213 2335 1379 2401; baseline -0.001 -15"><span class='ocrx_word' id='word_1_268' title='bbox 213 2337 319 2395; x_wconf 83' lang='lat' dir='ltr'><strong>Quidam</strong></span> <span class='ocrx_word' id='word_1_269' title='bbox 340 2335 409 2399; x_wconf 85' lang='lat' dir='ltr'><strong>qussi</strong></span> <span class='ocrx_word' id='word_1_270' title='bbox 424 2338 507 2385; x_wconf 86' lang='lat' dir='ltr'><strong>orbam</strong></span> <span class='ocrx_word' id='word_1_271' title='bbox 525 2337 552 2385; x_wconf 90' lang='lat' dir='ltr'><strong>in</strong></span> <span class='ocrx_word' id='word_1_272' title='bbox 567 2337 661 2400; x_wconf 75' lang='lat' dir='ltr'><strong>Judicio</strong></span> <span class='ocrx_word' id='word_1_273' title='bbox 676 2348 775 2387; x_wconf 85' lang='lat' dir='ltr'><strong>coactus</strong></span> <span class='ocrx_word' id='word_1_274' title='bbox 806 2338 866 2387; x_wconf 82' lang='lat' dir='ltr'><strong>citat</strong></span> <span class='ocrx_word' id='word_1_275' title='bbox 883 2337 1006 2395; x_wconf 89' lang='lat' dir='ltr'><strong>Phormio,</strong></span> <span class='ocrx_word' id='word_1_276' title='bbox 1024 2337 1066 2400; x_wconf 90' lang='lat' dir='ltr'><strong>qui</strong></span> <span class='ocrx_word' id='word_1_277' title='bbox 1089 2348 1180 2385; x_wconf 87' lang='lat' dir='ltr'><strong>terrere</strong></span> <span class='ocrx_word' id='word_1_278' title='bbox 1202 2337 1283 2401; x_wconf 88' lang='lat' dir='ltr'><strong>possit</strong></span> <span class='ocrx_word' id='word_1_279' title='bbox 1303 2337 1379 2387; x_wconf 72' lang='lat' dir='ltr'><strong>broile</strong></span> 
     </span>
     <span class='ocr_line' id='line_1_29' title="bbox 213 2400 1380 2465; baseline 0.002 -14"><span class='ocrx_word' id='word_1_280' title='bbox 213 2413 252 2451; x_wconf 84' lang='lat' dir='ltr'><strong>est</strong></span> <span class='ocrx_word' id='word_1_281' title='bbox 262 2402 351 2450; x_wconf 88' lang='lat' dir='ltr'><strong>ducere</strong></span> <span class='ocrx_word' id='word_1_282' title='bbox 361 2402 462 2450; x_wconf 76' lang='lat' dir='ltr'><strong>absente</strong></span> <span class='ocrx_word' id='word_1_283' title='bbox 477 2411 554 2465; x_wconf 89' lang='lat' dir='ltr'><strong>patre.</strong></span> <span class='ocrx_word' id='word_1_284' title='bbox 583 2403 657 2450; x_wconf 82' lang='lat' dir='ltr'><strong>Peter</strong></span> <span class='ocrx_word' id='word_1_285' title='bbox 667 2418 723 2451; x_wconf 88' lang='lat' dir='ltr'><strong>cum</strong></span> <span class='ocrx_word' id='word_1_286' title='bbox 734 2418 774 2450; x_wconf 87' lang='lat' dir='ltr'><strong>re·</strong></span> <span class='ocrx_word' id='word_1_287' title='bbox 807 2418 905 2452; x_wconf 84' lang='lat' dir='ltr'><strong>senem:</strong></span> <span class='ocrx_word' id='word_1_288' title='bbox 917 2402 981 2465; x_wconf 89' lang='lat' dir='ltr'><strong>quod</strong></span> <span class='ocrx_word' id='word_1_289' title='bbox 988 2417 1063 2464; x_wconf 82' lang='lat' dir='ltr'><strong>egens</strong></span> <span class='ocrx_word' id='word_1_290' title='bbox 1069 2400 1153 2449; x_wconf 85' lang='lat' dir='ltr'><strong>relicta</strong></span> <span class='ocrx_word' id='word_1_291' title='bbox 1160 2411 1197 2449; x_wconf 83' lang='lat' dir='ltr'><strong>est</strong></span> <span class='ocrx_word' id='word_1_292' title='bbox 1203 2402 1305 2461; x_wconf 82' lang='lat' dir='ltr'><strong>misem,</strong></span> <span class='ocrx_word' id='word_1_293' title='bbox 1311 2404 1380 2465; x_wconf 84' lang='lat' dir='ltr'><strong>quod</strong></span> 
     </span>
     <span class='ocr_line' id='line_1_30' title="bbox 213 2465 1380 2531; baseline -0.001 -15"><span class='ocrx_word' id='word_1_294' title='bbox 213 2466 290 2516; x_wconf 85' lang='lat' dir='ltr'><strong>disset</strong></span> <span class='ocrx_word' id='word_1_295' title='bbox 300 2466 353 2514; x_wconf 82' lang='lat' dir='ltr'><strong>vult</strong></span> <span class='ocrx_word' id='word_1_296' title='bbox 396 2466 411 2521; x_wconf 83' lang='lat'><strong>&#39;.</strong></span> <span class='ocrx_word' id='word_1_297' title='bbox 422 2481 454 2514; x_wconf 84' lang='lat' dir='ltr'><strong>an</strong></span> <span class='ocrx_word' id='word_1_298' title='bbox 466 2465 552 2515; x_wconf 77' lang='lat' dir='ltr'><strong>illusit</strong></span> <span class='ocrx_word' id='word_1_299' title='bbox 566 2467 684 2530; x_wconf 83' lang='lat' dir='ltr'><strong>proxima.</strong></span> <span class='ocrx_word' id='word_1_300' title='bbox 707 2468 774 2515; x_wconf 90' lang='lat' dir='ltr'><strong>Con·</strong></span> <span class='ocrx_word' id='word_1_301' title='bbox 807 2467 934 2531; x_wconf 81' lang='lat' dir='ltr'><strong>ignoratur</strong></span> <span class='ocrx_word' id='word_1_302' title='bbox 950 2482 1046 2530; x_wconf 81' lang='lat' dir='ltr'><strong>parens,</strong></span> <span class='ocrx_word' id='word_1_303' title='bbox 1059 2467 1121 2528; x_wconf 87' lang='lat' dir='ltr'><strong>quod</strong></span> <span class='ocrx_word' id='word_1_304' title='bbox 1138 2466 1192 2530; x_wconf 81' lang='lat' dir='ltr'><strong>ipsa</strong></span> <span class='ocrx_word' id='word_1_305' title='bbox 1203 2466 1300 2515; x_wconf 83' lang='lat' dir='ltr'><strong>divitiis</strong></span> <span class='ocrx_word' id='word_1_306' title='bbox 1310 2469 1380 2525; x_wconf 87' lang='lat' dir='ltr'><strong>orba,</strong></span> 
     </span>
     <span class='ocr_line' id='line_1_31' title="bbox 213 2482 1379 2597; baseline -0.001 -17"><span class='ocrx_word' id='word_1_307' title='bbox 213 2530 347 2580; x_wconf 87' lang='lat' dir='ltr'><strong>tradicitur.</strong></span> <span class='ocrx_word' id='word_1_308' title='bbox 363 2482 433 2579; x_wconf 50' lang='lat' dir='ltr'><strong>&#39;llic</strong></span> <span class='ocrx_word' id='word_1_309' title='bbox 455 2530 534 2594; x_wconf 88' lang='lat' dir='ltr'><strong>prima</strong></span> <span class='ocrx_word' id='word_1_310' title='bbox 555 2530 707 2596; x_wconf 67' lang='lat' dir='ltr'><strong>prescriptio</strong></span> <span class='ocrx_word' id='word_1_311' title='bbox 729 2542 774 2591; x_wconf 83' lang='lat' dir='ltr'><strong>est,</strong></span> <span class='ocrx_word' id='word_1_312' title='bbox 806 2530 1018 2597; x_wconf 85' lang='lat' dir='ltr'><strong>pauperrimaest;</strong></span> <span class='ocrx_word' id='word_1_313' title='bbox 1031 2530 1197 2594; x_wconf 86' lang='lat' dir='ltr'><strong>idcircopater</strong></span> <span class='ocrx_word' id='word_1_314' title='bbox 1206 2530 1332 2581; x_wconf 81' lang='lat' dir='ltr'><strong>irascitur.</strong></span> <span class='ocrx_word' id='word_1_315' title='bbox 1346 2532 1379 2581; x_wconf 78' lang='lat' dir='ltr'><strong>E.</strong></span> 
     </span>
     <span class='ocr_line' id='line_1_32' title="bbox 213 2594 1379 2659; baseline -0.001 -15"><span class='ocrx_word' id='word_1_316' title='bbox 213 2597 278 2659; x_wconf 86' lang='lat' dir='ltr'><strong>quod</strong></span> <span class='ocrx_word' id='word_1_317' title='bbox 296 2610 346 2643; x_wconf 91' lang='lat' dir='ltr'><strong>non</strong></span> <span class='ocrx_word' id='word_1_318' title='bbox 363 2594 421 2643; x_wconf 88' lang='lat' dir='ltr'><strong>licet</strong></span> <span class='ocrx_word' id='word_1_319' title='bbox 437 2610 469 2643; x_wconf 82' lang='lat' dir='ltr'><strong>ex</strong></span> <span class='ocrx_word' id='word_1_320' title='bbox 484 2596 569 2644; x_wconf 85' lang='lat' dir='ltr'><strong>eadem</strong></span> <span class='ocrx_word' id='word_1_321' title='bbox 585 2611 612 2644; x_wconf 89' lang='lat' dir='ltr'><strong>re</strong></span> <span class='ocrx_word' id='word_1_322' title='bbox 629 2596 721 2659; x_wconf 86' lang='lat' dir='ltr'><strong>aliquid</strong></span> <span class='ocrx_word' id='word_1_323' title='bbox 738 2596 776 2646; x_wconf 83' lang='lat' dir='ltr'><strong>bis</strong></span> <span class='ocrx_word' id='word_1_324' title='bbox 840 2598 862 2644; x_wconf 80' lang='lat' dir='ltr'><strong>d.</strong></span> <span class='ocrx_word' id='word_1_325' title='bbox 876 2599 955 2659; x_wconf 81' lang='lat' dir='ltr'><strong>Negat</strong></span> <span class='ocrx_word' id='word_1_326' title='bbox 969 2598 1083 2645; x_wconf 75' lang='lat' dir='ltr'><strong>Phanium</strong></span> <span class='ocrx_word' id='word_1_327' title='bbox 1094 2612 1142 2645; x_wconf 80' lang='lat' dir='ltr'><strong>esse</strong></span> <span class='ocrx_word' id='word_1_328' title='bbox 1157 2599 1215 2643; x_wconf 79' lang='lat' dir='ltr'><strong>ltere</strong></span> <span class='ocrx_word' id='word_1_329' title='bbox 1226 2598 1273 2645; x_wconf 76' lang='lat' dir='ltr'><strong>sibi</strong></span> <span class='ocrx_word' id='word_1_330' title='bbox 1288 2614 1379 2659; x_wconf 66' lang='lat' dir='ltr'><strong>eogen-</strong></span> 
     </span>
     <span class='ocr_line' id='line_1_33' title="bbox 213 2660 1377 2725; baseline 0.001 -16"><span class='ocrx_word' id='word_1_331' title='bbox 213 2676 299 2723; x_wconf 84' lang='lat' dir='ltr'><strong>egere:</strong></span> <span class='ocrx_word' id='word_1_332' title='bbox 316 2670 342 2709; x_wconf 86' lang='lat' dir='ltr'><strong>et</strong></span> <span class='ocrx_word' id='word_1_333' title='bbox 352 2660 398 2708; x_wconf 88' lang='lat' dir='ltr'><strong>hoc</strong></span> <span class='ocrx_word' id='word_1_334' title='bbox 408 2660 540 2723; x_wconf 90' lang='lat' dir='ltr'><strong>plurimum</strong></span> <span class='ocrx_word' id='word_1_335' title='bbox 552 2660 624 2709; x_wconf 79' lang='lat' dir='ltr'><strong>velet.</strong></span> <span class='ocrx_word' id='word_1_336' title='bbox 651 2662 774 2709; x_wconf 87' lang='lat' dir='ltr'><strong>Verunta-</strong></span> <span class='ocrx_word' id='word_1_337' title='bbox 808 2661 887 2723; x_wconf 74' lang='lat' dir='ltr'><strong>tamt]</strong></span> <span class='ocrx_word' id='word_1_338' title='bbox 902 2660 1020 2709; x_wconf 83' lang='lat' dir='ltr'><strong>Additum</strong></span> <span class='ocrx_word' id='word_1_339' title='bbox 1029 2675 1162 2724; x_wconf 88' lang='lat' dir='ltr'><strong>pronomen</strong></span> <span class='ocrx_word' id='word_1_340' title='bbox 1174 2670 1225 2709; x_wconf 82' lang='lat' dir='ltr'><strong>est:</strong></span> <span class='ocrx_word' id='word_1_341' title='bbox 1243 2662 1316 2725; x_wconf 74' lang='lat' dir='ltr'><strong>quasi</strong></span> <span class='ocrx_word' id='word_1_342' title='bbox 1330 2678 1377 2710; x_wconf 92' lang='lat' dir='ltr'><strong>no-</strong></span> 
     </span>
     <span class='ocr_line' id='line_1_34' title="bbox 212 2724 1379 2781; baseline 0.001 -7"><span class='ocrx_word' id='word_1_343' title='bbox 212 2740 271 2774; x_wconf 90' lang='lat' dir='ltr'><strong>men</strong></span> <span class='ocrx_word' id='word_1_344' title='bbox 282 2734 397 2781; x_wconf 87' lang='lat' dir='ltr'><strong>tentatur,</strong></span> <span class='ocrx_word' id='word_1_345' title='bbox 409 2734 438 2774; x_wconf 89' lang='lat' dir='ltr'><strong>ut</strong></span> <span class='ocrx_word' id='word_1_346' title='bbox 453 2726 511 2773; x_wconf 86' lang='lat' dir='ltr'><strong>orba</strong></span> <span class='ocrx_word' id='word_1_347' title='bbox 528 2726 702 2774; x_wconf 81' lang='lat' dir='ltr'><strong>essedicetur:</strong></span> <span class='ocrx_word' id='word_1_348' title='bbox 721 2736 775 2775; x_wconf 91' lang='lat' dir='ltr'><strong>ten-</strong></span> <span class='ocrx_word' id='word_1_349' title='bbox 808 2736 858 2774; x_wconf 83' lang='lat' dir='ltr'><strong>tam</strong></span> <span class='ocrx_word' id='word_1_350' title='bbox 874 2726 986 2774; x_wconf 89' lang='lat' dir='ltr'><strong>omnibus</strong></span> <span class='ocrx_word' id='word_1_351' title='bbox 1001 2724 1099 2773; x_wconf 83' lang='lat' dir='ltr'><strong>diceret.</strong></span> <span class='ocrx_word' id='word_1_352' title='bbox 1128 2728 1305 2775; x_wconf 78' lang='lat' dir='ltr'><strong>Phcnlnoresse</strong></span> <span class='ocrx_word' id='word_1_353' title='bbox 1317 2730 1379 2775; x_wconf 71' lang='lat' dir='ltr'><strong>hone</strong></span> 
     </span>
     <span class='ocr_line' id='line_1_35' title="bbox 213 2788 1379 2853; baseline 0.001 -14"><span class='ocrx_word' id='word_1_354' title='bbox 213 2800 279 2839; x_wconf 82' lang='lat' dir='ltr'><strong>tatur</strong></span> <span class='ocrx_word' id='word_1_355' title='bbox 290 2798 316 2838; x_wconf 90' lang='lat' dir='ltr'><strong>et</strong></span> <span class='ocrx_word' id='word_1_356' title='bbox 330 2788 399 2848; x_wconf 90' lang='lat' dir='ltr'><strong>illud,</strong></span> <span class='ocrx_word' id='word_1_357' title='bbox 411 2790 476 2852; x_wconf 91' lang='lat' dir='ltr'><strong>quod</strong></span> <span class='ocrx_word' id='word_1_358' title='bbox 492 2789 519 2837; x_wconf 89' lang='lat' dir='ltr'><strong>in</strong></span> <span class='ocrx_word' id='word_1_359' title='bbox 529 2789 584 2853; x_wconf 88' lang='lat' dir='ltr'><strong>lege</strong></span> <span class='ocrx_word' id='word_1_360' title='bbox 595 2790 641 2839; x_wconf 87' lang='lat' dir='ltr'><strong>scri</strong></span> <span class='ocrx_word' id='word_1_361' title='bbox 661 2802 713 2838; x_wconf 91' lang='lat' dir='ltr'><strong>tum</strong></span> <span class='ocrx_word' id='word_1_362' title='bbox 730 2801 775 2849; x_wconf 88' lang='lat' dir='ltr'><strong>est,</strong></span> <span class='ocrx_word' id='word_1_363' title='bbox 808 2793 853 2839; x_wconf 78' lang='lat' dir='ltr'><strong>sibi</strong></span> <span class='ocrx_word' id='word_1_364' title='bbox 864 2788 1014 2853; x_wconf 75' lang='lat' dir='ltr'><strong>cognatomt]</strong></span> <span class='ocrx_word' id='word_1_365' title='bbox 1028 2789 1120 2853; x_wconf 85' lang='lat' dir='ltr'><strong>Magno</strong></span> <span class='ocrx_word' id='word_1_366' title='bbox 1129 2788 1229 2853; x_wconf 86' lang='lat' dir='ltr'><strong>ingenio</strong></span> <span class='ocrx_word' id='word_1_367' title='bbox 1240 2790 1379 2841; x_wconf 72' lang='lat' dir='ltr'><strong>Ter-entim</strong></span> 
     </span>
     <span class='ocr_line' id='line_1_36' title="bbox 213 2806 1377 2919; baseline 0 -14"><span class='ocrx_word' id='word_1_368' title='bbox 213 2856 253 2905; x_wconf 82' lang='lat' dir='ltr'><strong>vel</strong></span> <span class='ocrx_word' id='word_1_369' title='bbox 263 2854 384 2919; x_wconf 83' lang='lat' dir='ltr'><strong>positum:</strong></span> <span class='ocrx_word' id='word_1_370' title='bbox 403 2856 494 2903; x_wconf 81' lang='lat' dir='ltr'><strong>Orbem</strong></span> <span class='ocrx_word' id='word_1_371' title='bbox 506 2854 631 2918; x_wconf 87' lang='lat' dir='ltr'><strong>proximus</strong></span> <span class='ocrx_word' id='word_1_372' title='bbox 642 2806 723 2914; x_wconf 79' lang='lat' dir='ltr'><strong>ducet,</strong></span> <span class='ocrx_word' id='word_1_373' title='bbox 733 2865 777 2905; x_wconf 85' lang='lat' dir='ltr'><strong>aut</strong></span> <span class='ocrx_word' id='word_1_374' title='bbox 807 2854 986 2919; x_wconf 85' lang='lat' dir='ltr'><strong>impudentiam</strong></span> <span class='ocrx_word' id='word_1_375' title='bbox 1023 2854 1204 2903; x_wconf 79' lang='lat' dir='ltr'><strong>calumniatoris</strong></span> <span class='ocrx_word' id='word_1_376' title='bbox 1242 2857 1377 2919; x_wconf 71' lang='lat' dir='ltr'><strong>expressit.</strong></span> 
     </span>
     <span class='ocr_line' id='line_1_37' title="bbox 213 2918 1376 2985; baseline 0 -16"><span class='ocrx_word' id='word_1_377' title='bbox 213 2920 298 2969; x_wconf 87' lang='lat' dir='ltr'><strong>decem</strong></span> <span class='ocrx_word' id='word_1_378' title='bbox 315 2918 392 2967; x_wconf 87' lang='lat' dir='ltr'><strong>millia</strong></span> <span class='ocrx_word' id='word_1_379' title='bbox 409 2918 473 2968; x_wconf 87' lang='lat' dir='ltr'><strong>dotis</strong></span> <span class='ocrx_word' id='word_1_380' title='bbox 490 2919 539 2977; x_wconf 85' lang='lat' dir='ltr'><strong>det,</strong></span> <span class='ocrx_word' id='word_1_381' title='bbox 556 2931 584 2968; x_wconf 92' lang='lat' dir='ltr'><strong>ut</strong></span> <span class='ocrx_word' id='word_1_382' title='bbox 601 2931 702 2984; x_wconf 78' lang='lat' dir='ltr'><strong>recepta</strong></span> <span class='ocrx_word' id='word_1_383' title='bbox 719 2920 775 2969; x_wconf 89' lang='lat' dir='ltr'><strong>dote</strong></span> <span class='ocrx_word' id='word_1_384' title='bbox 809 2920 874 2968; x_wconf 84' lang='lat' dir='ltr'><strong>Nam</strong></span> <span class='ocrx_word' id='word_1_385' title='bbox 893 2929 918 2968; x_wconf 90' lang='lat' dir='ltr'><strong>et</strong></span> <span class='ocrx_word' id='word_1_386' title='bbox 935 2920 1002 2983; x_wconf 87' lang='lat' dir='ltr'><strong>prior</strong></span> <span class='ocrx_word' id='word_1_387' title='bbox 1020 2918 1114 2983; x_wconf 83' lang='lat' dir='ltr'><strong>incipit,</strong></span> <span class='ocrx_word' id='word_1_388' title='bbox 1133 2929 1159 2968; x_wconf 89' lang='lat' dir='ltr'><strong>et</strong></span> <span class='ocrx_word' id='word_1_389' title='bbox 1176 2918 1246 2985; x_wconf 86' lang='lat' dir='ltr'><strong>prior</strong></span> <span class='ocrx_word' id='word_1_390' title='bbox 1265 2933 1376 2969; x_wconf 79' lang='lat' dir='ltr'><strong>noctram.</strong></span> 
     </span>
     <span class='ocr_line' id='line_1_38' title="bbox 212 2983 1375 3048; baseline -0.002 -13"><span class='ocrx_word' id='word_1_391' title='bbox 212 2985 329 3035; x_wconf 86' lang='lat' dir='ltr'><strong>discedat.</strong></span> <span class='ocrx_word' id='word_1_392' title='bbox 352 2985 445 3032; x_wconf 88' lang='lat' dir='ltr'><strong>Verum</strong></span> <span class='ocrx_word' id='word_1_393' title='bbox 464 2984 511 3032; x_wconf 94' lang='lat' dir='ltr'><strong>hoc</strong></span> <span class='ocrx_word' id='word_1_394' title='bbox 529 2983 657 3047; x_wconf 77' lang='lat' dir='ltr'><strong>frangitur,</strong></span> <span class='ocrx_word' id='word_1_395' title='bbox 676 3000 726 3032; x_wconf 93' lang='lat' dir='ltr'><strong>non</strong></span> <span class='ocrx_word' id='word_1_396' title='bbox 744 2985 775 3033; x_wconf 88' lang='lat' dir='ltr'><strong>li·</strong></span> <span class='ocrx_word' id='word_1_397' title='bbox 809 2984 843 3031; x_wconf 81' lang='lat' dir='ltr'><strong>Et</strong></span> <span class='ocrx_word' id='word_1_398' title='bbox 855 2984 912 3047; x_wconf 89' lang='lat' dir='ltr'><strong>quia</strong></span> <span class='ocrx_word' id='word_1_399' title='bbox 927 3000 977 3033; x_wconf 88' lang='lat' dir='ltr'><strong>non</strong></span> <span class='ocrx_word' id='word_1_400' title='bbox 990 2994 1071 3048; x_wconf 84' lang='lat' dir='ltr'><strong>potest</strong></span> <span class='ocrx_word' id='word_1_401' title='bbox 1087 2983 1175 3041; x_wconf 86' lang='lat' dir='ltr'><strong>dicere,</strong></span> <span class='ocrx_word' id='word_1_402' title='bbox 1187 2983 1294 3048; x_wconf 85' lang='lat' dir='ltr'><strong>expellit</strong></span> <span class='ocrx_word' id='word_1_403' title='bbox 1308 2986 1375 3033; x_wconf 90' lang='lat' dir='ltr'><strong>Pha·</strong></span> 
     </span>
     <span class='ocr_line' id='line_1_39' title="bbox 211 3048 1376 3113; baseline 0.001 -15"><span class='ocrx_word' id='word_1_404' title='bbox 211 3065 284 3099; x_wconf 84' lang='lat' dir='ltr'><strong>oere:</strong></span> <span class='ocrx_word' id='word_1_405' title='bbox 302 3064 347 3113; x_wconf 90' lang='lat' dir='ltr'><strong>pro</strong></span> <span class='ocrx_word' id='word_1_406' title='bbox 364 3059 432 3097; x_wconf 82' lang='lat' dir='ltr'><strong>terea</strong></span> <span class='ocrx_word' id='word_1_407' title='bbox 447 3049 511 3111; x_wconf 92' lang='lat' dir='ltr'><strong>quod</strong></span> <span class='ocrx_word' id='word_1_408' title='bbox 527 3048 682 3097; x_wconf 89' lang='lat' dir='ltr'><strong>matrimonio</strong></span> <span class='ocrx_word' id='word_1_409' title='bbox 698 3049 773 3097; x_wconf 91' lang='lat' dir='ltr'><strong>collo·</strong></span> <span class='ocrx_word' id='word_1_410' title='bbox 808 3048 876 3097; x_wconf 89' lang='lat' dir='ltr'><strong>nium</strong></span> <span class='ocrx_word' id='word_1_411' title='bbox 895 3048 1034 3113; x_wconf 77' lang='lat' dir='ltr'><strong>Demipho?</strong></span> <span class='ocrx_word' id='word_1_412' title='bbox 1051 3066 1066 3097; x_wconf 86' lang='lat' dir='ltr'><strong>n</strong></span> <span class='ocrx_word' id='word_1_413' title='bbox 1095 3057 1121 3097; x_wconf 85' lang='lat' dir='ltr'><strong>at</strong></span> <span class='ocrx_word' id='word_1_414' title='bbox 1138 3057 1266 3112; x_wconf 64' lang='lat' dir='ltr'><strong>comm,</strong></span> <span class='ocrx_word' id='word_1_415' title='bbox 1283 3049 1376 3113; x_wconf 81' lang='lat' dir='ltr'><strong>inquit.</strong></span> 
     </span>
     <span class='ocr_line' id='line_1_40' title="bbox 211 3113 1376 3177; baseline 0 -14"><span class='ocrx_word' id='word_1_416' title='bbox 211 3124 321 3163; x_wconf 72' lang='lat' dir='ltr'><strong>comest.</strong></span> <span class='ocrx_word' id='word_1_417' title='bbox 363 3113 479 3162; x_wconf 85' lang='lat' dir='ltr'><strong>sseenim</strong></span> <span class='ocrx_word' id='word_1_418' title='bbox 491 3114 611 3176; x_wconf 85' lang='lat' dir='ltr'><strong>iniquum,</strong></span> <span class='ocrx_word' id='word_1_419' title='bbox 623 3114 660 3163; x_wconf 91' lang='lat' dir='ltr'><strong>uti</strong></span> <span class='ocrx_word' id='word_1_420' title='bbox 671 3130 737 3162; x_wconf 88' lang='lat' dir='ltr'><strong>nunc</strong></span> <span class='ocrx_word' id='word_1_421' title='bbox 748 3115 776 3161; x_wconf 93' lang='lat' dir='ltr'><strong>in</strong></span> <span class='ocrx_word' id='word_1_422' title='bbox 809 3116 936 3176; x_wconf 82' lang='lat' dir='ltr'><strong>Cognatam</strong></span> <span class='ocrx_word' id='word_1_423' title='bbox 950 3116 1079 3175; x_wconf 73' lang='lat' dir='ltr'><strong>Demipho?</strong></span> <span class='ocrx_word' id='word_1_424' title='bbox 1111 3114 1173 3161; x_wconf 83' lang='lat' dir='ltr'><strong>Herc</strong></span> <span class='ocrx_word' id='word_1_425' title='bbox 1190 3123 1228 3162; x_wconf 81' lang='lat' dir='ltr'><strong>ent</strong></span> <span class='ocrx_word' id='word_1_426' title='bbox 1244 3113 1376 3177; x_wconf 83' lang='lat' dir='ltr'><strong>flagitatio,</strong></span> 
     </span>
     <span class='ocr_line' id='line_1_41' title="bbox 211 3176 1377 3243; baseline 0.002 -16"><span class='ocrx_word' id='word_1_427' title='bbox 211 3178 393 3227; x_wconf 82' lang='lat' dir='ltr'><strong>matrimonium</strong></span> <span class='ocrx_word' id='word_1_428' title='bbox 403 3190 509 3241; x_wconf 87' lang='lat' dir='ltr'><strong>accepta,</strong></span> <span class='ocrx_word' id='word_1_429' title='bbox 521 3179 577 3227; x_wconf 88' lang='lat' dir='ltr'><strong>dote</strong></span> <span class='ocrx_word' id='word_1_430' title='bbox 589 3179 652 3235; x_wconf 84' lang='lat' dir='ltr'><strong>data,</strong></span> <span class='ocrx_word' id='word_1_431' title='bbox 664 3178 776 3227; x_wconf 82' lang='lat' dir='ltr'><strong>discede·</strong></span> <span class='ocrx_word' id='word_1_432' title='bbox 808 3178 945 3241; x_wconf 70' lang='lat' dir='ltr'><strong>quinetiam</strong></span> <span class='ocrx_word' id='word_1_433' title='bbox 957 3193 1046 3226; x_wconf 91' lang='lat' dir='ltr'><strong>nomen</strong></span> <span class='ocrx_word' id='word_1_434' title='bbox 1057 3176 1204 3227; x_wconf 79' lang='lat' dir='ltr'><strong>tumultuose</strong></span> <span class='ocrx_word' id='word_1_435' title='bbox 1216 3180 1377 3243; x_wconf 85' lang='lat' dir='ltr'><strong>persequitur</strong></span> 
     </span>
     <span class='ocr_line' id='line_1_42' title="bbox 212 3242 1376 3308; baseline 0.001 -16"><span class='ocrx_word' id='word_1_436' title='bbox 212 3253 257 3292; x_wconf 88' lang='lat' dir='ltr'><strong>ret.</strong></span> <span class='ocrx_word' id='word_1_437' title='bbox 285 3242 402 3291; x_wconf 73' lang='lat' dir='ltr'><strong>liberum</strong></span> <span class='ocrx_word' id='word_1_438' title='bbox 415 3242 610 3292; x_wconf 84' lang='lat' dir='ltr'><strong>luisseauteaut</strong></span> <span class='ocrx_word' id='word_1_439' title='bbox 624 3243 777 3301; x_wconf 88' lang='lat' dir='ltr'><strong>ducere,aut</strong></span> <span class='ocrx_word' id='word_1_440' title='bbox 807 3243 1002 3305; x_wconf 80' lang='lat' dir='ltr'><strong>atqneexagitat.</strong></span> <span class='ocrx_word' id='word_1_441' title='bbox 1037 3242 1097 3291; x_wconf 88' lang='lat' dir='ltr'><strong>Ideo</strong></span> <span class='ocrx_word' id='word_1_442' title='bbox 1108 3242 1210 3291; x_wconf 73' lang='lat' dir='ltr'><strong>callidus</strong></span> <span class='ocrx_word' id='word_1_443' title='bbox 1220 3244 1376 3308; x_wconf 76' lang='lat' dir='ltr'><strong>sycophnuta</strong></span> 
     </span>
     <span class='ocr_line' id='line_1_43' title="bbox 211 3306 1376 3383; baseline 0.002 -27"><span class='ocrx_word' id='word_1_444' title='bbox 211 3308 295 3356; x_wconf 88' lang='lat' dir='ltr'><strong>dotem</strong></span> <span class='ocrx_word' id='word_1_445' title='bbox 310 3306 381 3355; x_wconf 87' lang='lat' dir='ltr'><strong>dare:</strong></span> <span class='ocrx_word' id='word_1_446' title='bbox 399 3323 454 3355; x_wconf 89' lang='lat' dir='ltr'><strong>cum</strong></span> <span class='ocrx_word' id='word_1_447' title='bbox 466 3307 569 3356; x_wconf 84' lang='lat' dir='ltr'><strong>alterum</strong></span> <span class='ocrx_word' id='word_1_448' title='bbox 585 3308 618 3356; x_wconf 87' lang='lat' dir='ltr'><strong>sit</strong></span> <span class='ocrx_word' id='word_1_449' title='bbox 628 3308 726 3367; x_wconf 81' lang='lat' dir='ltr'><strong>facturn,</strong></span> <span class='ocrx_word' id='word_1_450' title='bbox 739 3309 774 3357; x_wconf 87' lang='lat' dir='ltr'><strong>al·</strong></span> <span class='ocrx_word' id='word_1_451' title='bbox 807 3307 988 3383; x_wconf 76' lang='lat' dir='ltr'><strong>patrisfamilias</strong></span> <span class='ocrx_word' id='word_1_452' title='bbox 1000 3308 1125 3372; x_wconf 88' lang='lat' dir='ltr'><strong>proprium</strong></span> <span class='ocrx_word' id='word_1_453' title='bbox 1135 3323 1222 3355; x_wconf 88' lang='lat' dir='ltr'><strong>nomen</strong></span> <span class='ocrx_word' id='word_1_454' title='bbox 1233 3323 1282 3357; x_wconf 91' lang='lat' dir='ltr'><strong>non</strong></span> <span class='ocrx_word' id='word_1_455' title='bbox 1292 3310 1376 3358; x_wconf 85' lang='lat' dir='ltr'><strong>solum</strong></span> 
     </span>
     <span class='ocr_line' id='line_1_44' title="bbox 212 3371 1375 3437; baseline 0.001 -15"><span class='ocrx_word' id='word_1_456' title='bbox 212 3382 506 3435; x_wconf 83' lang='lat' dir='ltr'><strong>terumessenonpossc.</strong></span> <span class='ocrx_word' id='word_1_457' title='bbox 530 3372 560 3420; x_wconf 90' lang='lat' dir='ltr'><strong>E.</strong></span> <span class='ocrx_word' id='word_1_458' title='bbox 807 3372 926 3421; x_wconf 75' lang='lat' dir='ltr'><strong>invidiose</strong></span> <span class='ocrx_word' id='word_1_459' title='bbox 940 3371 1162 3431; x_wconf 74' lang='lat' dir='ltr'><strong>insertsedetiam</strong></span> <span class='ocrx_word' id='word_1_460' title='bbox 1175 3372 1274 3437; x_wconf 88' lang='lat' dir='ltr'><strong>repetit.</strong></span> <span class='ocrx_word' id='word_1_461' title='bbox 1306 3374 1375 3423; x_wconf 84' lang='lat' dir='ltr'><strong>D.-</strong></span> 
     </span>
     <span class='ocr_line' id='line_1_45' title="bbox 245 3436 1374 3500; baseline 0.003 -15"><span class='ocrx_word' id='word_1_462' title='bbox 245 3440 267 3485; x_wconf 78' lang='lat'>2</span> <span class='ocrx_word' id='word_1_463' title='bbox 280 3438 353 3489; x_wconf 81' lang='lat' dir='ltr'><strong>Quosr</strong></span> <span class='ocrx_word' id='word_1_464' title='bbox 369 3440 417 3483; x_wconf 75' lang='lat' dir='ltr'><strong>lter</strong></span> <span class='ocrx_word' id='word_1_465' title='bbox 432 3445 467 3485; x_wconf 79' lang='lat' dir='ltr'><strong>ert</strong></span> <span class='ocrx_word' id='word_1_466' title='bbox 482 3436 570 3500; x_wconf 68' lang='lat' dir='ltr'><strong>mitat]</strong></span> <span class='ocrx_word' id='word_1_467' title='bbox 586 3439 662 3485; x_wconf 83' lang='lat' dir='ltr'><strong>Foeta</strong></span> <span class='ocrx_word' id='word_1_468' title='bbox 678 3436 774 3499; x_wconf 75' lang='lat' dir='ltr'><strong>injuria,</strong></span> <span class='ocrx_word' id='word_1_469' title='bbox 807 3440 886 3499; x_wconf 79' lang='lat' dir='ltr'><strong>Negat</strong></span> <span class='ocrx_word' id='word_1_470' title='bbox 903 3440 1017 3485; x_wconf 74' lang='lat' dir='ltr'><strong>Phanium</strong></span> <span class='ocrx_word' id='word_1_471' title='bbox 1033 3436 1093 3499; x_wconf 81' lang='lat' dir='ltr'><strong>ests]</strong></span> <span class='ocrx_word' id='word_1_472' title='bbox 1112 3436 1167 3485; x_wconf 81' lang='lat' dir='ltr'><strong>vid.</strong></span> <span class='ocrx_word' id='word_1_473' title='bbox 1186 3437 1278 3500; x_wconf 84' lang='lat' dir='ltr'><strong>Aquila</strong></span> <span class='ocrx_word' id='word_1_474' title='bbox 1300 3440 1374 3488; x_wconf 85' lang='lat' dir='ltr'><strong>Rom.</strong></span> 
     </span>
     <span class='ocr_line' id='line_1_46' title="bbox 211 3500 1351 3565; baseline 0.001 -13"><span class='ocrx_word' id='word_1_475' title='bbox 211 3500 362 3552; x_wconf 87' lang='lat' dir='ltr'><strong>subauditur.</strong></span> <span class='ocrx_word' id='word_1_476' title='bbox 387 3502 419 3549; x_wconf 88' lang='lat' dir='ltr'><strong>D.</strong></span> <span class='ocrx_word' id='word_1_477' title='bbox 808 3502 839 3552; x_wconf 88' lang='lat' dir='ltr'><strong>de</strong></span> <span class='ocrx_word' id='word_1_478' title='bbox 849 3501 974 3551; x_wconf 90' lang='lat' dir='ltr'><strong>Nominib.</strong></span> <span class='ocrx_word' id='word_1_479' title='bbox 987 3502 1084 3565; x_wconf 77' lang='lat' dir='ltr'><strong>figurat.</strong></span> <span class='ocrx_word' id='word_1_480' title='bbox 1097 3501 1122 3550; x_wconf 91' lang='lat' dir='ltr'><strong>in</strong></span> <span class='ocrx_word' id='word_1_481' title='bbox 1133 3502 1290 3565; x_wconf 79' lang='lat' dir='ltr'><strong>Auadiplosi.</strong></span> <span class='ocrx_word' id='word_1_482' title='bbox 1322 3504 1351 3553; x_wconf 88' lang='lat'><strong>1..</strong></span> 
     </span>
     <span class='ocr_line' id='line_1_47' title="bbox 244 3564 1374 3641; baseline 0.002 -26"><span class='ocrx_word' id='word_1_483' title='bbox 244 3568 267 3615; x_wconf 78' lang='lat'><strong>3.</strong></span> <span class='ocrx_word' id='word_1_484' title='bbox 275 3569 367 3623; x_wconf 79' lang='lat' dir='ltr'><strong>Adeste,</strong></span> <span class='ocrx_word' id='word_1_485' title='bbox 375 3564 463 3641; x_wconf 73' lang='lat' dir='ltr'><strong>quaro]</strong></span> <span class='ocrx_word' id='word_1_486' title='bbox 476 3564 579 3614; x_wconf 88' lang='lat' dir='ltr'><strong>Interim</strong></span> <span class='ocrx_word' id='word_1_487' title='bbox 588 3564 699 3614; x_wconf 79' lang='lat' dir='ltr'><strong>advocati</strong></span> <span class='ocrx_word' id='word_1_488' title='bbox 707 3568 777 3627; x_wconf 73' lang='grc' dir='ltr'>κῦφι</span> <span class='ocrx_word' id='word_1_489' title='bbox 841 3567 863 3615; x_wconf 88' lang='grc'><strong>6.</strong></span> <span class='ocrx_word' id='word_1_490' title='bbox 878 3568 957 3629; x_wconf 83' lang='lat' dir='ltr'><strong>Negat</strong></span> <span class='ocrx_word' id='word_1_491' title='bbox 989 3566 1044 3615; x_wconf 87' lang='lat' dir='ltr'><strong>Una</strong></span> <span class='ocrx_word' id='word_1_492' title='bbox 1060 3582 1135 3629; x_wconf 82' lang='lat' dir='ltr'><strong>opero</strong></span> <span class='ocrx_word' id='word_1_493' title='bbox 1152 3568 1216 3615; x_wconf 80' lang='lat' dir='ltr'><strong>Geta</strong></span> <span class='ocrx_word' id='word_1_494' title='bbox 1232 3567 1259 3616; x_wconf 91' lang='lat' dir='ltr'><strong>in</strong></span> <span class='ocrx_word' id='word_1_495' title='bbox 1278 3568 1374 3634; x_wconf 83' lang='lat' dir='ltr'><strong>duplici</strong></span> 
     </span>
     <span class='ocr_line' id='line_1_48' title="bbox 212 3630 1374 3696; baseline 0.002 -15"><span class='ocrx_word' id='word_1_496' title='bbox 212 3630 387 3696; x_wconf 72' lang='lat' dir='ltr'><strong>spdccrolalir</strong></span> <span class='ocrx_word' id='word_1_497' title='bbox 403 3631 486 3689; x_wconf 84' lang='lat' dir='ltr'><strong>edunt,</strong></span> <span class='ocrx_word' id='word_1_498' title='bbox 502 3633 598 3679; x_wconf 78' lang='lat' dir='ltr'><strong>Interim</strong></span> <span class='ocrx_word' id='word_1_499' title='bbox 609 3634 715 3679; x_wconf 71' lang='grc' dir='ltr'><strong>οάοοοαιι·</strong></span> <span class='ocrx_word' id='word_1_500' title='bbox 726 3634 774 3679; x_wconf 85' lang='lat' dir='ltr'><strong>De·</strong></span> <span class='ocrx_word' id='word_1_501' title='bbox 807 3642 918 3680; x_wconf 86' lang='lat' dir='ltr'><strong>versatur</strong></span> <span class='ocrx_word' id='word_1_502' title='bbox 926 3631 958 3679; x_wconf 94' lang='lat' dir='ltr'><strong>do</strong></span> <span class='ocrx_word' id='word_1_503' title='bbox 968 3647 989 3679; x_wconf 88' lang='grc' dir='ltr'><strong>ο.</strong></span> <span class='ocrx_word' id='word_1_504' title='bbox 1015 3632 1078 3679; x_wconf 80' lang='lat' dir='ltr'><strong>Nam</strong></span> <span class='ocrx_word' id='word_1_505' title='bbox 1086 3642 1111 3680; x_wconf 91' lang='lat' dir='ltr'><strong>et</strong></span> <span class='ocrx_word' id='word_1_506' title='bbox 1119 3631 1235 3680; x_wconf 87' lang='lat' dir='ltr'><strong>audiente</strong></span> <span class='ocrx_word' id='word_1_507' title='bbox 1242 3634 1296 3694; x_wconf 87' lang='lat' dir='ltr'><strong>jam</strong></span> <span class='ocrx_word' id='word_1_508' title='bbox 1306 3650 1374 3691; x_wconf 82' lang='lat' dir='ltr'><strong>sene,</strong></span> 
     </span>
     <span class='ocr_line' id='line_1_49' title="bbox 211 3694 1374 3760; baseline 0 -13"><span class='ocrx_word' id='word_1_509' title='bbox 211 3700 336 3760; x_wconf 75' lang='grc' dir='ltr'>ιιιίρΙιιιιιιοι</span> <span class='ocrx_word' id='word_1_510' title='bbox 352 3699 417 3759; x_wconf 77' lang='lat' dir='ltr'><strong>sequi</strong></span> <span class='ocrx_word' id='word_1_511' title='bbox 435 3696 476 3758; x_wconf 91' lang='lat' dir='ltr'><strong>Z.)</strong></span> <span class='ocrx_word' id='word_1_512' title='bbox 494 3695 656 3744; x_wconf 87' lang='lat' dir='ltr'><strong>inducuntur:</strong></span> <span class='ocrx_word' id='word_1_513' title='bbox 674 3704 699 3743; x_wconf 92' lang='lat' dir='ltr'><strong>et</strong></span> <span class='ocrx_word' id='word_1_514' title='bbox 714 3694 774 3743; x_wconf 88' lang='lat' dir='ltr'><strong>ridi·</strong></span> <span class='ocrx_word' id='word_1_515' title='bbox 807 3712 834 3745; x_wconf 88' lang='lat' dir='ltr'><strong>se</strong></span> <span class='ocrx_word' id='word_1_516' title='bbox 846 3698 898 3758; x_wconf 74' lang='lat' dir='ltr'><strong>cJus</strong></span> <span class='ocrx_word' id='word_1_517' title='bbox 908 3695 1060 3745; x_wconf 75' lang='lat' dir='ltr'><strong>defensorem</strong></span> <span class='ocrx_word' id='word_1_518' title='bbox 1074 3706 1188 3759; x_wconf 83' lang='lat' dir='ltr'><strong>tauquam</strong></span> <span class='ocrx_word' id='word_1_519' title='bbox 1202 3698 1323 3757; x_wconf 84' lang='lat' dir='ltr'><strong>absentis,</strong></span> <span class='ocrx_word' id='word_1_520' title='bbox 1335 3715 1374 3747; x_wconf 79' lang='lat' dir='ltr'><strong>as-</strong></span> 
     </span>
     <span class='ocr_line' id='line_1_50' title="bbox 211 3759 1374 3825; baseline 0 -14"><span class='ocrx_word' id='word_1_521' title='bbox 211 3762 266 3811; x_wconf 90' lang='lat' dir='ltr'><strong>cule</strong></span> <span class='ocrx_word' id='word_1_522' title='bbox 278 3771 359 3809; x_wconf 79' lang='lat' dir='ltr'><strong>tacent</strong></span> <span class='ocrx_word' id='word_1_523' title='bbox 370 3759 446 3825; x_wconf 85' lang='lat' dir='ltr'><strong>prius,</strong></span> <span class='ocrx_word' id='word_1_524' title='bbox 458 3760 662 3824; x_wconf 87' lang='lat' dir='ltr'><strong>postealocuturi.</strong></span> <span class='ocrx_word' id='word_1_525' title='bbox 686 3760 721 3807; x_wconf 84' lang='lat' dir='ltr'><strong>Et</strong></span> <span class='ocrx_word' id='word_1_526' title='bbox 731 3764 774 3809; x_wconf 87' lang='lat' dir='ltr'><strong>ud·</strong></span> <span class='ocrx_word' id='word_1_527' title='bbox 807 3760 923 3809; x_wconf 86' lang='lat' dir='ltr'><strong>simulat:</strong></span> <span class='ocrx_word' id='word_1_528' title='bbox 952 3770 978 3809; x_wconf 88' lang='lat' dir='ltr'><strong>et</strong></span> <span class='ocrx_word' id='word_1_529' title='bbox 1004 3760 1084 3809; x_wconf 87' lang='lat' dir='ltr'><strong>irritat</strong></span> <span class='ocrx_word' id='word_1_530' title='bbox 1112 3760 1142 3809; x_wconf 85' lang='lat' dir='ltr'><strong>ad</strong></span> <span class='ocrx_word' id='word_1_531' title='bbox 1170 3760 1374 3813; x_wconf 77' lang='lat' dir='ltr'><strong>vociferationem</strong></span> 
     </span>
     <span class='ocr_line' id='line_1_51' title="bbox 211 3824 1373 3890; baseline 0 -13"><span class='ocrx_word' id='word_1_532' title='bbox 211 3836 258 3877; x_wconf 79' lang='lat' dir='ltr'><strong>este</strong></span> <span class='ocrx_word' id='word_1_533' title='bbox 269 3826 375 3890; x_wconf 85' lang='lat' dir='ltr'><strong>proprie.</strong></span> <span class='ocrx_word' id='word_1_534' title='bbox 397 3828 483 3874; x_wconf 76' lang='lat' dir='ltr'><strong>Adesse</strong></span> <span class='ocrx_word' id='word_1_535' title='bbox 499 3826 565 3874; x_wconf 85' lang='lat' dir='ltr'><strong>enim</strong></span> <span class='ocrx_word' id='word_1_536' title='bbox 576 3840 663 3880; x_wconf 82' lang='lat' dir='ltr'><strong>causoe,</strong></span> <span class='ocrx_word' id='word_1_537' title='bbox 675 3824 774 3888; x_wconf 87' lang='lat' dir='ltr'><strong>proprie</strong></span> <span class='ocrx_word' id='word_1_538' title='bbox 808 3825 988 3881; x_wconf 86' lang='lat' dir='ltr'><strong>Phormionem,</strong></span> <span class='ocrx_word' id='word_1_539' title='bbox 1000 3825 1041 3887; x_wconf 89' lang='lat' dir='ltr'><strong>qui</strong></span> <span class='ocrx_word' id='word_1_540' title='bbox 1057 3824 1178 3874; x_wconf 85' lang='lat' dir='ltr'><strong>clamandi</strong></span> <span class='ocrx_word' id='word_1_541' title='bbox 1195 3825 1300 3876; x_wconf 85' lang='lat' dir='ltr'><strong>ulterius</strong></span> <span class='ocrx_word' id='word_1_542' title='bbox 1314 3844 1373 3878; x_wconf 86' lang='lat' dir='ltr'><strong>cau·</strong></span> 
     </span>
     <span class='ocr_line' id='line_1_52' title="bbox 210 3887 1314 3954; baseline 0 -13"><span class='ocrx_word' id='word_1_543' title='bbox 210 3892 326 3941; x_wconf 89' lang='lat' dir='ltr'><strong>dicuntur</strong></span> <span class='ocrx_word' id='word_1_544' title='bbox 336 3890 433 3954; x_wconf 87' lang='lat' dir='ltr'><strong>patroni</strong></span> <span class='ocrx_word' id='word_1_545' title='bbox 449 3902 475 3939; x_wconf 91' lang='lat' dir='ltr'><strong>et</strong></span> <span class='ocrx_word' id='word_1_546' title='bbox 484 3889 563 3938; x_wconf 84' lang='lat' dir='ltr'><strong>amici.</strong></span> <span class='ocrx_word' id='word_1_547' title='bbox 580 3893 673 3947; x_wconf 76' lang='lat' dir='ltr'><strong>Adeste,</strong></span> <span class='ocrx_word' id='word_1_548' title='bbox 684 3887 771 3952; x_wconf 74' lang='lat' dir='ltr'><strong>quero]</strong></span> <span class='ocrx_word' id='word_1_549' title='bbox 805 3905 917 3939; x_wconf 85' lang='lat' dir='ltr'><strong>ssmnon</strong></span> <span class='ocrx_word' id='word_1_550' title='bbox 929 3890 1035 3948; x_wconf 84' lang='lat' dir='ltr'><strong>haberet,</strong></span> <span class='ocrx_word' id='word_1_551' title='bbox 1048 3889 1170 3939; x_wconf 86' lang='lat' dir='ltr'><strong>sitaoerct</strong></span> <span class='ocrx_word' id='word_1_552' title='bbox 1181 3891 1255 3940; x_wconf 86' lang='lat' dir='ltr'><strong>Geta.</strong></span> <span class='ocrx_word' id='word_1_553' title='bbox 1280 3892 1314 3941; x_wconf 92' lang='lat' dir='ltr'><strong>D.</strong></span> 
     </span>
     <span class='ocr_line' id='line_1_53' title="bbox 211 3953 1372 4022; baseline 0.002 -17"><span class='ocrx_word' id='word_1_554' title='bbox 211 3956 315 4022; x_wconf 86' lang='lat' dir='ltr'><strong>Proprie</strong></span> <span class='ocrx_word' id='word_1_555' title='bbox 333 3954 457 4004; x_wconf 80' lang='lat' dir='ltr'><strong>edvocatis</strong></span> <span class='ocrx_word' id='word_1_556' title='bbox 475 3958 553 4003; x_wconf 79' lang='lat' dir='ltr'><strong>adeste</strong></span> <span class='ocrx_word' id='word_1_557' title='bbox 570 3954 641 4002; x_wconf 77' lang='lat' dir='ltr'><strong>dixit.</strong></span> <span class='ocrx_word' id='word_1_558' title='bbox 664 3954 699 4001; x_wconf 90' lang='lat' dir='ltr'><strong>Et</strong></span> <span class='ocrx_word' id='word_1_559' title='bbox 715 3954 772 4017; x_wconf 83' lang='lat' dir='ltr'><strong>quit</strong></span> <span class='ocrx_word' id='word_1_560' title='bbox 838 3954 860 4005; x_wconf 83' lang='lat'><strong>7.</strong></span> <span class='ocrx_word' id='word_1_561' title='bbox 878 3953 1015 4017; x_wconf 71' lang='lat' dir='ltr'><strong>Sequimini]</strong></span> <span class='ocrx_word' id='word_1_562' title='bbox 1039 3955 1158 4018; x_wconf 79' lang='lat' dir='ltr'><strong>Apparet,</strong></span> <span class='ocrx_word' id='word_1_563' title='bbox 1178 3954 1372 4021; x_wconf 85' lang='lat' dir='ltr'><strong>Demiphouem,</strong></span> 
     </span>
     <span class='ocr_line' id='line_1_54' title="bbox 209 4018 1371 4086; baseline 0.002 -17"><span class='ocrx_word' id='word_1_564' title='bbox 209 4020 265 4086; x_wconf 84' lang='lat' dir='ltr'><strong>ipse</strong></span> <span class='ocrx_word' id='word_1_565' title='bbox 281 4020 452 4085; x_wconf 84' lang='lat' dir='ltr'><strong>properantius</strong></span> <span class='ocrx_word' id='word_1_566' title='bbox 465 4036 497 4083; x_wconf 92' lang='lat' dir='ltr'><strong>pe</strong></span> <span class='ocrx_word' id='word_1_567' title='bbox 528 4020 554 4077; x_wconf 82' lang='grc' dir='ltr'>ἰ,</span> <span class='ocrx_word' id='word_1_568' title='bbox 573 4030 643 4082; x_wconf 86' lang='lat' dir='ltr'><strong>rogat</strong></span> <span class='ocrx_word' id='word_1_569' title='bbox 660 4028 689 4067; x_wconf 92' lang='lat' dir='ltr'><strong>nt</strong></span> <span class='ocrx_word' id='word_1_570' title='bbox 704 4034 771 4067; x_wconf 80' lang='lat' dir='ltr'><strong>nese·</strong></span> <span class='ocrx_word' id='word_1_571' title='bbox 804 4028 832 4067; x_wconf 93' lang='lat' dir='ltr'><strong>ut</strong></span> <span class='ocrx_word' id='word_1_572' title='bbox 843 4018 1050 4083; x_wconf 77' lang='lat' dir='ltr'><strong>patremfamiliam,</strong></span> <span class='ocrx_word' id='word_1_573' title='bbox 1062 4020 1200 4083; x_wconf 85' lang='lat' dir='ltr'><strong>perturbari</strong></span> <span class='ocrx_word' id='word_1_574' title='bbox 1213 4036 1265 4069; x_wconf 87' lang='lat' dir='ltr'><strong>non</strong></span> <span class='ocrx_word' id='word_1_575' title='bbox 1277 4022 1371 4071; x_wconf 87' lang='lat' dir='ltr'><strong>medio-</strong></span> 
     </span>
     <span class='ocr_line' id='line_1_55' title="bbox 210 4082 1369 4149; baseline 0.001 -15"><span class='ocrx_word' id='word_1_576' title='bbox 210 4096 349 4149; x_wconf 87' lang='lat' dir='ltr'><strong>querentur.</strong></span> <span class='ocrx_word' id='word_1_577' title='bbox 379 4086 459 4133; x_wconf 73' lang='lat' dir='ltr'><strong>Iratus</strong></span> <span class='ocrx_word' id='word_1_578' title='bbox 474 4094 509 4133; x_wconf 80' lang='lat' dir='ltr'><strong>est</strong></span> <span class='ocrx_word' id='word_1_579' title='bbox 543 4084 599 4132; x_wconf 90' lang='lat' dir='ltr'><strong>Hoc</strong></span> <span class='ocrx_word' id='word_1_580' title='bbox 611 4084 642 4131; x_wconf 92' lang='lat' dir='ltr'><strong>ad</strong></span> <span class='ocrx_word' id='word_1_581' title='bbox 660 4083 771 4131; x_wconf 81' lang='lat' dir='ltr'><strong>excitan-</strong></span> <span class='ocrx_word' id='word_1_582' title='bbox 804 4083 892 4132; x_wconf 82' lang='lat' dir='ltr'><strong>criter:</strong></span> <span class='ocrx_word' id='word_1_583' title='bbox 910 4082 1001 4148; x_wconf 87' lang='lat' dir='ltr'><strong>quippe</strong></span> <span class='ocrx_word' id='word_1_584' title='bbox 1011 4082 1054 4147; x_wconf 81' lang='lat' dir='ltr'><strong>qui</strong></span> <span class='ocrx_word' id='word_1_585' title='bbox 1066 4094 1090 4132; x_wconf 91' lang='lat' dir='ltr'><strong>et</strong></span> <span class='ocrx_word' id='word_1_586' title='bbox 1101 4084 1232 4134; x_wconf 74' lang='lat' dir='ltr'><strong>aduocatos</strong></span> <span class='ocrx_word' id='word_1_587' title='bbox 1243 4088 1369 4149; x_wconf 87' lang='lat' dir='ltr'><strong>conquisi-</strong></span> 
     </span>
     <span class='ocr_line' id='line_1_56' title="bbox 210 4148 1371 4201; baseline 0.003 -3"><span class='ocrx_word' id='word_1_588' title='bbox 210 4150 270 4200; x_wconf 90' lang='lat' dir='ltr'><strong>dum</strong></span> <span class='ocrx_word' id='word_1_589' title='bbox 288 4149 460 4198; x_wconf 85' lang='lat' dir='ltr'><strong>Phormionem</strong></span> <span class='ocrx_word' id='word_1_590' title='bbox 480 4149 577 4199; x_wconf 86' lang='lat' dir='ltr'><strong>dicitur.</strong></span> <span class='ocrx_word' id='word_1_591' title='bbox 608 4151 669 4201; x_wconf 76' lang='lat' dir='ltr'><strong>Quin</strong></span> <span class='ocrx_word' id='word_1_592' title='bbox 687 4156 713 4196; x_wconf 81' lang='lat' dir='ltr'><strong>tu</strong></span> <span class='ocrx_word' id='word_1_593' title='bbox 731 4152 772 4197; x_wconf 85' lang='lat' dir='ltr'><strong>hoc</strong></span> <span class='ocrx_word' id='word_1_594' title='bbox 804 4148 868 4197; x_wconf 83' lang='lat' dir='ltr'><strong>terit</strong></span> <span class='ocrx_word' id='word_1_595' title='bbox 889 4149 1006 4197; x_wconf 81' lang='lat' dir='ltr'><strong>adversus</strong></span> <span class='ocrx_word' id='word_1_596' title='bbox 1029 4148 1152 4197; x_wconf 90' lang='lat' dir='ltr'><strong>hominem</strong></span> <span class='ocrx_word' id='word_1_597' title='bbox 1170 4149 1225 4199; x_wconf 84' lang='lat' dir='ltr'><strong>sine</strong></span> <span class='ocrx_word' id='word_1_598' title='bbox 1245 4150 1371 4201; x_wconf 77' lang='lat' dir='ltr'><strong>advocmis</strong></span> 
     </span>
     <span class='ocr_line' id='line_1_57' title="bbox 209 4212 1371 4279; baseline 0.003 -17"><span class='ocrx_word' id='word_1_599' title='bbox 209 4213 267 4279; x_wconf 73' lang='lat' dir='ltr'><strong>ogo]</strong></span> <span class='ocrx_word' id='word_1_600' title='bbox 286 4213 381 4263; x_wconf 84' lang='lat' dir='ltr'><strong>Annuit</strong></span> <span class='ocrx_word' id='word_1_601' title='bbox 396 4225 425 4262; x_wconf 91' lang='lat' dir='ltr'><strong>ut</strong></span> <span class='ocrx_word' id='word_1_602' title='bbox 440 4224 530 4263; x_wconf 82' lang='lat' dir='ltr'><strong>taceat:</strong></span> <span class='ocrx_word' id='word_1_603' title='bbox 549 4224 574 4261; x_wconf 91' lang='lat' dir='ltr'><strong>et</strong></span> <span class='ocrx_word' id='word_1_604' title='bbox 589 4213 634 4277; x_wconf 82' lang='lat' dir='ltr'><strong>(st)</strong></span> <span class='ocrx_word' id='word_1_605' title='bbox 650 4212 774 4277; x_wconf 84' lang='lat' dir='ltr'><strong>significat</strong></span> <span class='ocrx_word' id='word_1_606' title='bbox 804 4222 925 4276; x_wconf 84' lang='lat' dir='ltr'><strong>agentem,</strong></span> <span class='ocrx_word' id='word_1_607' title='bbox 938 4224 963 4261; x_wconf 88' lang='lat' dir='ltr'><strong>et</strong></span> <span class='ocrx_word' id='word_1_608' title='bbox 976 4213 1091 4277; x_wconf 77' lang='lat' dir='ltr'><strong>progredi</strong></span> <span class='ocrx_word' id='word_1_609' title='bbox 1103 4230 1152 4262; x_wconf 92' lang='lat' dir='ltr'><strong>non</strong></span> <span class='ocrx_word' id='word_1_610' title='bbox 1164 4216 1261 4274; x_wconf 81' lang='lat' dir='ltr'><strong>audeat,</strong></span> <span class='ocrx_word' id='word_1_611' title='bbox 1274 4216 1325 4265; x_wconf 87' lang='lat' dir='ltr'><strong>nisi</strong></span> <span class='ocrx_word' id='word_1_612' title='bbox 1337 4216 1371 4265; x_wconf 91' lang='lat' dir='ltr'><strong>illi</strong></span> 
     </span>
     <span class='ocr_line' id='line_1_58' title="bbox 210 4276 1370 4343; baseline 0.001 -15"><span class='ocrx_word' id='word_1_613' title='bbox 210 4278 342 4329; x_wconf 86' lang='lat' dir='ltr'><strong>silentium.</strong></span> <span class='ocrx_word' id='word_1_614' title='bbox 366 4277 499 4327; x_wconf 85' lang='lat' dir='ltr'><strong>D.-lllud</strong></span> <span class='ocrx_word' id='word_1_615' title='bbox 517 4287 540 4327; x_wconf 77' lang='lat' dir='ltr'><strong>st</strong></span> <span class='ocrx_word' id='word_1_616' title='bbox 561 4278 671 4326; x_wconf 82' lang='lat' dir='ltr'><strong>Faernus</strong></span> <span class='ocrx_word' id='word_1_617' title='bbox 687 4277 771 4326; x_wconf 87' lang='lat' dir='ltr'><strong>delen·</strong></span> <span class='ocrx_word' id='word_1_618' title='bbox 804 4288 944 4340; x_wconf 88' lang='lat' dir='ltr'><strong>sequantur.</strong></span> <span class='ocrx_word' id='word_1_619' title='bbox 978 4277 1116 4341; x_wconf 76' lang='lat' dir='ltr'><strong>Sequimini]</strong></span> <span class='ocrx_word' id='word_1_620' title='bbox 1147 4276 1275 4343; x_wconf 68' lang='lat' dir='ltr'><strong>Sequimini</strong></span> <span class='ocrx_word' id='word_1_621' title='bbox 1302 4282 1370 4340; x_wconf 86' lang='lat' dir='ltr'><strong>dicit,</strong></span> 
     </span>
     <span class='ocr_line' id='line_1_59' title="bbox 208 4342 1369 4418; baseline 0.001 -24"><span class='ocrx_word' id='word_1_622' title='bbox 208 4345 268 4394; x_wconf 87' lang='lat' dir='ltr'><strong>dere</strong></span> <span class='ocrx_word' id='word_1_623' title='bbox 278 4342 367 4401; x_wconf 88' lang='lat' dir='ltr'><strong>studet,</strong></span> <span class='ocrx_word' id='word_1_624' title='bbox 379 4343 436 4406; x_wconf 83' lang='lat' dir='ltr'><strong>quis</strong></span> <span class='ocrx_word' id='word_1_625' title='bbox 447 4344 552 4407; x_wconf 87' lang='lat' dir='ltr'><strong>primum</strong></span> <span class='ocrx_word' id='word_1_626' title='bbox 565 4345 676 4391; x_wconf 87' lang='lat' dir='ltr'><strong>Donatus</strong></span> <span class='ocrx_word' id='word_1_627' title='bbox 688 4342 771 4391; x_wconf 83' lang='lat' dir='ltr'><strong>viden·</strong></span> <span class='ocrx_word' id='word_1_628' title='bbox 804 4342 846 4407; x_wconf 89' lang='lat' dir='ltr'><strong>qui</strong></span> <span class='ocrx_word' id='word_1_629' title='bbox 867 4342 1042 4418; x_wconf 85' lang='lat' dir='ltr'><strong>properantius</strong></span> <span class='ocrx_word' id='word_1_630' title='bbox 1060 4354 1086 4393; x_wconf 87' lang='lat' dir='ltr'><strong>et</strong></span> <span class='ocrx_word' id='word_1_631' title='bbox 1108 4344 1269 4396; x_wconf 76' lang='lat' dir='ltr'><strong>concitetiors</strong></span> <span class='ocrx_word' id='word_1_632' title='bbox 1290 4346 1369 4411; x_wconf 83' lang='lat' dir='ltr'><strong>gradu</strong></span> 
     </span>
     <span class='ocr_line' id='line_1_60' title="bbox 209 4406 1036 4474; baseline -0.002 -15"><span class='ocrx_word' id='word_1_633' title='bbox 209 4420 251 4460; x_wconf 90' lang='lat' dir='ltr'><strong>tur</strong></span> <span class='ocrx_word' id='word_1_634' title='bbox 260 4408 297 4461; x_wconf 86' lang='lat' dir='ltr'><strong>sio</strong></span> <span class='ocrx_word' id='word_1_635' title='bbox 311 4407 408 4473; x_wconf 85' lang='lat' dir='ltr'><strong>legisse,</strong></span> <span class='ocrx_word' id='word_1_636' title='bbox 423 4408 573 4474; x_wconf 80' lang='lat' dir='ltr'><strong>apudquem</strong></span> <span class='ocrx_word' id='word_1_637' title='bbox 590 4408 719 4473; x_wconf 79' lang='lat' dir='ltr'><strong>legendum</strong></span> <span class='ocrx_word' id='word_1_638' title='bbox 731 4407 771 4467; x_wconf 87' lang='lat' dir='ltr'><strong>sit,</strong></span> <span class='ocrx_word' id='word_1_639' title='bbox 804 4407 979 4473; x_wconf 78' lang='lat' dir='ltr'><strong>pergrtiretus.</strong></span> <span class='ocrx_word' id='word_1_640' title='bbox 1004 4406 1036 4457; x_wconf 90' lang='lat' dir='ltr'><strong>D.</strong></span> 
     </span>
    </p>
   </div>
   <div class='ocr_carea' id='block_1_4' title="bbox 0 0 1422 4759">
    <p class='ocr_par' dir='ltr' id='par_1_4' title="bbox 0 0 1422 4759">
     <span class='ocr_line' id='line_1_61' title="bbox 0 0 1422 4759; baseline 0 1"><span class='ocrx_word' id='word_1_641' title='bbox 0 0 1422 4759; x_wconf 95' lang='lat' dir='ltr'><strong> </strong></span> 
     </span>
    </p>
   </div>
  </div>
 </body>
</html>
