2834 4759
308 160 492 223 VICTOR
520 161 583 221 DE
611 160 867 221 comma:
1122 163 1165 223 xli

51 290 194 351 arbitramur
205 310 266 351 csse
284 290 452 362 deductim,
465 290 603 369 quoniam
623 304 654 350 et
674 291 831 353 comesam
850 290 889 351 de
908 292 1027 353 nomine
1044 292 1159 353 dictam

51 370 211 431 Philostrsttts
223 372 354 442 affirmat,
366 373 450 451 cujus
459 372 572 433 scilicet
583 372 713 433 numinis
721 371 897 431 deatentstc
907 372 1049 451 quaslibet
1061 373 1158 433 boran·

50 452 116 511 nibus
132 453 217 511 fausta
236 456 407 515 comessatio
426 454 555 514 daretur.
597 452 679 519 Quid
698 466 796 513 summ
816 453 856 513 sit
873 454 1040 523 comessari,
1055 452 1158 514 Philo·

51 546 135 591 statue
147 535 263 611 imagine
273 533 358 595 Comi
372 535 486 595 facilius
499 536 563 601 tibi,
574 554 662 615 quam
676 554 733 612 ego
746 535 866 612 possim,
874 534 1097 602 demonstrabit,
1106 534 1158 595 ulti

48 613 110 691 lingit
121 635 180 673 eum
193 615 369 675 fervescente
389 636 471 675 mero
491 616 626 693 supinum
647 615 816 683 dormitare,
830 615 963 693 facieque
982 636 1046 695 prae
1065 616 1157 677 nimio

46 710 99 770 potu
109 695 276 764 scintillante,
290 697 434 755 rhonchos
447 698 484 755 ab
498 697 556 754 imo
570 709 690 775 pectore
704 709 828 755 stertere
841 696 1046 756 deducentem.
1073 694 1157 756 Utri.

46 794 114 850 usque
126 796 188 837 rere
200 796 288 837 sexus
302 778 441 845 homines,
456 776 486 835 id
505 776 585 854 quod
604 778 667 855 ipse
687 776 845 845 desiderat,
859 778 1003 856 gregatim
1022 778 1156 837 vestibus

45 856 190 931 permutatis,
204 857 364 935 plausuque
377 858 529 925 concinno,
540 878 600 935 quo
613 858 741 917 maxime
753 871 878 937 possunt
891 859 978 936 genio
992 858 1155 936 indulgere.

45 935 111 999 Quod
129 938 216 1014 ipsum
239 938 267 999 in
289 939 344 998 bac
366 942 440 997 urbe
462 939 569 1016 saepius
590 938 700 1008 vidisti,
714 958 807 1016 quum
829 940 971 998 mimarie
992 940 1040 1015 (ut
1058 939 1155 1014 aismt)

45 1014 176 1077 elutione:
190 1018 326 1096 hybernis
340 1020 476 1079 noctibus
490 1019 713 1088 debacchantur,
728 1039 798 1096 quae
811 1031 886 1079 teste
901 1018 1021 1079 Polluce
1034 1025 1156 1097 mptum

45 1097 151 1173 appellari
169 1114 353 1159 consuerunt.
397 1098 466 1159 Noli
488 1100 575 1179 igitur
595 1121 647 1160 eos
666 1099 778 1169 audire,
793 1100 844 1180 qui
864 1102 1022 1161 comessari
1042 1101 1155 1161 dictum

45 1192 121 1251 puunt
136 1180 168 1239 ab
185 1200 245 1247 esu,
259 1182 399 1258 qnoniam
423 1200 438 1239 s
461 1180 585 1259 simplici
607 1181 771 1241 necessario
785 1181 971 1250 scriberetur,
994 1202 1048 1241 aec
1069 1202 1155 1241 secus

45 1258 120 1317 eruditi
133 1272 256 1321 veterum
270 1262 388 1321 codices
400 1262 550 1323 haberent,
593 1260 669 1321 Nam
684 1260 824 1321 Grmcum
837 1260 909 1320 illnd
921 1266 1039 1336 κωμάζων,
1051 1282 1155 1340 quem·

47 1336 164 1399 dnodum
184 1364 201 1399 c
221 1342 330 1403 litterae
351 1355 455 1402 natura
474 1342 629 1410 desiderat,
643 1341 796 1419 duplicis:
814 1341 918 1401 laune
930 1344 1049 1420 quidem
1062 1364 1154 1403 sano·

49 1430 107 1487 tatur,
122 1424 200 1481 sicuti
220 1428 378 1499 φιλιππίζειν,
400 1423 573 1502 philippisso
593 1435 647 1482 est.
690 1422 741 1502 lte
850 1428 876 1481 lo
894 1424 978 1500 qussi
996 1430 1155 1503 mpslpblc,

51 1498 144 1561 metet
167 1504 394 1563 comessantium
422 1504 570 1563 hominum
598 1504 750 1564 cantilena.
839 1524 887 1563 ure
918 1504 1094 1563 Graecorum
1124 1518 1156 1563 st

52 1575 124 1639 Durati
138 1586 278 1643 sententie
298 1586 427 1645 menime
446 1584 560 1663 placet:
584 1605 673 1662 quum
691 1586 858 1663 preesertim
874 1585 1060 1645 doctissimus
1074 1586 1156 1663 quis-

51 1678 89 1733 que
104 1663 209 1725 hteatur
236 1666 267 1727 in
296 1665 483 1743 Dionysiacis
503 1666 765 1725 comessationibus
793 1665 824 1723 id
850 1684 941 1743 genus
968 1668 1111 1745 poematis
1136 1687 1157 1727 s

49 1744 154 1803 turribus
166 1746 255 1806 fuisse
270 1746 460 1807 celebratum.
503 1747 529 1805 Ii
550 1766 621 1807 vero
642 1747 712 1807 milti
733 1745 814 1805 nullo
833 1761 922 1824 pacto
938 1746 1064 1806 blandiri
1085 1766 1156 1826 pos·

45 1827 158 1901 :estqui
180 1847 287 1887 nomen
313 1828 370 1887 boc
392 1832 443 1887 ἀπὸ
465 1837 516 1887 τῶν
537 1836 627 1902 κωμῶν
649 1828 783 1886 derivare
804 1826 994 1893 contendunt,
1016 1829 1155 1906 quoniam

46 1901 198 1965 Athenienses
215 1908 308 1986 (apud
328 1928 402 1985 quos
420 1922 518 1969 natam
537 1908 598 1967 fere
613 1921 643 1967 et
661 1922 778 1967 auctam
794 1928 860 1966 esse
873 1908 1048 1968 comoediam
1068 1929 1156 1969 nemo

45 1984 143 2063 ambigit)
154 1992 247 2063 δήμους
259 2004 412 2057 vocarunt,
426 2010 493 2067 quae
506 1992 544 2049 ab
558 1989 622 2048 aliis
635 1998 717 2063 super
729 1988 854 2048 fuissem
866 1988 1031 2068 appellata.
1053 1988 1156 2049 Enim·

46 2080 91 2123 rere
111 2066 173 2129 illud
196 2090 288 2129 unum
310 2070 381 2129 mihi
404 2071 554 2148 negotium
582 2070 660 2141 lecit,
681 2091 719 2129 ne
747 2068 859 2129 scilicet
881 2070 1006 2129 Comum
1030 2074 1082 2130 dre
1104 2080 1159 2133 r&

43 2154 105 2215 vr&
124 2146 232 2209 Graecia
257 2151 387 2210 dixerit:
408 2151 654 2227 quemadmodum
677 2150 803 2211 Rotnani
825 2150 1012 2210 fornacaliam
1031 2152 1156 2211 semus

42 2224 193 2289 sbinmudio
212 2230 332 2291 coluere
352 2232 536 2291 fornacibus:
558 2244 588 2291 et
607 2232 765 2308 Robigum,
781 2230 844 2289 sire
866 2231 1054 2309 Rubigiucm,
1067 2244 1157 2309 atque

42 2302 91 2363 aloc
109 2311 274 2389 complures,
295 2334 313 2371 s
336 2314 444 2389 quibua
466 2325 625 2390 preessent
647 2314 737 2371 rebus
759 2310 954 2391 appellavere.
997 2310 1158 2390 Utcunque

42 2398 110 2447 leuen
127 2410 185 2451 sese
204 2413 253 2452 res
273 2394 392 2456 hebeat.
406 2398 466 2469 περὶ
477 2399 508 2453 τὸ
526 2398 648 2468 κωμάζειν
667 2392 809 2472 appellari
827 2392 1002 2451 commdism
1023 2392 1157 2452 affirmo:

41 2470 145 2539 norim
158 2474 212 2531 etsi
231 2479 294 2549 περὶ
313 2480 360 2535 τὸν
379 2482 464 2548 κώμας
483 2474 599 2533 dicatm
613 2480 628 2531 t
641 2482 735 2549 κῶμος,
749 2486 846 2533 tamen
867 2477 954 2532 abeo
973 2481 1004 2533 rt
1024 2480 1156 2548 mpdcsss,

41 2547 94 2605 'mle
111 2560 218 2632 npetu
240 2555 327 2632 quasi
348 2562 514 2629 κωμαζόντων
535 2559 587 2633 μ’δνμ
610 2556 786 2615 nominatur.
823 2555 935 2613 Verum
953 2576 992 2613 ex
1010 2554 1077 2635 ipse
1093 2554 1159 2633 jam

40 2630 127 2690 neruine
143 2636 235 2711 patuit
261 2656 397 2713 quaermm
420 2636 552 2695 delinitio
575 2636 668 2714 possit
690 2636 845 2695 comoediae
867 2636 1032 2705 convenire,
1052 2656 1159 2714 mma

42 2707 124 2770 seilicet
141 2714 339 2776 demulcendis
361 2716 509 2775 hominum
532 2718 687 2785 mentibus,
707 2716 949 2794 excutiendisque
972 2717 1159 2793 potissimum

42 2788 155 2879 uebinnis
175 2796 438 2857 accommodatum.
482 2797 549 2856 Hoc
571 2797 665 2855 innuit
686 2796 838 2875 Virgilius,
859 2810 891 2855 et
911 2797 953 2855 illi
973 2797 1157 2869 Graecorum,

42 2886 77 2961 lm.
91 2880 191 2935 surm
208 2898 323 2939 musam
345 2878 463 2937 comicia
483 2877 642 2956 praesidere
656 2878 833 2937 cecinerunt.
875 2878 955 2945 Qun
975 2877 1086 2937 scilicet
1099 2879 1158 2938 scs·

42 2958 90 3009 ltus
100 2955 235 3031 pullulans
248 2959 337 3038 jocis,
351 2960 389 3017 ad
403 2960 493 3018 risum
508 2979 600 3037 usque
615 2958 751 3017 delectet
794 2959 862 3018 Hoc
875 2960 963 3017 etism
981 2958 1157 3019 Aristotelea

42 3038 217 3121 munemne,
231 3039 378 3116 inquiens,
394 3040 474 3117 quod
495 3040 525 3099 in
538 3040 721 3119 turpitudine
740 3039 897 3099 ridiculum
913 3052 970 3109 est
981 3041 1158 3099 comrediam

41 3116 130 3175 :nturi
167 3118 416 3198 Quandoquidem
429 3120 503 3179 illud
517 3120 648 3198 inprimis
669 3133 767 3199 poetae
779 3122 870 3180 rebus
884 3132 914 3179 et
927 3120 1025 3179 verbis
1039 3121 1157 3181 efficere

41 3196 204 3259 tutabantur:
226 3202 293 3279 ipsa
313 3202 431 3279 quidem
451 3222 483 3260 re
503 3202 646 3268 bifariam,
660 3201 796 3260 videlicet
817 3200 863 3259 vel
876 3202 1014 3280 opinione
1033 3223 1095 3273 aua,
1109 3200 1158 3261 vel

42 3268 131 3363 ⁸llrrius
149 3283 336 3357 persuasione
357 3282 495 3361 deceptas
516 3282 830 3361 fingendopcrsouaa:
851 3281 957 3341 deinde
976 3302 1084 3361 magna
1101 3300 1157 3341 uo·

42 3367 105 3424 mue,
123 3360 163 3418 rel
182 3362 253 3421 deos
275 3362 441 3423 mortalium
468 3364 624 3441 postremis
645 3363 856 3441 componendo,
878 3364 964 3422 sicuti
985 3362 1108 3423 Plautus
1127 3363 1158 3422 io

43 3430 220 3518 Amphitryone
244 3442 428 3503 Mercurium
450 3442 569 3503 simulat
588 3464 675 3521 agere
699 3444 832 3503 Sosiam
853 3443 901 3503 rel
922 3458 1033 3513 contra,
1055 3464 1158 3523 quem·

43 3510 168 3581 sdnedrm
192 3524 222 3583 in
250 3525 344 3583 Ranis
369 3525 575 3603 Aristophanis
601 3524 701 3585 fabule
728 3526 872 3583 Xanthiaa
897 3525 956 3585 vile
980 3525 1158 3604 mancipium

43 3588 169 3661 Herculem
185 3606 256 3682 agit„
294 3603 460 3665 Verborum
480 3618 578 3665 autern
595 3605 692 3664 modis
711 3618 824 3683 septem
838 3606 942 3665 comici
957 3606 1034 3667 risus
1047 3606 1158 3665 excita·

44 3670 106 3769 litt:
123 3683 165 3741 sel
185 3685 298 3745 scilieet
316 3686 402 3764 plura
422 3686 590 3765 significans
610 3688 734 3745 verbnm
754 3700 939 3780 usurpantes,
958 3687 1040 3764 quod
1059 3689 1157 3764 grain·

43 3760 216 3825 mauritianae
231 3774 394 3842 ὄμμννμὶμνι
417 3766 465 3826 rel
479 3767 564 3847 plera
578 3767 798 3845 significationis
809 3768 950 3847 ejusdem,
961 3766 1041 3845 quod
1052 3778 1159 3826 vocant

44 3849 184 3915 maha:
205 3848 253 3906 vel
272 3848 422 3925 proprium
441 3848 560 3927 aliquod
578 3848 714 3908 ludentes
728 3868 834 3908 nomen
848 3869 883 3908 es
896 3848 1016 3926 quidem
1033 3848 1157 3919 ratione,

45 3930 86 3987 lua
102 3940 148 3983 uus
166 3926 310 3987 interdurn
332 3942 480 3989 oratorem
500 3928 625 3987 dicimus
647 3944 802 3998 aratorem,
823 3929 904 4006 quod
925 3928 968 3987 illi
989 3942 1160 4005 nuncupant

44 4010 180 4091 {ewulm
192 4008 240 4067 rel
254 4008 356 4069 sedem
369 4010 480 4088 saepius
493 4030 552 4069 uon
567 4010 719 4069 invenuste
732 4010 903 4087 repetendo,
917 4008 999 4085 quod
1011 4007 1162 4085 appellant

45 4078 183 4159 dungh:
203 4089 369 4167 cujusmodi
382 4103 427 4149 est
441 4089 515 4150 illud
530 4089 696 4149 Ennianum
711 4093 749 4149 ab
760 4088 840 4148 Aulo
854 4088 953 4147 Gellio
966 4087 1097 4155 citatum,
1108 4092 1162 4149 ubi

46 4160 139 4222 rutum
158 4167 211 4227 boc
222 4170 341 4247 [πειτα
359 4183 389 4229 et
403 4172 558 4249 frustrari,
576 4170 674 4229 decies
696 4170 801 4229 eodem
823 4168 889 4227 loco
912 4166 1092 4227 inculcetur:
1114 4170 1164 4229 vel

46 4248 185 4325 mandi
204 4250 302 4309 studio
323 4250 498 4311 diminutive
518 4253 694 4311 formantes:
715 4251 764 4309 rel
785 4248 913 4321 aliquam
934 4246 1015 4306 baud
1035 4245 1164 4307 absurde

46 4308 133 4407 lim
144 4340 293 4393 mutantes.
337 4331 474 4412 Dscique
492 4354 546 4412 per
564 4352 623 4393 nou
637 4332 722 4391 tritas
734 4326 852 4389 dicendi
867 4325 976 4401 figuras
990 4322 1168 4412 elegantiam

47 4394 153 4479 alicuju,
164 4426 214 4471 aut
232 4412 305 4473 rude
326 4413 474 4491 ingenium
486 4416 696 4494 exprimentes,
711 4412 861 4470 theatrum
873 4424 960 4465 omne
975 4404 1038 4463 risu
1057 4396 1171 4460 diffun-

576 4516 596 4573 8
