2834 4759
427 28 483 95 lN
508 29 904 99 PHORMIONEM.
1177 34 1243 99 teo

111 232 116 240 ,
170 162 351 239 Parasitus,
367 185 427 248 per
441 186 539 249 quem
553 186 606 229 res
622 178 739 249 egetur
752 189 918 233 maxume:

124 274 158 320 so
170 260 334 326 Voluntas
349 273 458 327 vostra
474 263 558 327 siud
573 276 705 349 poetam
718 268 901 331 secesserit.

170 358 261 424 Date
276 382 426 445 operam3
447 360 559 426 adeste
574 385 669 446 aequo
684 365 789 429 animo
804 387 863 449 per
879 364 1056 431 silentium:

168 457 226 521 Ne
242 457 334 522 simili
347 472 477 525 utamur
491 460 633 538 fortune,
648 472 747 547 atque
762 464 813 527 usi
829 486 951 539 sumus,

168 555 282 629 Quum
297 580 357 642 per
371 556 543 623 tumultum
555 570 667 625 noster
680 582 764 644 grex
779 572 884 626 motus
899 559 1030 626 loeo’st:

168 654 280 728 Quem
293 656 412 721 uctoris
426 658 529 721 virtus
543 658 637 722 nobis
652 659 795 723 restituit
808 658 925 736 locum,

123 767 155 813 te
169 754 373 841 Bonitasque
388 768 497 821 vostro
510 757 674 842 adjutoris,
689 768 787 841 utque
803 759 1034 842 aequenimitus.

233 1085 425 1159 ACTUS
463 1086 634 1159 PRIMI
669 1084 860 1159 SCENA
893 1086 1091 1160 PRIMA.

600 1276 727 1328 DAVUS.

167 1398 306 1465 Astreus
320 1424 461 1466 summus
476 1422 567 1465 meus
582 1412 616 1464 et
629 1398 795 1485 populeris
812 1400 901 1465 Geta

83 1583 120 1631 bri
131 1584 251 1633 exhibent
260 1587 343 1645 portis.
367 1584 432 1631 Nam
443 1582 508 1647 spud
521 1582 647 1632 veterensi
678 1582 721 1644 qui
733 1597 789 1630 suus
805 1582 877 1631 borss
889 1598 937 1631 non
949 1582 1082 1631 obtinuerit
1099 1583 1163 1633 inter
1179 1600 1241 1649 pre·

83 1648 290 1713 genitivuspl.in
303 1648 418 1707 iusserit,
432 1648 585 1696 accusativus
602 1647 647 1695 ba·
678 1646 794 1695 cedentes
805 1658 829 1695 et
840 1658 1019 1697 consecuturus.
1053 1648 1120 1712 Ergo
1137 1650 1242 1714 proprie.

83 1712 162 1771 betis,
174 1729 226 1763 non
238 1731 269 1763 es.
294 1714 322 1761 B.
680 1712 755 1760 sicet
767 1712 860 1769 Cicero,
872 1712 944 1761 Cutil.
961 1712 986 1761 ii.
1002 1714 1022 1761 1.
1039 1715 1100 1761 Loco
1114 1717 1154 1763 ille
1170 1724 1243 1765 motta

116 1775 648 1842 ttt.1³erqonrerageormstm]ouis
679 1780 1046 1839 est‚quumerteeurbepulsus.
1071 1780 1102 1826 D.

81 1845 162 1902 prima
171 1841 416 1906 perteretiemsliud
440 1841 446 1853 '
483 1842 579 1890 iiieaut:
597 1857 647 1891 non
713 1844 751 1889 st.
771 1840 842 1894 Quem
852 1846 937 1891 actoris
948 1842 1034 1905 rirtru]
1048 1842 1144 1907 Ubique
1160 1843 1245 1895 laudet

85 1922 142 1969 erqo
158 1858 569 1973 nurrcprtmumaetuffiissed
585 1924 646 1957 sum-
680 1916 802 1955 sctorem:
829 1918 867 1955 est
884 1907 949 1955 enim
971 1919 1051 2020 poete
1067 1908 1135 1957 utile.
1171 1908 1242 1962 Quen

85 1985 233 2035 temperies.
253 1973 285 2021 Et
296 1974 358 2021 bene
369 1975 483 2021 marine:
500 1972 557 2034 quia
568 1983 592 2020 et
605 1988 648 2037 per
680 1975 765 2020 actoris
773 1970 859 2033 virtus]
869 1971 969 2026 Quiexc
980 1972 1124 2031 usustoties,
1133 1972 1243 2023 animum

85 2036 149 2085 alios
172 2035 605 2101 1).-ttaageror]tttsttgerenr.
619 2038 648 2085 L.
681 2052 730 2083 uon
747 2036 869 2097 abjecerit.
886 2035 929 2085 sed
946 2037 1139 2101 perseveraverit
1154 2054 1242 2101 agerer

86 2101 231 2165 -Plerique
239 2103 309 2152 codd.
319 2103 385 2164 iique
393 2102 506 2150 meliores
514 2110 648 2165 procgetur
680 2100 737 2148 ideo
747 2105 827 2149 uirtus.
854 2104 966 2149 Restituit
975 2101 1059 2165 umor]
1073 2102 1140 2151 Bene
1152 2102 1243 2167 repeti·

87 2164 286 2230 bebentgeretur.
311 2168 339 2215 Β.
681 2165 717 2213 vit
728 2165 815 2221 locum,
826 2176 853 2215 ut
864 2165 1011 2229 ἀμφιβολίαν
1023 2166 1122 2215 vitaret:
1140 2182 1243 2231 nequem

118 2233 155 2279 30.
171 2234 282 2281 Voluntas
290 2241 366 2281 oestro
376 2235 397 2279 si
408 2234 440 2279 ud
447 2240 537 2293 poetam
547 2248 647 2281 accerse-
681 2233 802 2279 tumultum
813 2230 893 2279 dicere
905 2230 1034 2280 videretur.
1060 2233 1091 2280 D.

87 2298 125 2352 rit,
146 2299 200 2345 dcte
217 2297 322 2361 mess]
340 2300 366 2345 Si
388 2299 492 2345 uoluntas
512 2301 647 2345 oeoeuerit:
714 2296 753 2344 35.
777 2298 917 2359 Bonitasque
939 2304 1014 2345 oestro
1035 2296 1152 2359 utljutenq
1175 2306 1243 2361 atque

87 2374 136 2421 pro,
148 2362 169 2409 si
180 2361 304 2411 faveritis:
317 2377 379 2410 nove
390 2362 426 2410 aie
437 2361 532 2418 Cicero,
541 2361 608 2409 Fam.
615 2361 647 2411 iv.
680 2358 851 2423 equanimiter]
871 2362 969 2409 Bonitus
988 2361 1015 2409 in
1034 2362 1147 2411 omnibus
1169 2378 1244 2427 gene·

90 2424 124 2472 tt.
136 2428 281 2485 voluntatem
292 2442 338 2492 pro
348 2426 430 2475 favore
440 2426 517 2489 ponit.
542 2425 573 2473 D.
680 2424 765 2473 taliter
780 2426 853 2474 rebus
864 2435 913 2473 est:
943 2428 1115 2489 AEqucnimitus
1131 2426 1156 2477 in
1174 2442 1244 2491 spec-

118 2492 156 2539 st.
168 2494 256 2541 Adeste
275 2508 339 2555 aequo
358 2490 445 2553 ocimo]
467 2490 547 2540 Favor
562 2492 591 2538 in
606 2506 648 2539 co·
682 2489 763 2539 tando.
798 2492 938 2539 Antonitos
951 2491 976 2539 in
993 2492 1124 2554 probandis
1140 2492 1246 2557 hisque

89 2555 174 2603 modis
189 2556 317 2606 silentium
336 2554 480 2620 spectatoris
495 2566 538 2605 est
572 2556 649 2604 Recte
682 2556 746 2602 bonu
766 2565 830 2611 sunt,
853 2558 1012 2617 equanimiter
1037 2555 1063 2603 in
1090 2556 1246 2619 ignoscendis

89 2620 249 2681 ergosddidit
261 2637 305 2683 per
320 2623 443 2669 mmmm.
470 2623 545 2683 AEquo
560 2619 649 2683 ummo]
682 2618 749 2668 vitiis
759 2630 832 2682 utque
843 2618 956 2669 delictisi
983 2622 1023 2668 An
1035 2621 1183 2681 corrosorio
1191 2626 1245 2671 esti

91 2680 159 2733 Nune
180 2683 318 2751 propositio
339 2696 384 2733 est.
413 2686 565 2734 D.-Adeste
585 2703 650 2748 aquo
682 2684 998 2733 Aubonituseiresomnes:
1016 2687 1246 2749 equanimttuscircs

90 2748 172 2813 amno]
196 2750 329 2814 subjungit
350 2750 417 2799 illum
444 2749 648 2808 benevolentium,
680 2748 844 2797 Terentiumi
869 2751 1009 2813 Bonitasque
1017 2749 1106 2813 uestra]
1116 2752 1155 2799 Ne
1167 2762 1245 2801 totum

90 2826 158 2871 quam
178 2830 278 2879 semper
299 2816 363 2880 petit
383 2814 511 2879 prologus:
535 2824 561 2863 et
578 2825 649 2878 roget
680 2813 757 2863 actori
775 2814 890 2873 tribuens,
903 2814 965 2863 nihil
981 2814 1072 2879 populo
1087 2826 1177 2879 preter
1192 2817 1244 2865 cul-

91 2876 160 2927 etiam
171 2880 323 2930 utendistur
334 2895 389 2929 cum
401 2880 506 2928 silentio.
528 2880 558 2927 Ε.
714 2894 739 2927 m
758 2879 885 2943 reliquisse
905 2880 1036 2937 videretur,
1055 2880 1155 2929 honoris
1173 2896 1246 2931 eausa

121 2943 158 2991 82
172 2947 209 2993 Ne
224 2948 297 2995 siniti
313 2952 405 2994 utamur
414 2944 513 3007 sortem
528 2952 597 3008 atque
612 2947 650 2992 eri
680 2894 728 2992 lle
739 2943 839 2992 eddidit
868 2943 997 3007 Adiutores]
1010 2944 1050 2994 Sic
1060 2957 1155 2995 veteres
1164 2945 1246 2995 dicere

90 3007 174 3121 titt
188 3009 379 3124 mim
405 3008 650 3138 tissime
681 3008 1051 3123 mittitete.
1067 3010 1243 3139 ts...]

93 3132 168 3185 Detur
184 3138 225 3189 bic
244 3138 358 3202 intelligi,
377 3139 442 3202 quod
461 3140 513 3187 brec
530 3138 650 3187 comoedis
681 3138 755 3193 Quod
771 3138 796 3187 ln
813 3138 926 3187 omnibus
937 3139 988 3189 lere
1005 3139 1139 3197 eomoediis,
1153 3140 1179 3189 in
1191 3141 1246 3203 qui·

91 3201 375 3261 postillsmcomoediem,
384 3203 534 3267 quedicitur
543 3203 650 3267 Hecyra,
682 3204 729 3251 bus
744 3202 861 3267 perplexa
872 3214 1014 3267 argumenta
1030 3215 1095 3263 sunt,
1107 3204 1161 3253 lieri
1176 3204 1247 3265 solet,

93 3272 138 3311 est:
155 3277 182 3317 ut
197 3269 245 3319 boc
261 3269 301 3317 hic
318 3269 433 3333 tetigerit,
448 3284 480 3317 ne
496 3268 539 3317 teli
554 3269 652 3317 tortum
682 3267 708 3316 id
730 3267 756 3316 in
773 3268 818 3317 hae
838 3284 933 3331 quoque
951 3270 1082 3319 Terentius
1099 3280 1195 3320 servat:
1219 3282 1248 3320 ut

92 3337 190 3391 ultum,
212 3350 262 3398 qua
283 3334 323 3383 usi
341 3349 433 3392 murus,
455 3333 651 3397 frequentissime
682 3332 826 3396 πρακτικὸν
846 3332 980 3394 πρόσωπον,
1002 3336 1029 3383 id
1050 3345 1094 3393 est,
1117 3350 1247 3399 personum

93 3395 186 3446 elclttsi.
223 3398 364 3461 Aliquando
385 3408 468 3449 nmen
489 3414 545 3447 cum
567 3398 650 3447 labore
682 3410 941 3461 extmargumentum,
958 3399 1076 3449 inducat:
1093 3400 1247 3450 cuidumob

93 3460 193 3509 maximo
200 3464 345 3513 comoediam
355 3464 457 3527 egimus,
468 3464 558 3512 virtute
568 3463 650 3538 potius
681 3463 728 3513 hoc
744 3462 833 3526 ipsum,
845 3464 910 3525 quod
922 3463 996 3513 veluti
1008 3464 1088 3514 alienu
1104 3475 1155 3515 tota
1166 3464 1248 3515 fabule

93 3529 266 3580 mimantis
281 3526 377 3586 actoris,
393 3528 435 3590 qui
452 3528 541 3578 totiens
558 3539 592 3576 sit
606 3544 649 3576 ex·
682 3538 727 3585 est,
750 3538 819 3591 gestu
839 3544 880 3577 res
903 3539 1021 3587 nemstur,
1043 3530 1120 3579 discet
1141 3531 1248 3595 populus

95 3584 176 3639 clusus
210 3595 251 3643 Ne
269 3604 364 3643 tentum
383 3593 454 3656 qussi
473 3592 562 3641 actoris
582 3593 651 3642 illem
683 3602 778 3641 textum
795 3608 826 3641 ex
848 3593 999 3643 coutinentia
1019 3594 1054 3655 (et
1073 3595 1247 3659 emittentium)

94 3656 228 3707 unctum
240 3658 327 3708 feeerit
336 3658 416 3707 audiri
427 3658 524 3716 virtute,
536 3658 579 3706 sed
592 3673 649 3722 per·
681 3672 772 3715 rerum,
783 3658 864 3720 sitque
873 3657 1006 3707 instructus
1017 3658 1048 3707 ad
1059 3670 1153 3707 cetera.
1178 3663 1246 3709 Ami-

94 3722 236 3780 “vtrsutisr
255 3723 547 3786 etneexbocinjurism
558 3722 651 3787 populo
682 3740 723 3771 cus
740 3738 839 3771 summus
861 3731 964 3771 mearet
982 3726 1101 3785 populeris
1120 3722 1192 3787 Geta]
1215 3725 1248 3775 In

95 3775 192 3843 secimet,
212 3788 308 3850 adjecit,
325 3790 424 3837 Bonitus
440 3796 517 3837 oestro
531 3788 650 3850 odjum,
681 3787 728 3835 hac
744 3802 825 3843 scens,
836 3802 890 3849 quse
903 3787 1006 3836 docendi
1020 3797 1093 3851 atquc
1109 3787 1248 3839 instruendi

95 3848 157 3905 “i'‘
166 3856 330 3915 aequmimitca.
353 3854 383 3902 tt.
682 3850 827 3916 spectatoris
842 3866 915 3900 causa
928 3851 1063 3911 inducitur,
1080 3852 1141 3900 mire
1153 3852 1247 3902 extrin-

125 3910 161 3959 ³⁸·
175 3914 247 3969 Quen
254 3936 298 3981 per
309 3920 430 3967 tumuuusv
439 3916 529 3981 noster]
540 3918 652 3981 Apparet
682 3931 754 3965 secus
762 3916 857 3980 lepores
867 3916 1006 3979 facetiisque
1013 3926 1147 3965 cernuntur
1154 3926 1178 3965 et
1185 3918 1248 3967 seles

97 3967 213 4047 Hecyram
226 3996 284 4032 cute
301 3983 473 4033 Phormionem
484 3993 563 4031 sctum
580 3998 648 4031 esse:
682 3980 777 4030 comici.
812 3980 842 4029 Id
865 3981 930 4029 enim
951 3993 989 4031 est
1009 3982 1068 4031 artis
1090 3981 1199 4045 poetices,
1220 3994 1253 4033 ut

96 4049 132 4083 0¹1¹
151 4046 250 4111 mutiqit
264 4048 291 4097 id
308 4048 374 4111 quod
393 4048 512 4111 queritur,
533 4046 652 4111 populum
684 4060 758 4109 quum
776 4045 910 4095 narrationi
924 4047 1062 4110 argumenti
1074 4046 1145 4095 detur
1156 4062 1246 4113 operer
1314 4070 1318 4079 ·

97 4102 255 4161 'ubtoettsena
288 4115 375 4163 Noster
387 4130 447 4177 gres
457 4120 530 4163 motus
545 4110 650 4174 locoest]
680 4114 732 4173 jam
749 4118 830 4159 tamen
847 4126 887 4159 res
903 4112 950 4173 egi,
968 4122 993 4161 et
1008 4111 1127 4161 comoedia
1143 4112 1248 4177 spectari
1295 4128 1301 4143 ·

97 4163 172 4243 bouq
183 4177 365 4229 estdistributio
375 4187 519 4241 temporum,
531 4192 586 4240 quo
596 4176 649 4225 cui-
683 4176 802 4225 videatur.
836 4179 932 4225 Amico
946 4193 1045 4225 summus
1061 4194 1123 4227 meur
1137 4186 1161 4226 et
1174 4196 1247 4240 popu·

99 4242 141 4288 ‘lue
155 4250 180 4284 1¹1
194 4243 357 4305 spectaculum
370 4255 473 4292 venturo
484 4243 651 4291 attribuuntur
682 4244 741 4291 loris
753 4240 826 4305 Geta]
846 4240 983 4291 lnsiuustio
996 4257 1107 4307 personae
1122 4244 1182 4305 ejus,
1194 4258 1249 4306 ques

99 4292 126 4344 *l
144 4298 266 4359 AEdititus
301 4308 374 4357 Unde
394 4312 440 4357 ioco
459 4316 532 4356 motus
553 4308 650 4366 dicitur,
683 4306 808 4357 inducitur
835 4306 866 4355 ed
894 4306 1042 4357 audiendum
1070 4317 1246 4372 argumentum.
