2834 4759
305 173 365 236 DE
391 173 577 237 nuruis
604 177 955 238 TERENTIANIS.
1140 178 1204 238 lxxi

117 300 231 356 Boram
242 302 382 390 inperium
393 321 493 358 mrras.
698 303 784 360 Adest
843 305 850 318 ‘
882 305 975 376 eipso.

116 369 170 426 Sed
184 373 231 426 bic
243 373 401 443 Pamphilus
413 373 487 445 quid.
699 373 794 430 Solent
874 375 903 430 id
914 394 972 432 nou
984 375 1023 430 tit.

115 441 145 496 ls
156 443 225 496 bine
236 444 339 498 nulum
351 443 467 515 fugiens.
700 445 774 511 Quid
785 445 851 501 huic
862 445 907 500 hic
919 447 1058 518 negoti'st.

117 511 230 584 Nempe
242 511 445 569 Ph6rmionem.
700 515 816 570 Student
828 516 924 571 licere.

115 583 150 637 lu
162 583 236 638 hanc
249 584 371 639 ndstram
382 585 506 656 plateam.
702 585 755 642 Sed
767 587 868 642 ostium
881 586 976 642 c6ncre
994 587 1045 642 uit.

114 653 292 724 Supellectile
305 673 374 726 opus
387 664 437 710 est.
702 655 811 712 Nemini
823 657 901 728 plura
912 675 973 712 acer
1009 699 1016 712 .

115 723 170 779 Sed
184 743 249 780 ecca
261 728 320 796 ipsa
331 725 477 797 egreditur.
699 726 775 793 Quid
788 729 793 740 '
851 745 883 783 re
895 730 1029 798 peniculo.

113 795 330 866 Egoeaclridor,
344 799 398 851 ille.
699 797 1009 854 Sedestnelllenoster.

114 865 208 938 Negat
221 868 299 954 quis!
319 867 389 938 nego
401 867 449 931 ait,
462 869 514 922 aio.
698 867 802 924 'lamen
814 872 860 924 rix
872 868 999 926 humane.

113 935 556 1002 Enimvero,Dave,uillociest.
698 937 998 995 Tacetcuruonludo.

114 1006 232 1062 liabent
245 1008 393 1078 despicatu.
698 1007 894 1064 lubettrtterr
915 1011 1060 1066 ubiisest.

111 1077 201 1132 Dolet
213 1077 320 1133 dictum
333 1077 507 1150 imprudenti.
698 1079 905 1135 Omniadmnes
916 1081 1132 1136 ubiresciscunt.

46 1163 120 1236 Hoc,
136 1181 171 1226 ut
186 1167 282 1237 vides,
296 1167 429 1226 Terentii
448 1167 592 1246 judicium
607 1180 687 1238 erat:
711 1182 745 1228 ut
765 1169 794 1227 in
812 1169 907 1246 primo
920 1170 982 1229 fere
1002 1169 1077 1249 pede
1091 1190 1203 1240 versus,

46 1250 92 1307 ubi
106 1249 242 1328 paratior
261 1249 347 1308 venia
360 1263 413 1316 est,
429 1247 545 1308 licentia
565 1247 615 1308 illa
633 1263 785 1319 uteretur:
808 1249 916 1310 idcirco
930 1252 1108 1321 excusatior,
1123 1251 1204 1330 quod

46 1350 101 1388 uon
115 1331 182 1409 ipse
195 1349 265 1388 eam
283 1331 395 1407 primus
416 1329 560 1400 intulerit:
584 1329 635 1388 sed
649 1351 667 1388 a
681 1329 796 1402 Plauto,
811 1329 941 1400 Caecilio,
956 1332 1128 1410 caeterisque
1142 1346 1205 1392 tuns

48 1411 73 1468 iu
96 1431 188 1470 scena
211 1413 403 1489 regnantibus
428 1423 576 1488 acceptam
605 1411 767 1470 retinuerit.
810 1409 943 1471 Licentia
968 1424 1048 1470 certe
1071 1425 1151 1482 erat:
1173 1427 1204 1472 et

47 1489 161 1569 ιἰὦςπιι
176 1491 267 1560 forto,
282 1493 331 1550 cui
353 1491 470 1549 Romuli
491 1481 613 1569 nepdter
634 1491 828 1570 indulgerent,
870 1491 949 1551 Nam
968 1493 1018 1570 qui
1039 1492 1126 1552 hodie
1145 1513 1204 1554 non

47 1574 171 1632 comicos
193 1586 314 1631 veteres
334 1585 517 1641 excusatum,
533 1572 585 1631 sed
605 1572 757 1632 defensum
778 1575 867 1643 eunt:
890 1573 940 1651 qni
954 1573 1067 1632 fontem
1079 1572 1122 1632 rei
1135 1595 1203 1633 cau·

47 1673 163 1732 samque
187 1667 221 1712 et
247 1654 388 1731 originem
417 1652 606 1730 deprendisse
630 1674 661 1712 se
688 1653 868 1732 gloriantur;
898 1653 1069 1732 popularem
1092 1654 1205 1714 scilicet

49 1747 110 1794 tunc
131 1735 279 1813 temporis
303 1734 516 1812 pronunciandi
541 1755 672 1793 morem:
696 1748 729 1795 ut
748 1754 867 1794 necesse
884 1735 973 1794 fuerit
994 1735 1121 1804 comicis,
1136 1757 1204 1813 quar

49 1817 134 1874 rerba
148 1815 305 1874 communi
319 1815 426 1873 civium
447 1835 581 1874 sermone
603 1816 708 1895 spretis
730 1817 957 1875 consonantibus
978 1814 1078 1895 rapide
1099 1815 1204 1876 effere·

48 1897 157 1964 baumr,
171 1918 209 1955 ea
232 1898 325 1954 verba
345 1895 374 1954 iu
395 1896 455 1954 suis
471 1894 586 1965 sabulis,
601 1917 669 1974 quae
690 1897 882 1956 audiebantur
903 1897 1023 1969 scilicet,
1045 1917 1103 1956 non
1123 1895 1204 1977 lege·

49 1977 159 2048 herrm,
185 1976 357 2054 corripere:
386 1994 432 2034 nse
456 1975 497 2034 illi
522 1997 646 2054 operoso
669 1993 776 2036 oouatu
800 1977 871 2036 nihil
895 1977 1006 2048 dicunt,
1031 1977 1203 2057 pollicentes

51 2077 147 2137 magns
161 2057 238 2116 nihil
253 2059 409 2116 extricant.
451 2055 533 2122 Quid
547 2059 647 2116 enim?
668 2060 692 2116 si
707 2079 778 2117 usus
793 2072 856 2116 tum
870 2058 977 2117 civium
992 2060 1162 2130 communis,

223 2150 314 2217 Quem
327 2169 408 2221 penes
420 2150 562 2206 arbitrium
573 2160 614 2206 est
626 2160 653 2206 et
661 2153 708 2224 jus
721 2160 748 2206 et
759 2169 856 2206 norma
865 2152 1005 2223 loquendiv
1047 2151 1056 2168 .

48 2241 170 2318 syllabas
190 2241 231 2300 de
252 2241 360 2318 quibus
381 2239 478 2318 agitur
499 2241 604 2317 raptim
625 2243 856 2319 pronunciabat:
874 2241 937 2319 jam
951 2262 1011 2300 non
1025 2243 1204 2301 comicorum

48 2323 90 2382 rel
108 2323 233 2382 licentia
252 2321 301 2379 vel
321 2321 430 2379 crimen
444 2335 498 2391 est,
512 2322 563 2398 qui
583 2323 657 2381 mori
672 2325 909 2400 obtemperantes
922 2343 972 2381 eas
987 2322 1201 2400 corripiebant:

47 2405 95 2462 aed
114 2405 284 2482 epicorum,
305 2403 356 2479 qni
376 2423 431 2460 usu
453 2403 634 2479 improbante
655 2403 867 2480 producebant.
909 2402 1067 2463 Mutantur
1089 2415 1204 2462 tantum

47 2486 103 2556 rei:
126 2487 242 2544 crimen
256 2484 353 2560 ipsum
367 2502 425 2541 nou
440 2482 565 2543 eluitur:
588 2496 640 2542 aut
659 2485 689 2542 hi
709 2497 761 2544 aut
780 2483 822 2542 illi
838 2496 906 2542 sunt
920 2482 1015 2561 culpae
1033 2483 1202 2544 damnandi.

47 2565 163 2630 Quibus
176 2577 282 2624 autem
296 2563 382 2642 culpe
395 2565 515 2634 haereat,
538 2563 613 2622 scitu
628 2563 799 2624 facillimum
821 2577 877 2623 est.
911 2563 1044 2623 Priorem
1058 2564 1089 2623 iu
1109 2563 1159 2623 itte
1171 2577 1203 2625 et

45 2667 100 2705 rare
121 2658 296 2706 constanter
316 2643 519 2722 producebant
536 2645 630 2723 epici:
653 2659 753 2704 noster
774 2645 921 2704 interdum
940 2645 1072 2723 corripit,
1092 2645 1202 2724 saepius

44 2727 200 2804 producit:
223 2725 304 2804 quod
325 2727 350 2784 si
371 2737 451 2784 recte
470 2738 500 2784 et
520 2747 559 2784 ex
579 2746 635 2784 usu
655 2726 795 2804 corripit:
817 2739 899 2785 tanto
919 2727 1038 2804 srepius,
1057 2725 1127 2784 dum
1146 2747 1203 2786 soe-

44 2810 107 2885 pius
128 2807 282 2887 producit,
298 2819 411 2884 peccat.
452 2805 575 2884 Propter
589 2805 668 2885 apud
682 2807 782 2886 epicos
797 2827 912 2886 semper
925 2807 1024 2886 priore
1038 2805 1124 2885 longa
1137 2820 1202 2866 est:

43 2903 140 2948 noster
153 2887 250 2948 semel
265 2887 394 2966 corp'pit,
408 2885 488 2945 And.
503 2888 533 2946 ii.
551 2891 579 2948 6.
596 2893 624 2946 8.

220 2997 336 3070 Propter
347 2997 463 3068 hdspita'r'
477 2997 591 3070 hujusce
604 2997 840 3054 consuetudinem.

42 3103 71 3164 si
85 3107 142 3166 boc
157 3124 199 3165 ex
211 3103 423 3165 cousuetudine
444 3103 541 3183 vulgi:
565 3125 617 3164 cur
636 3103 715 3164 intra
735 3103 881 3162 decimum
899 3124 1026 3174 versum,
1042 3115 1072 3163 et
1092 3104 1201 3186 ubique

43 3187 123 3260 alias,
136 3185 302 3266 producit?

222 3279 272 3334 Nil
283 3279 391 3351 propter
402 3279 490 3334 hanc:
510 3279 559 3334 sed
571 3288 611 3334 est
623 3277 697 3350 quod
709 3285 850 3333 succenset
861 3277 920 3333 tibi.

44 3369 156 3430 Eadem
177 3369 361 3446 reliquorum
381 3369 456 3428 ratio
469 3381 531 3428 est:
552 3369 660 3445 quibus
674 3367 762 3426 venia
781 3367 908 3443 quidem,
921 3368 1083 3445 presertim
1104 3369 1201 3440 hodic,

43 3451 144 3530 lingua
153 3450 332 3530 jamdudum
345 3463 488 3520 emortua,
502 3449 587 3508 facile
601 3448 787 3508 conceditur:
808 3448 866 3507 nisi
880 3448 997 3527 culpam
1017 3451 1083 3527 quis
1100 3449 1202 3510 desen·

44 3533 141 3592 dendo
156 3531 265 3591 fecerit
277 3529 431 3608 majorem.

83 3613 239 3674 Ceterum
259 3611 315 3680 obi,
338 3610 422 3681 dorsi,
445 3609 516 3680 redi,
539 3609 614 3679 dori,
636 3629 719 3688 roga,
733 3609 812 3690 jule,
834 3619 906 3680 tuoe,
920 3609 991 3678 ride,
1013 3623 1045 3668 et
1066 3611 1150 3688 siqua
1171 3610 1203 3670 id

45 3715 136 3772 geum
148 3693 210 3754 alia
231 3713 298 3770 quae
316 3691 450 3752 ultimam
470 3694 591 3751 mevam
604 3691 723 3760 habent,
737 3692 789 3750 vix
803 3704 848 3750 est
861 3703 895 3750 ut
907 3690 1030 3750 licenter
1044 3691 1134 3762 dicas,
1150 3693 1204 3752 sed

44 3770 1035 3930 kimmffiltttlttttsstftll&tibrim
1048 3851 1158 3921 aar,
1172 3852 1203 3913 u

44 3957 129 3996 unam
143 3935 379 3996 morabuntur:
401 3949 435 3994 ut
447 3934 504 4004 diu,
519 3934 608 4002 deuna
623 3933 742 4004 deorum
757 3953 853 4004 meum,
869 3943 953 4003 tuum,
967 3953 1057 4000 murs,
1070 3951 1202 4004 meorum,

43 4029 93 4076 etc.
100 4017 304 4096 faitjia'rrc:
324 4016 391 4075 baec
404 4028 435 4075 et
449 4015 535 4093 siqua
547 4013 724 4094 hujusmodi,
741 4014 810 4094 jure
824 4016 941 4091 quoties
961 4013 1072 4072 vellent
1085 4025 1202 4076 coutra—

43 4097 152 4159 bebant
166 4097 293 4166 comici:
316 4096 386 4174 quia
406 4097 483 4155 idern
497 4096 588 4174 epicis
606 4095 656 4173 jus
675 4107 747 4154 erat.
791 4095 903 4154 Durius
924 4091 1043 4172 quidem
1063 4094 1201 4156 nostrati·

43 4180 96 4238 bus
117 4192 228 4239 mount
244 4177 335 4256 hujus,
350 4179 439 4256 cujas,
457 4179 527 4255 ejus
541 4195 620 4247 novo,
635 4175 689 4235 levi
709 4177 740 4235 in
759 4197 848 4236 unam
868 4175 1010 4254 syllabam
1030 4186 1200 4238 contracta:

43 4279 145 4320 rerum
159 4260 192 4319 id
202 4279 241 4319 eo
253 4259 359 4327 evenit,
375 4258 455 4335 quod
467 4278 521 4318 uos
533 4257 621 4318 hodie
635 4256 709 4316 male
723 4257 960 4335 pronunciemus.
996 4253 1109 4316 Notum
1122 4259 1201 4318 enim

44 4355 87 4400 est
108 4341 246 4410 eruditis,
269 4351 463 4400 consonantes
481 4340 494 4398 i
517 4352 547 4398 et
565 4360 585 4398 u
605 4337 683 4416 apud
705 4337 827 4398 Latinos
847 4336 951 4398 eodem
968 4335 1059 4396 fuisse
1078 4357 1152 4396 sono
1169 4351 1201 4400 et

43 4435 199 4499 potestate,
221 4441 282 4499 quo
299 4419 387 4480 hodie
405 4433 468 4500 yet
479 4440 513 4480 rr.
555 4419 737 4480 Pronuncies
756 4419 845 4497 igitur
863 4438 962 4499 copus,
981 4437 1065 4489 aomo,
1085 4417 1155 4488 usi,
1170 4431 1200 4479 et
