2834 4759
229 21 295 89 270.
672 17 950 86 TERENTII
1224 16 1336 102 [actus
1350 36 1369 81 1.

230 170 262 217 oo
274 155 376 221 Simul
390 178 468 235 rem,
484 169 518 223 et
532 157 667 243 gloriam
681 157 778 221 armis
793 153 871 220 belli
883 155 1024 239 repperi·

275 254 445 320 Postremo
460 257 543 321 adeo
558 280 611 322 res
627 255 740 321 rediitz
763 252 1024 319 adolescentulus

274 354 370 439 Saepe
386 355 511 431 eadem,
527 367 566 420 et.
575 355 727 440 graviter,
741 353 905 418 audiendo
920 352 1023 415 vietus
1038 361 1100 416 est.

274 452 406 518 Putavit
421 476 471 518 me
486 466 519 519 et
534 465 629 519 aetate
645 465 678 517 et
693 450 918 517 benevolentia

275 550 354 617 Plus
371 554 452 617 scire
468 565 501 617 et
516 551 699 637 providere,
716 571 812 635 quam
828 551 984 633 seipsum
1000 550 1080 613 sibi:

231 662 262 710 65
274 648 314 716 In
328 650 442 715 Asiam
457 652 498 715 nd
515 650 642 737 Regem
657 650 826 714 militatum
840 644 931 724 abiit,
948 647 1098 712 Chreme.

274 749 338 814 Cn.
350 750 441 824 Quid
452 752 521 815 ais?
545 749 642 813 Mun.
656 748 748 813 Clam
757 771 809 814 me
820 760 871 814 est
880 748 1065 834 profectus;
1080 749 1199 815 mensis
1211 748 1270 813 tris
1280 748 1373 813 abest.

274 847 338 912 Cn.
355 847 464 913 Ambo
479 849 670 913 accusandis
694 859 729 912 et
744 849 772 911 si
784 845 864 912 illud
879 849 1055 932 inceptum,
1070 859 1177 911 tomen

274 944 384 1011 Animi
398 957 449 1011 est
464 947 617 1031 pudentis
633 948 771 1031 signum,
788 958 821 1010 et
835 967 900 1010 non
914 946 1083 1011 instrenui.

274 1043 373 1109 Mun.
391 1043 460 1109 Ubi
474 1044 616 1130 comperi
630 1066 672 1108 ex
686 1046 737 1122 iis,
753 1046 809 1129 qui
823 1046 855 1110 ei
868 1044 961 1109 fuere
975 1046 1106 1123 conscii,

231 1155 263 1207 70
275 1141 418 1207 Domum
432 1154 577 1207 revertor
591 1154 740 1221 moestus,
755 1154 853 1227 atque
868 1144 974 1207 animo
987 1142 1056 1207 fere

275 1240 483 1319 Perturbato‚
499 1253 596 1326 atque
611 1243 735 1307 incerto
749 1264 818 1327 prae
833 1242 1045 1327 aegritudine:

273 1340 414 1417 Assid03
431 1345 611 1405 accurrunt
627 1341 730 1418 servi3
754 1362 866 1405 soccos
881 1338 1078 1405 detrahuntr

230 1516 265 1556 ter
274 1505 419 1569 pauperiem]
432 1510 561 1569 Paupertas
575 1517 613 1556 est
623 1506 790 1566 mediocrium,
823 1524 880 1565 non,
892 1522 1015 1555 cumeum
1026 1506 1123 1555 videres
1133 1505 1265 1571 proficisci,
1277 1510 1291 1539 ⁸
1305 1504 1374 1565 (udde,

229 1576 349 1635 pauperies
361 1571 534 1621 mendicorum.
557 1573 585 1620 C.
822 1572 970 1634 retinuerit)
998 1574 1089 1620 tilenses
1100 1570 1237 1635 berabat]
1254 1570 1303 1619 Hic
1318 1568 1376 1617 doto

264 1638 303 1685 60.
320 1640 377 1697 Rern
388 1644 411 1685 et
424 1636 535 1700 gloriam]
549 1637 610 1685 Haec
627 1636 676 1685 duo
692 1636 790 1701 potissi·
823 1653 876 1686 rem
892 1653 964 1687 suum
981 1636 1105 1701 exprimit,
1117 1635 1236 1701 temporis
1250 1635 1313 1699 longi
1359 1632 1375 1679 i·

231 1717 298 1751 mum
316 1716 330 1750 a
348 1700 466 1750 militibus
486 1701 592 1750 strenuis
612 1712 791 1765 comparantur.
825 1711 881 1750 tate.
899 1702 1152 1765 E.-Msgistmimus
1159 1649 1374 1776 paternusetiidc·

231 1766 336 1816 Eretria
352 1765 792 1830 notat,irnperiumsivedivitiasli-
825 1777 865 1815 tus
884 1766 1036 1843 exprimitur,
1053 1766 1075 1814 si
1092 1765 1188 1829 legens,
1205 1774 1244 1814 est
1309 1772 1376 1813 ectus:

232 1841 289 1888 tem,
310 1840 337 1879 et
355 1831 484 1879 Venerem.
516 1834 596 1880 Armis
617 1829 722 1893 repperi]
743 1831 793 1879 Alii
825 1846 898 1894 quam
909 1847 931 1880 st
942 1847 997 1880 cum
1011 1832 1106 1879 Fsemo
1116 1830 1238 1879 deleveris
1248 1840 1289 1880 est.
1312 1830 1338 1877 B.

231 1895 327 1947 codices
343 1911 392 1945 non
409 1896 500 1944 habent
515 1912 570 1944 cum
591 1894 665 1944 ermis
687 1894 752 1954 belli,
769 1907 794 1945 et
858 1897 898 1947 di.
914 1900 988 1944 Arabo
998 1895 1134 1957 mnndi]
1147 1896 1200 1943 Nec
1211 1895 1272 1944 dum
1283 1905 1331 1943 tota
1340 1908 1375 1940 m·

232 1970 290 2009 tune
301 1961 375 2010 srmis
387 1960 445 2010 belli
456 1960 637 2024 intelligatuni.
645 1976 666 2009 e.
674 1976 719 2025 per
729 1975 793 2023 pm
825 1961 906 2025 posits
916 1972 954 2009 est
966 1961 1053 2021 (deest,
1064 1978 1135 2008 rosso
1147 1958 1188 2021 Z.)
1199 1960 1293 2009 idcirco
1306 1972 1377 2020 equs-

230 2025 445 2091 statuumque
472 2026 519 2075 essi
532 2026 556 2074 in
569 2026 639 2074 bello.
657 2026 794 2074 C.—Ss‘sml
824 2026 873 2077 lem
883 2036 978 2091 portem
989 2025 1208 2074 socnmtionissnoe
1220 2024 1303 2090 posuit
1311 2024 1377 2071 Chre·

230 2042 686 2155 stremetgloriomiUtnnotempore
698 2090 793 2140 militias
824 2106 884 2148 mes,
895 2091 961 2153 quod
970 2090 1041 2146 dixit,
1052 2094 1118 2138 arrabo
1131 2095 1264 2139 meumst
1296 2090 1376 2144 Qmm·

230 2155 312 2205 labore
328 2156 435 2221 proprio,
452 2166 477 2204 et
492 2156 601 2205 fortunus
616 2155 751 2219 reperirem
767 2167 794 2204 et
824 2172 896 2218 quarn
905 2153 1378 2204 inclinavitutadolescentemdefenders

231 2220 369 2285 dignitates.
393 2222 423 2269 Ε.
824 2220 942 2279 videatur,
959 2236 1016 2268 cum
1031 2220 1119 2283 inquit,
1135 2223 1179 2268 etsi
1199 2223 1262 2268 illud
1278 2223 1377 2279 inceptu

237 2316 238 2321 =
263 2286 302 2334 62.
320 2283 793 2349 Audiendo]Scilicatsaepeestlemcon·
825 2286 1191 2347 videturessepmdestisoss'sss'
1199 2288 1376 2349 sigmetnon

230 2348 794 2465 :lili:iltin,diffinienti
825 2350 1080 2472 limittit
1104 2350 1171 2462 ἕω
1186 2361 1227 2398 ‘⁸‘
1243 2350 1308 2398 “¹³¹⁰
1322 2344 1376 2410 ‘¹⁸⁰⁶

231 2480 273 2543 qui
285 2480 311 2528 in
321 2480 385 2529 mslo
395 2496 445 2529 non
462 2480 535 2529 suerit
550 2480 671 2544 pertinax,
683 2490 711 2528 ut
722 2450 794 2528 multi
829 2506 833 2514 =
858 2481 897 2528 69.
920 2482 966 2527 vot
979 2478 1090 2543 comperi]
1104 2480 1165 2527 Haec
1181 2480 1262 2528 orstio
1278 2488 1325 2527 tots
1338 2492 1375 2540 pu·

231 2556 295 2593 sunt.
332 2548 411 2593 Victus
426 2544 471 2607 ert]
486 2544 542 2593 Non
560 2545 633 2594 cessit
648 2554 691 2593 aut
701 2545 791 2608 paruit,
824 2544 914 2593 thetica
924 2555 969 2593 est.
1003 2545 1038 2592 Et
1049 2545 1110 2593 bene
1121 2548 1226 2606 comperi,
1238 2554 1376 2607 compertum

231 2610 280 2667 sed,
298 2611 362 2672 quod
379 2619 417 2658 est
432 2610 550 2674 oppressi,
568 2610 646 2659 victus
663 2619 706 2658 ost.
731 2610 793 2657 0.-
824 2620 861 2658 est
878 2610 946 2668 mihi,
962 2620 987 2658 et
1003 2609 1169 2675 exploratum
1187 2608 1255 2657 idem
1272 2604 1376 2670 estquod

231 2678 296 2737 Saepe
307 2678 391 2733 eadem,
403 2684 426 2723 et
440 2674 556 2739 grauiter]
572 2675 619 2722 llis
635 2686 722 2723 onerat
734 2691 791 2723 cau·
824 2674 876 2723 scio
887 2690 932 2738 per
939 2674 1158 2738 investigationem.
1176 2672 1376 2723 C.-Nostriom·

231 2756 283 2789 ssm
304 2755 379 2798 susm,
399 2740 463 2803 quod
486 2739 625 2801 frequenter
647 2739 745 2797 dixerit,
768 2749 794 2788 et
825 2754 876 2796 nes,
889 2739 1136 2802 qmsuerees'eorsei'a
1172 2739 1257 2788 Recte.
1289 2737 1376 2848 Quippe

231 2804 345 2867 graviter.
379 2806 487 2853 'l'nndem
499 2804 640 2853 adolescens
652 2804 731 2853 victus
741 2804 793 2853 dis·
824 2804 957 2852 Trochaeus
967 2803 993 2852 in
1005 2804 1048 2852 ills
1058 2805 1116 2852 sede
1131 2819 1163 2852 ne
1179 2804 1276 2853 Graecis
1291 2801 1329 2865 qui
1344 2814 1376 2848 em

231 2870 331 2919 cesserit
342 2869 368 2918 in
379 2869 498 2918 militiam.
524 2869 554 2917 E.
824 2868 886 2934 ipsis
895 2869 980 2932 placet
1005 2869 1034 2917 B.

264 2936 302 2983 63.
321 2938 415 2983 Putavit
431 2933 478 2997 me]
496 2924 707 2983 clementissimus
722 2944 793 2997 pater
830 2963 833 2968 >
858 2933 896 2984 71.
913 2937 990 2997 Atque
1005 2932 1104 2997 incerto]
1121 2934 1216 2990 Fracto,
1234 2945 1263 2981 ut
1277 2930 1375 2981 dicimus

230 2998 308 3048 filium
320 2998 792 3064 laudatquodnonpertinsxinmnlis,
825 3000 900 3047 Certo
912 2998 1000 3054 animo,
1014 2999 1039 3047 id
1055 3010 1099 3055 est,
1112 2999 1168 3047 forti
1185 3012 1210 3046 et
1226 2999 1304 3047 firmo
1324 2996 1376 3042 0-

230 3076 259 3112 ut
270 3063 347 3121 multi,
355 3063 435 3117 fuerit,
452 3064 569 3113 0.-Εωί
580 3064 791 3114 Bembinusvide·
825 3065 918 3112 Omnes
934 3064 1019 3121 nostri,
1029 3075 1118 3128 praeter
1133 3078 1216 3119 unum,
1231 3064 1318 3111 hubent
1332 3076 1375 3107 eas·

231 3136 272 3177 tur
282 3129 372 3176 habere
382 3132 511 3189 snpientia,-
529 3139 609 3177 tamen
622 3140 647 3177 et
656 3128 725 3179 codd
736 3128 792 3185 lide,
824 3132 923 3186 turbato,
941 3128 1006 3191 quod
1024 3128 1080 3193 plus
1097 3139 1134 3177 est
1153 3144 1227 3191 quam
1247 3128 1376 3189 perturbate.

232 3202 257 3240 st
272 3208 346 3241 sensu
362 3194 478 3256 probatur
495 3196 652 3242 benevolentia.
687 3194 752 3241 Nsm
765 3203 794 3242 ut
826 3192 923 3242 Deinde
935 3210 999 3251 cum,
1008 3196 1108 3242 iacemus
1116 3190 1376 3256 praeaegruodtuatse«

227 3260 282 3320 plus
293 3260 351 3306 scire
362 3258 466 3305 relertur
476 3258 507 3307 ad
522 3266 619 3317 atatem,
631 3258 666 3306 ita
674 3261 794 3320 providere
825 3258 921 3315 dubius,
937 3257 996 3321 quid
1012 3258 1092 3313 iaciat,
1108 3270 1189 3306 utrum
1205 3254 1340 3322 aegrimdini
1353 3266 1375 3299 se

232 3321 454 3371 adbeneuolests'om.
480 3322 507 3370 B.
826 3322 907 3381 dedat,
919 3338 950 3370 sm
962 3323 1005 3371 irre
1015 3324 1098 3387 potius
1113 3323 1240 3386 indulgent
1254 3339 1282 3370 sc
1292 3317 1374 3369 sindic-

264 3389 303 3435 65.
321 3390 350 3435 In
361 3389 442 3435 Asiam
453 3390 485 3435 ad
495 3390 579 3449 Regem
589 3385 726 3450 militatum]
736 3387 794 3435 Sin·
827 3398 865 3445 ter,
878 3404 927 3436 non
939 3388 999 3437 satis
1010 3389 1164 3436 commodum
1175 3388 1264 3436 efficiat
1275 3396 1374 3435 sensum:

265 3452 289 3501 la
308 3452 333 3499 in
355 3452 556 3516 pronunciatione
576 3462 634 3501 sunt
655 3452 795 3501 collocanda
826 3452 889 3501 forte
905 3452 951 3516 leg.
968 3456 1046 3511 s'nerts',
1063 3453 1087 3500 it
1099 3469 1119 3499 e.
1137 3453 1217 3501 omnis
1233 3448 1324 3502 consilii
1338 3461 1375 3494 er·

231 3468 362 3580 aistands
374 3516 422 3579 Z.).
447 3516 795 3580 NuminAsiomquoddixit,
827 3517 900 3582 perti,
914 3516 1031 3582 stupenti.
1064 3518 1204 3566 Praesertim
1219 3532 1275 3566 eum
1291 3515 1315 3563 in
1330 3510 1374 3560 cod.

231 3581 369 3646 intelligere
380 3582 496 3631 debemus
503 3580 529 3629 in
539 3582 698 3645 longinquum
705 3582 794 3633 locum,
826 3583 855 3631 C.
864 3584 892 3631 C.
902 3584 929 3630 0.
941 3598 956 3629 s
970 3598 1044 3629 manu
1059 3582 1139 3646 prims
1156 3582 1191 3630 ita
1206 3582 1306 3647 legatur,
1317 3588 1340 3625 et
1352 3576 1374 3622 iu

232 3651 273 3697 Ad
282 3650 367 3711 Regem
378 3662 436 3696 vero
447 3647 493 3696 hoc
505 3656 548 3705 est,
561 3646 630 3709 qussi
642 3648 673 3696 ad
688 3646 793 3696 servim-
827 3659 874 3695 set.
886 3646 938 3697 cod
952 3647 1027 3695 Acad.
1037 3651 1120 3695 mcertr‘
1131 3647 1276 3696 inveniatur.
1300 3645 1326 3693 li

232 3724 289 3763 tem.
324 3715 352 3762 In
363 3712 523 3771 plurumum
536 3712 630 3761 scilicet
640 3712 716 3761 durus
727 3711 795 3760 labor
860 3706 1373 3775 tzAsstdeo]1dest,jmualiquidsedeo

232 3788 258 3827 et
273 3777 407 3842 periculum
426 3787 469 3825 est.
494 3777 586 3826 E.—In
602 3780 683 3826 Asiam
698 3781 731 3825 od
747 3780 794 3825 Re·
828 3777 893 3825 Nam
909 3776 1064 3841 componitur
1077 3793 1109 3825 ex
1124 3781 1163 3834 nd,
1175 3776 1239 3840 quod
1255 3776 1372 3840 atim

230 3843 295 3907 pern]
308 3843 410 3892 Etiamsi
428 3842 539 3891 Ducarius
555 3842 724 3898 concedamus,
737 3842 793 3890 Me·
827 3852 852 3890 et
867 3844 939 3891 sedeo.
973 3842 1019 3889 Vel
1035 3842 1197 3906 compositum
1213 3857 1259 3906 pro
1273 3835 1371 3901 simplice

232 3908 352 3957 nandrum
364 3908 455 3957 vixisse
467 3908 616 3971 temporibus
630 3907 727 3956 Seleuci
744 3908 793 3955 Re-
825 3905 936 3970 Assideo]
953 3910 1059 3956 &donus
1075 3907 1181 3955 dosidis:
1198 3918 1233 3963 ut,
1247 3904 1312 3967 virg.
1323 3900 1371 3949 AEss·

231 3972 284 4034 gis:
301 3989 350 4022 non
368 3983 449 4021 tamen
464 3972 610 4036 reprehendi
626 3982 736 4036 possunt,
753 3970 795 4034 qni
826 3971 870 4020 xii.
878 3973 921 4019 15.
933 3975 1027 4020 sedem
1039 3980 1183 4035 spectemque
1198 3974 1284 4020 noent
1315 3965 1373 4014 Μ·

233 4036 264 4084 ob
280 4052 351 4085 usum
367 4037 488 4100 loquendi,
501 4037 593 4101 Regem
611 4036 740 4085 Persarum
755 4036 794 4084 in·
826 4040 904 4085 derna
921 4036 984 4084 otios
1006 4047 1040 4093 ut,
1060 4038 1127 4100 Virg.
1146 4037 1204 4085 AEn.
1222 4036 1238 4084 i.
1258 4036 1310 4087 722
1327 4031 1372 4097 lq

233 4098 353 4163 telligunt.
387 4103 452 4151 Nam
464 4118 529 4166 serpe
544 4112 713 4165 argumentum
724 4102 793 4150 fobu·
823 4104 914 4163 pridem
936 4104 1135 4150 residssnsisros.
1175 4104 1321 4151 Praesuem
1341 4104 1372 4139 ¹⁰

232 4163 312 4213 lamm
322 4164 414 4229 petitur
425 4182 455 4214 ex
467 4166 569 4215 hitoris
579 4166 718 4231 antiquiori.
743 4166 771 4214 Z.
826 4166 1152 4231 commissaemtprovincin.
1175 4160 1371 4215 Anides-nium

266 4229 795 4295 66.crammeesrpmseerus]t1iecmavit
826 4246 897 4294 quam
925 4230 1065 4293 frequenter
1092 4232 1219 4295 agitems.
1254 4226 1370 4278 Ammt

234 4294 298 4369 quod
309 4293 379 4343 facile
396 4294 430 4343 illi
447 4306 542 4358 poterat
558 4296 661 4360 opponi:
680 4312 724 4346 cnr
736 4312 794 4361 ergo
826 4296 898 4359 servi]
914 4296 981 4357 Tale
1003 4297 1064 4345 illud
1086 4296 1113 4345 in
1136 4296 1237 4353 Andria,
1257 4290 1371 4344 Αεωιῐτὶὶ·ἲ
