2834 4759
257 183 351 245 xxxiv
642 180 753 245 DAN.
784 180 1020 246 HEINSIUS

258 340 309 373 rav
322 316 446 373 σύνθεσιν
459 332 565 372 vonam
583 311 668 371 solet.
711 312 772 378 Qui
793 324 824 370 et
843 310 944 371 miritis
964 313 1079 390 probat,
1092 330 1161 371 eum
1180 311 1233 388 qui
1249 308 1303 371 hae
1320 322 1391 387 parte

258 394 386 465 excellit,
405 394 519 455 etiamsi
540 393 655 453 caeteris
676 392 860 462 destituatur,
882 392 1073 451 dramaticum
1093 404 1211 470 poetam
1230 390 1287 449 dici
1305 410 1389 469 posse.

259 475 331 534 Pars
353 474 482 534 secunda
502 487 547 533 est
566 481 596 533 rh
616 476 687 547 ἦθος,
701 473 781 550 quod
801 492 868 532 cum
887 473 1028 533 Terentio
1048 475 1177 551 assignet
1191 471 1294 540 Varro,
1308 472 1391 529 locum

258 556 301 615 illi
315 556 481 634 proximum
498 554 643 613 concedit.
685 553 775 619 Quod
789 573 846 611 non
863 566 963 631 potest
981 553 1124 631 ignorare,
1139 552 1189 630 qui
1202 553 1332 629 antiquos
1344 552 1392 611 cri·

259 637 343 707 ticos,
359 636 490 716 inprimis
509 650 606 695 autem
624 634 823 703 Aristotelem,
843 654 910 693 cum
930 654 1000 693 cura
1019 632 1091 711 legit
1105 654 1139 693 ac
1153 633 1296 711 intelligit.
1335 633 1392 691 Ser·

257 718 353 778 monis
374 718 451 776 enim
472 716 544 785 laus,
560 737 647 793 quam
669 715 774 774 Plauto
795 715 884 774 tribui
904 717 942 773 ah
962 735 998 773 eo
1013 717 1122 783 volunt,
1140 729 1251 773 tantum
1270 716 1347 773 ahest
1365 725 1392 770 ut

259 818 326 859 curn
341 798 459 875 reliquis
473 798 598 857 conferri
612 798 714 874 possit,
729 811 761 854 nt
781 808 930 874 postremo
943 795 1019 866 loco,
1031 809 1063 854 et
1079 808 1148 874 post
1159 800 1205 869 τὴν
1218 801 1335 861 διάνοιαι,
1348 814 1393 871 po-

259 893 356 939 natur.
399 879 500 945 Quare
520 898 559 936 ex
580 878 724 937 sententia
738 876 888 947 Varronis,
902 876 953 952 qui
973 876 1021 936 hic
1041 876 1232 937 Aristotelem
1252 875 1393 953 expressit,

258 960 371 1038 primus
385 973 430 1018 est
444 958 589 1029 Gaecilius,
604 958 749 1017 secundus
763 972 808 1017 est
821 957 997 1017 Terentius:
1018 978 1092 1034 quos
1105 956 1211 1017 deinde
1226 956 1343 1016 Plautus
1355 974 1393 1013 se·

259 1040 367 1117 quitur.
410 1040 500 1106 Quod
514 1039 641 1099 debehat
654 1039 799 1116 cogitasse
812 1036 897 1098 Siren
909 1039 966 1099 aevi
979 1039 1072 1097 nostri
1085 1037 1189 1097 Justus
1203 1038 1336 1116 Lipsius:
1352 1035 1393 1111 qui

259 1121 394 1199 proiecto
416 1120 513 1179 locum
534 1121 639 1179 summi
663 1119 862 1179 Romanorum
884 1118 976 1179 critici
998 1139 1056 1179 nou
1077 1120 1254 1197 penetravit.
1292 1125 1326 1176 τὸ
1344 1119 1394 1187 ilos

260 1215 358 1265 tutem
372 1201 479 1262 Plauto
492 1201 635 1261 Horatius
649 1198 808 1279 abjudicat,
823 1220 890 1259 cum
903 1199 1016 1275 inquit:

852 1294 942 1364 aspice
954 1292 1065 1348 Plautus

469 1365 533 1433 Quo
544 1373 624 1437 pacto
635 1373 726 1437 partes
737 1374 840 1421 tutetur
850 1364 965 1419 amentis
976 1364 1081 1435 ephebi.

260 1454 300 1514 Et
320 1454 436 1515 videtur
456 1453 616 1515 Charinum
636 1455 772 1513 habuisse
792 1454 821 1511 in
840 1454 946 1521 animo,
961 1453 1010 1529 qui
1029 1452 1196 1512 Mercatore
1209 1459 1241 1513 rh
1253 1456 1352 1527 peruls
1361 1455 1395 1507 ml

258 1542 290 1597 τὸ
311 1540 430 1613 ἐρωτικὸν
449 1535 603 1596 confundit
621 1537 691 1607 idos,
716 1534 773 1594 hoc
795 1548 848 1604 est,
871 1535 913 1593 ita
936 1548 1022 1604 amat,
1046 1548 1081 1591 ut
1102 1533 1305 1593 Menaechmus
1326 1532 1393 1591 furit.

259 1618 368 1677 Furere
383 1630 480 1675 autem
496 1636 557 1694 prae
571 1636 680 1685 amore,
696 1615 850 1675 comoediae
862 1635 920 1673 non
934 1616 1004 1687 ἦθος,
1019 1615 1073 1673 sed
1085 1615 1240 1693 tragoediae
1254 1626 1301 1673 est
1311 1617 1393 1671 πάθοις

258 1711 294 1757 ut
316 1718 355 1756 ex
375 1697 513 1756 Phaedria
532 1696 653 1773 aliisque
674 1709 765 1774 patet.
808 1695 930 1762 Quare?
952 1696 1021 1771 quia
1039 1700 1122 1755 addae
1141 1694 1260 1773 aliquod
1283 1696 1393 1753 immane

258 1790 456 1856 exspectatur.
499 1776 590 1843 Quod
611 1777 785 1855 tragoediam
806 1777 965 1845 constituit,
979 1789 1013 1835 nt
1025 1782 1169 1851 μσάβασις
1187 1777 1339 1836 conveniat
1355 1774 1393 1831 fu·

258 1860 342 1919 renti.
386 1859 444 1917 Sed
458 1858 521 1917 haec
535 1857 665 1917 triviales
679 1878 739 1916 non
753 1856 936 1935 intelligunt:
957 1858 1007 1933 qui
1022 1877 1167 1915 summum
1181 1858 1278 1916 virum
1294 1856 1393 1914 Aristo·

258 1940 347 1999 telem
361 1955 420 1999 tam
435 1938 519 1997 facile
533 1952 731 2007 contemnunt,
744 1958 832 2015 quam
845 1958 900 1996 nos
914 1950 945 1996 et
954 1937 1067 2016 judicia
1080 1937 1197 1998 illorum
1211 1951 1241 1997 et
1253 1937 1393 2014 magistros

257 2022 363 2080 merito
384 2020 605 2089 contemnimus,
620 2020 726 2096 quihus
746 2038 919 2097 persuasum
938 2033 993 2088 est,
1010 2038 1126 2077 omnem
1147 2040 1248 2079 veram
1268 2015 1394 2076 eruditio·

256 2122 323 2161 nem
337 2122 375 2159 ex
389 2101 444 2159 hoo
458 2122 516 2159 uno
529 2101 610 2159 fonte
621 2100 826 2179 limpidissimo
838 2098 1005 2178 petendam.
1033 2099 1179 2159 Charinus
1190 2115 1290 2159 autem
1301 2094 1392 2161 Plauti,

257 2183 296 2241 ad
310 2181 499 2261 frigiditatem
515 2202 605 2258 usque
620 2181 703 2250 calet,
719 2200 806 2257 quam
820 2199 879 2239 non
892 2181 989 2258 potuit
1002 2180 1106 2239 vitare.
1139 2180 1251 2247 Qualia
1262 2193 1328 2239 sunt
1339 2177 1392 2241 ista,

258 2283 344 2324 scena
357 2262 462 2321 Diuum
475 2272 559 2343 utque
573 2260 730 2321 lominum:

533 2356 591 2428 jam
603 2354 724 2426 Cyprum
735 2356 808 2421 veni,
821 2362 873 2408 etc.

256 2430 342 2501 Item,

397 2506 482 2561 Porro
494 2506 650 2577 proficiscor
662 2506 822 2578 quaesitum:
842 2524 916 2562 nunc
927 2510 1037 2577 perveni
1048 2506 1212 2563 Chalcidem.

397 2576 483 2632 Video
496 2578 533 2631 ihi
545 2576 680 2647 hospitem
693 2576 842 2648 Zacyntho.
878 2577 951 2632 Dico
963 2578 1029 2651 quid
1040 2596 1073 2633 eo
1084 2578 1258 2633 advenerim:

399 2646 500 2718 Rogito
513 2648 573 2719 quis
585 2666 643 2702 eam
656 2649 767 2713 vexerit,
782 2651 842 2720 quis
853 2648 951 2703 haheat
963 2654 986 2703 si
997 2649 1036 2705 ihi
1046 2649 1218 2706 inaudiverit.

397 2717 505 2789 Hospes
517 2719 665 2789 respondit,
679 2718 819 2790 Zacyntho
832 2718 899 2773 ficus
911 2719 967 2774 fieri
979 2737 1035 2775 non
1047 2720 1139 2774 malas.

256 2813 348 2874 Vides
362 2815 509 2875 hominem
523 2826 583 2874 tam
597 2816 721 2885 tristem,
734 2826 769 2874 ut
783 2815 905 2877 festivus
920 2836 983 2875 esse
998 2831 1120 2893 quaerat.
1154 2818 1197 2876 At
1218 2817 1333 2877 divinus
1348 2812 1394 2869 hac

257 2896 287 2956 in
307 2909 400 2974 parte,
422 2894 496 2955 duos
516 2908 660 2955 amatores
681 2897 711 2954 in
732 2895 885 2965 Eunucho,
907 2918 961 2957 suo
980 2918 1071 2966 more,
1086 2899 1255 2957 Phaedriam
1271 2910 1301 2956 et
1319 2893 1392 2952 Cha·

257 2996 346 3047 ream,
361 2976 501 3035 divinitus
515 2991 680 3053 utrumque,
694 2979 820 3050 ἠθοποιεῖ.
851 2978 952 3044 Quare
967 3000 1033 3037 curn
1048 2993 1145 3056 poetae
1158 3000 1270 3047 omnes,
1284 2990 1393 3055 quornm

257 3057 419 3117 imitatione
439 3068 552 3117 constat
569 3058 737 3117 institutum
757 3078 791 3117 ac
809 3057 970 3131 consilium,
986 3060 1133 3137 pictorum
1146 3060 1249 3130 instar,
1263 3070 1334 3118 teste
1347 3052 1394 3111 cri·

258 3138 381 3197 tinorum
396 3158 465 3215 rege
479 3158 513 3197 ac
535 3138 675 3215 principe,
690 3152 742 3197 aut
761 3138 881 3208 similes,
895 3153 946 3199 aut
959 3140 1053 3217 (quod
1073 3162 1132 3201 non
1151 3162 1219 3201 raro
1239 3139 1342 3206 evenit,
1355 3129 1394 3190 vel

258 3218 391 3297 imperite
410 3224 451 3277 καὶ
470 3222 500 3293 ἐξ
516 3222 648 3279 ἀσθενείας
661 3219 708 3278 vel
727 3220 865 3297 captandi
885 3221 962 3279 risus
980 3221 1082 3296 causa)
1094 3241 1172 3280 nnnc
1190 3223 1306 3301 pejores
1319 3230 1394 3293 quam

258 3313 326 3357 sunt
340 3299 515 3376 exprimant,
529 3320 607 3359 nunc
620 3299 772 3370 meliores3
795 3321 897 3360 servos
910 3302 1026 3380 pejores
1041 3302 1173 3371 Plautus,
1186 3318 1221 3361 ut
1235 3301 1392 3381 plurimum

257 3378 414 3439 Terentius
436 3380 489 3438 hos
510 3400 624 3457 semper
642 3380 760 3450 similes,
775 3400 833 3439 non
847 3382 999 3452 meliores3
1022 3384 1189 3442 meretrices
1210 3403 1282 3442 vero
1301 3374 1393 3459 partim

258 3460 376 3530 similes,
391 3460 497 3539 partim
511 3460 647 3519 meliores
665 3460 822 3538 aliqnando
844 3462 1013 3522 introducit.
1056 3463 1181 3534 Similes,
1195 3478 1230 3524 ut
1244 3458 1390 3521 Thaidem

257 3540 402 3611 meliores,
423 3556 456 3599 ut
478 3540 664 3601 Bacchidem.
706 3543 854 3602 Parasitos
875 3564 989 3621 semper
1012 3543 1172 3604 deteriores
1192 3558 1224 3603 et
1243 3538 1394 3602 veraciores

257 3622 388 3691 Plautus,
403 3642 550 3699 nunquam
565 3621 712 3682 meliores.
755 3622 797 3681 Ut
815 3638 845 3682 et
859 3623 1039 3694 Dossennus,
1054 3626 1108 3701 qui.
1125 3625 1180 3685 hos
1200 3625 1278 3685 solos
1299 3634 1392 3699 prope·

256 3704 375 3763 modum
398 3705 527 3773 curabat,
549 3703 578 3761 in
599 3704 731 3780 personis
751 3704 870 3781 reliquis
890 3710 1026 3764 ἐκπίπτων.
1063 3706 1202 3766 Phormio
1216 3701 1393 3765 Terentianus

256 3784 341 3864 plane
362 3797 407 3843 est
427 3783 631 3843 admirandus:
652 3797 686 3843 ut
706 3796 736 3843 et
757 3783 887 3843 Gnatho.
929 3786 1057 3845 Plautini
1071 3788 1140 3863 quia
1157 3788 1246 3845 risum
1261 3786 1391 3867 quatuo&

256 3866 410 3925 veritatem
436 3878 467 3923 et
493 3885 627 3923 sermone
652 3878 682 3922 et
706 3867 855 3923 sententiis
882 3867 1029 3925 amittunt.
1078 3868 1154 3927 Tres
1179 3868 1301 3926 virtutes
1326 3872 1392 3917 enlm

256 3967 362 4013 sermo,
376 3966 461 4021 quem
477 3965 534 4003 non
548 3946 609 4003 sine
624 3966 712 4004 cansa
725 3948 812 4018 ἠθικὸν
825 3947 964 4007 dixerunt
978 3946 1086 4018 Graeci,
1101 3969 1156 4007 nos
1169 3960 1312 4007 moratum
1330 3934 1393 3997 dici·

252 4048 327 4095 mus,
342 4028 509 4103 aequitatem
531 4046 644 4103 nempe,
660 4027 822 4095 veritatem,
837 4042 867 4087 et
886 4027 1104 4105 simplicitatem
1123 4028 1272 4107 postulat:
1292 4020 1388 4107 quaef‘l

255 4112 407 4175 ἐνδιάθετον,
423 4107 479 4166 hoc
492 4121 546 4174 est,
562 4106 590 4165 id
606 4106 684 4183 quod
698 4108 857 4184 unicuique
877 4121 922 4166 est
940 4110 1068 4179 insitum,
1082 4111 1121 4169 oh
1139 4110 1240 4169 oculos
1259 4109 1389 4186 propomt·

254 4186 330 4248 Cum
344 4187 509 4255 ridiculum,
525 4201 557 4246 ut
571 4186 742 4256 violentum,
758 4188 825 4265 quia
838 4210 857 4247 a
868 4202 972 4249 natura
985 4190 1121 4259 alienum,
1131 4191 1211 4268 quod
1226 4202 1303 4249 recte
1315 4182 1348 4241 de
1360 4194 1390 4233 ⁰⁰

253 4267 429 4328 Aristoteles
442 4268 624 4347 pronunciat,
639 4282 808 4346 corruptum
827 4270 875 4340 sit,
890 4283 921 4329 et
934 4291 952 4328 a
966 4272 1111 4350 corruptis
1128 4272 1232 4343 musis,
1247 4264 1322 4346 quod
1337 4260 1389 4338 jffl

252 4350 325 4417 dixi,
344 4364 507 4409 moveatur.
549 4346 700 4411 Moratum
722 4350 792 4426 quia
812 4348 907 4409 simile
928 4364 973 4410 est
992 4367 1114 4421 nature,
1135 4351 1240 4411 leuiter
1258 4347 1388 4433 delectet²

251 4430 330 4509 quod
354 4442 475 4491 aetatum
502 4429 692 4509 singularum,
716 4430 875 4505 homiuum,
904 4452 939 4493 ac
965 4433 1124 4505 uadonum,
1137 4433 1299 4510 ·totiasque
1320 4432 1387 4483 vm
