2834 4759
214 183 254 250 18
649 175 929 243 TERENTII
1211 175 1341 256 [ncrus
1357 191 1382 235 1.

298 315 366 380 Sed
380 324 555 398 postquam
570 333 679 377 amans
695 312 844 389 accessit,
859 311 1000 395 pretium
1015 308 1182 395 pollicens,

250 425 281 472 eo
300 413 396 477 Unus
411 422 446 477 et
460 413 537 476 item
551 409 643 487 alter,
660 429 719 472 trs
734 420 771 474 nt
785 409 949 493 ingenium
962 419 1014 473 est
1026 407 1169 472 omniurn

298 513 488 590 Hominum,
503 535 523 575 a
536 511 649 574 labore
660 509 804 594 proclive
818 510 861 573 ad
874 508 1052 587 libidinem,

299 609 440 694 Accepit
453 608 680 684 conditionem,
697 607 774 671 dein
788 618 949 693 quoestnm
963 607 1092 693 occipit

300 707 370 780 Qui
385 717 453 770 tum
467 703 553 769 illam
567 705 730 781 amabant,
745 703 842 782 forte,
857 705 903 768 ita
917 715 954 768 ut
967 703 1017 782 fit,
1032 703 1134 769 filium

301 802 494 869 Perduxere
509 799 595 880 illuc,
612 823 722 866 secum
737 811 775 866 ut
789 823 856 866 una
869 811 968 879 esset,
983 823 1101 866 meum.

216 995 289 1044 Unde
305 992 432 1058 Virgilius.
461 992 519 1042 AEn.
540 992 575 1041 iii.
596 993 651 1042 tte.
690 993 780 1041 Virtam
811 991 858 1040 lilii
879 989 949 1041 factis
968 1006 1067 1104 temper
1086 990 1226 1041 adhibuisse
1246 1005 1337 1041 curam
1359 1001 1387 1039 et

215 1058 336 1120 tasata'cam,
360 1061 442 1106 meras
457 1060 604 1120 lapidemur
623 1073 692 1104 conte
714 1059 781 1105 Doat
812 1067 905 1105 metum
916 1056 1139 1132 quampurimum,
1150 1071 1183 1104 ne
1193 1056 1219 1104 in
1231 1056 1312 1104 malos
1328 1071 1385 1104 rno-

215 1122 353 1170 mart—lit
371 1130 428 1185 post
445 1131 539 1170 mnmm
555 1122 670 1177 laborem,
687 1124 780 1179 aaran,
813 1121 1025 1169 reacontubermo
1040 1120 1177 1170 ducaemr.
1211 1119 1341 1168 Srunsim
1359 1129 1387 1166 et

217 1201 268 1236 non
284 1187 366 1234 cibum
381 1185 451 1244 dixit,
464 1195 492 1234 ut
503 1183 629 1248 Virgilius,
647 1185 737 1247 Georg.
753 1184 780 1232 ii.
813 1184 920 1234 officium
935 1200 1006 1249 pene
1022 1200 1156 1245 servornm,
1172 1193 1201 1233 ut
1216 1185 1388 1246 interrogaret

217 1251 274 1302 472
293 1267 391 1312 mmm,
410 1265 532 1312 peraeque,
555 1256 646 1297 maneta
662 1249 780 1310 jaceam.
813 1264 897 1298 servos
914 1248 1133 1307 contubernalium,
1150 1257 1177 1297 et
1195 1248 1240 1296 dic
1257 1256 1387 1323 quareret

217 1313 252 1363 Et
278 1329 327 1363 non
355 1330 465 1377 quarens,
487 1314 532 1362 sed
554 1316 686 1376 maritans,
709 1312 780 1361 dixit
813 1312 1034 1362 deliliimoribna:
1058 1328 1103 1362 nec
1118 1312 1188 1377 prins
1203 1323 1386 1376 reqmaaceret,

220 1377 391 1437 erttenim,
400 1377 442 1440 qui
451 1378 482 1426 ed
491 1376 591 1441 plenum
600 1384 626 1424 et
634 1385 783 1452 perpetuum
814 1392 887 1439 qnam
916 1376 1070 1442 disciplinam
1096 1377 1217 1440 integram
1326 1376 1334 1386 '

217 1440 781 1556 mtirffltzllvlctiffltlttk
813 1440 1388 1567 fflt'i‘dfltlimitflbffi

218 1570 280 1634 tuas]
293 1569 440 1628 Artificiosa,
452 1579 480 1618 nt
491 1567 603 1618 rideatur
614 1569 703 1633 pudice
717 1569 783 1633 apud
848 1570 880 1617 od
887 1580 969 1618 motus
977 1539 1015 1619 dat
1025 1569 1051 1617 in
1060 1569 1138 1624 lilium
1144 1571 1218 1632 juste,
1228 1567 1271 1630 qui
1281 1583 1389 1631 semper

218 1650 273 1684 cam
289 1635 371 1683 lutura
388 1632 569 1682 materfamilias
587 1633 686 1682 educari
774 1667 782 1691 ‚
832 1633 971 1682 amoribus
987 1633 1171 1696 inquisitionem
1186 1633 1317 1681 habuerit:
1338 1647 1387 1680 nec

219 1713 292 1810 err
303 1695 781 1824 citramarini.
813 1695 1388 1824 *commum

218 1841 277 1890 gere
289 1835 382 1890 potest:
400 1840 485 1874 aniana
495 1840 552 1874 vere
564 1835 636 1873 amat.
660 1825 692 1873 D.
814 1826 873 1874 obre
890 1834 946 1890 post
961 1825 1185 1888 interrogationem,
1201 1823 1265 1872 nihil
1280 1825 1355 1872 alind
1371 1839 1388 1872 a

253 1893 292 1938 ⁵0.
315 1893 378 1938 Uarr
388 1888 557 1952 etttamolter]
570 1889 629 1937 Post
639 1903 716 1940 unum
725 1889 782 1948 duo,
814 1889 892 1938 serris
913 1889 1012 1938 videtur
1033 1905 1087 1939 esee
1108 1903 1261 1954 reapoaarm,
1279 1888 1333 1937 nisi
1354 1889 1388 1937 de

219 1969 252 2003 ex
263 1953 351 2016 quibua
362 1953 431 2011 alter,
443 1962 471 2001 ut
481 1953 608 2009 sinttres;
625 1952 706 2016 inquit
716 1954 784 2002 enim
815 1953 871 2002 aliia
893 1953 1048 2003 amatoribus.
1085 1954 1126 2002 Ne
1149 1963 1231 2002 tamen
1251 1967 1388 2001 servemur

220 2028 284 2082 past,
296 2020 358 2065 Naar
369 2019 394 2064 to·
405 2025 452 2066 tres
463 2024 510 2065 tear
520 2020 589 2066 sistat
600 2021 726 2066 ommate
747 2029 783 2076 ut,
815 2018 1017 2082 respondentium
1028 2017 1148 2066 calliditas
1164 2016 1326 2081 Pamphilum
1342 2033 1386 2066 oe·

221 2085 290 2130 Alter
311 2084 343 2130 ab
362 2085 484 2130 eademne.
513 2081 582 2144 virg.
602 2081 655 2130 Ecl.
672 2082 724 2130 viii.
742 2084 782 2130 39.
814 2082 866 2131 lare
882 2082 1013 2139 rideretur,
1032 2081 1130 2145 etipse
1148 2080 1326 2145 interrogebst,
1348 2081 1386 2130 uti

221 2145 289 2209 Ergo
299 2148 367 2204 ouer,
378 2160 428 2193 non
440 2154 478 2194 est
488 2147 616 2203 secundus,
628 2146 671 2194 sed
688 2146 782 2194 territus.
814 2146 923 2211 prudens
933 2161 1019 2196 servus
1028 2146 1192 2209 interrogant
1208 2145 1239 2194 de
1255 2145 1388 2211 Pamphili

225 2209 658 2275 Unaretitemaltrr]idestplurea:
676 2219 784 2273 quaeetus
815 2211 923 2269 nomine,
933 2209 1004 2259 facile
1015 2219 1085 2259 aetus
1095 2214 1148 2272 ejus
1217 2210 1236 2258 't
1246 2225 1386 2274 exponere

217 2277 270 2336 ism
281 2273 434 2324 meretricius
449 2274 526 2322 laetus
543 2284 587 2322 eat.
621 2276 652 2322 Ut
668 2278 784 2337 ingestam
815 2275 968 2337 Quamquam
977 2277 1029 2336 jam
1041 2273 1139 2338 signum
1156 2226 1235 2324 dixi
1250 2274 1386 2332 castitatis,

220 2347 255 2388 ert
266 2343 363 2388 matam
374 2337 500 2401 mairam]
512 2338 569 2387 Alia
580 2338 689 2387 defensio
704 2339 783 2402 Chry·
815 2339 881 2388 inter
891 2348 1012 2388 amatores
1023 2355 1072 2388 non
1084 2339 1159 2401 (forte
1169 2355 1216 2404 pro
1228 2354 1278 2387 non
1293 2339 1386 2402 legen-

221 2401 296 2452 sidis:
320 2413 349 2452 ut
365 2418 419 2465 qma
435 2412 491 2451 ante
509 2402 607 2460 fecerat,
624 2402 701 2466 ipsine
719 2403 783 2452 sint:
816 2403 975 2452 dumtautear
998 2403 1214 2452 luisaecoenatum.
1237 2404 1267 2451 E.
1298 2407 1385 2456 Qua·

221 2481 276 2530 que
286 2476 372 2530 postea
385 2465 530 2529 peccaverit,
547 2477 641 2515 naturae
657 2466 786 2515 homnem
818 2475 866 2515 tam
892 2471 975 2528 oertpa't
1017 2471 1123 2521 wasa
1148 2467 1227 2531 πόροι,
1253 2465 1386 2529 πρόσοδος.

222 2529 398 2579 adscribantur.
432 2531 567 2579 D.-Uaur
589 2538 612 2578 rt
635 2533 688 2578 item
711 2529 784 2593 eber]
819 2531 892 2580 Unde
905 2535 1056 2590 caumata,
1068 2547 1123 2594 quer
1132 2547 1184 2580 ram
1196 2546 1297 2596 corpore
1332 2548 1386 2580 uar-

223 2593 274 2642 Hie
298 2603 385 2657 arguto
405 2592 531 2643 intellectu
555 2602 604 2643 tres
625 2594 785 2659 accipiuntur.
817 2595 858 2644 rit.
875 2595 983 2645 Glosasr.
1009 2596 1318 2660 cremensem

223 2659 289 2707 Nam
299 2675 358 2707 saar
369 2657 454 2720 utique
469 2673 598 2708 numerum
614 2673 686 2708 auum
702 2667 785 2706 osten·
818 2659 860 2708 Sic
872 2660 938 2709 enim
948 2660 1017 2709 locus
1027 2660 1070 2708 ille
1083 2660 1209 2724 legendus,
1221 2659 1263 2723 qui
1278 2661 1310 2707 ab
1328 2661 1388 2708 aliia

222 2722 272 2772 dit:
299 2725 360 2772 atter
383 2737 442 2771 vero
462 2722 494 2772 de
515 2723 610 2772 duobus
631 2732 688 2787 post
708 2738 787 2772 unum
818 2724 951 2787 neglectam
978 2723 1388 2788 Ulpianlibxliiiiddliderit,

222 2785 285 2835 alter
296 2795 340 2835 eat
370 2785 441 2835 ltasi
453 2786 515 2835 alter
530 2796 574 2845 eat,
591 2787 640 2836 duo
655 2787 786 2850 significat,
819 2799 888 2853 nupt.
922 2791 1001 2838 Lesas
1021 2806 1062 2838 ear
1082 2792 1187 2847 dictum,
1208 2805 1260 2852 qu
1275 2792 1388 2837 sadaca

222 2859 250 2899 at
260 2865 323 2900 nnus
351 2850 465 2899 recessit,
493 2852 550 2906 Quo
560 2851 700 2901 interventu
712 2852 786 2901 solvi·
818 2856 1138 2916 qaaermartorprertttaam
1159 2865 1185 2902 et
1200 2856 1222 2914 ς.
1239 2855 1263 2910 9,
1281 2855 1388 2915 Corpora

222 2923 271 2973 tur,
283 2865 351 2978 qnod
358 2923 444 2979 postea
454 2914 547 2963 dictum
559 2924 609 2964 eat:
631 2933 684 2964 aean
700 2919 725 2964 ta·
741 2925 788 2965 trsa
819 2921 974 2980 quatrata,-
996 2927 1025 2966 ut
1033 2917 1075 2966 lib.
1084 2917 1117 2966 iv.
1127 2917 1214 2978 aad
1242 2917 1331 2966 Dehis
1343 2917 1387 2981 qui

223 2987 271 3028 tant
289 2981 358 3028 timul
373 2983 488 3028 emieat.
523 2978 578 3027 Hoc
596 2988 621 3027 et
637 2979 743 3043 intelligi
760 2980 787 3029 in
819 2981 963 3030 notinl'atn.
988 2985 1265 3044 mummia
1289 2982 1385 3031 B·lrc·

224 3043 294 3107 virg.
305 3043 357 3092 liei.
367 3043 418 3092 viii.
431 3045 471 3102 39,
483 3043 575 3093 volunt.
598 3046 667 3092 Alter
676 3047 706 3091 ab
716 3048 788 3094 autte-
820 3061 890 3094 naua
904 3045 998 3095 advers.
1011 3047 1095 3095 berea
1107 3061 1160 3112 cap.
1172 3049 1196 3095 6.
1224 3049 1273 3095 Iste
1287 3049 1387 3096 Selenen

223 3110 340 3156 cirroteca
350 3108 442 3170 majera
452 3115 544 3169 ceperat
554 3125 635 3156 masa.
668 3107 789 3158 Undecim
821 3113 942 3174 quaradaar,
953 3127 1021 3173 mear
1032 3115 1081 3172 ipae
1093 3128 1109 3159 a
1125 3113 1186 3174 Tyra
1200 3115 1295 3160 civitate
1311 3114 1385 3160 Pta-

224 3171 603 3221 animnumerumauumbabent.
617 3175 789 3231 Altereeromt
819 3179 881 3223 atter
900 3179 1060 3238 maaria·
1079 3193 1130 3223 esar
1147 3179 1286 3234 rede-iant,
1307 3193 1387 3224 aaran

224 3235 339 3294 diximus,
347 3235 378 3284 de
386 3236 488 3295 duobus,
498 3237 596 3296 bocest,
604 3236 635 3285 de
644 3237 789 3287 duodecimo
820 3243 1009 3289 manducabat
1026 3239 1192 3289 'l'ertultleS
1240 3250 1285 3289 tae.
1308 3243 1387 3289 Fabri

225 3299 436 3350 ettertiodecimo.
454 3301 788 3366 Utistacopulatio,Attereb
820 3307 1096 3366 mtqsoeataoriafltiss.
1120 3304 1143 3352 T
1217 3305 1223 3316 '
1273 3306 1305 3354 de
1313 3305 1386 3354 cultu

225 3368 349 3422 samem,
362 3365 462 3414 tertium
474 3365 595 3414 decimum
607 3381 698 3415 annum
710 3367 787 3430 signi-
819 3367 903 3417 tamin.
915 3383 968 3432 cap
979 3369 1022 3418 rii.
1052 3371 1212 3428 ramera
1230 3373 1285 3433 qaia
1299 3386 1327 3418 aa
1344 3387 1386 3418 er·

225 3429 290 3488 licet,
302 3429 344 3492 qui
355 3429 451 3479 vicinus
462 3441 499 3478 est
510 3430 641 3495 pubertati,
658 3447 706 3493 quo
723 3432 788 3480 reri-
817 3436 927 3495 piaaerat
940 3441 964 3481 at
979 3443 1107 3492 euaserat,
1123 3437 1210 3483 ideireo
1223 3436 1292 3483 luds
1306 3439 1386 3496 asspi-

225 3493 306 3542 simile
313 3493 390 3551 fleret,
399 3493 566 3544 illumVeneri
573 3495 788 3560 potuiareaervire.
820 3501 880 3546 eiord
890 3501 939 3546 riae
949 3505 985 3546 ast
995 3502 1093 3561 qsaeatut
1103 3501 1189 3558 aeden,
1199 3501 1257 3547 adeo
1270 3502 1327 3562 qaia
1343 3501 1388 3547 aab

226 3558 308 3606 E.-1
369 3561 374 3572 '
418 3559 568 3622 crematam]
577 3559 789 3624 Senecainlipiat.
820 3565 1151 3621 utcneatotetetat,tatitaa
1160 3566 1273 3627 quadrata
1283 3573 1388 3625 mats·

225 3623 323 3672 durana
358 3623 408 3672 Sat.
424 3623 474 3673 xiv.
490 3627 574 3674 dociles
590 3627 709 3673 imitandis
728 3627 788 3673 Tar·
821 3630 1034 3685 adrumentum,
1046 3627 1138 3690 etseeit
1154 3637 1181 3676 st
1196 3631 1347 3691 qumana,
1363 3636 1387 3676 et

222 3690 415 3762 pibuetpreair
424 3705 591 3739 ontearum.
621 3688 696 3737 Ubia
712 3688 789 3737 seno-
821 3693 1126 3752 eolsit,eteeaapsllaett,et
1139 3701 1223 3768 pactas
1237 3701 1280 3741 sat.
1308 3692 1386 3741 Plau-

225 3751 298 3800 ltaste
308 3751 666 3802 hicTerentlilocusnotatur.
690 3753 720 3801 1..
822 3755 947 3804 ameriam
959 3756 1321 3815 Qeaeammandtxitinllilit.
1349 3761 1387 3805 Sit

260 3817 299 3866 ⁵1.
316 3816 433 3879 Praetor]
443 3819 546 3866 Procttas
555 3825 593 3866 eat
601 3832 674 3881 porro
684 3817 789 3866 inclina·
821 3824 1278 3884 qaaertauaqaaeatatmrpsaearpars.
1301 3821 1331 3870 L.

226 3887 288 3938 tum,
300 3878 339 3929 vel
350 3895 455 3945 pronum
466 3881 665 3945 inclinatamque.
689 3883 723 3931 D.
855 3886 894 3931 54.
911 3884 1055 3948 Perduxere]
1074 3885 1182 3934 inritum
1200 3887 1251 3934 issa
1266 3885 1386 3950 Pamphi·

260 3947 299 3993 52.
312 3945 790 4010 Arcapitcoaditioaam]Cumunoqtoea·
821 3946 873 3996 lum
896 3947 935 3996 hia
954 3948 1035 3997 verbis
1056 3949 1186 4013 significat.
1222 3951 1387 3999 Pardaeanter

227 4017 329 4058 tuanen
345 4020 397 4060 eat:
421 4025 478 4059 cum
494 4009 571 4058 altero
587 4025 636 4060 non
655 4020 707 4060 est:
733 4027 790 4061 cum
822 4011 890 4060 enim
900 4013 1045 4062 necessitate
1055 4014 1140 4062 coacti.
1171 4015 1228 4064 Hoc
1243 4013 1318 4063 etiam
1329 4031 1386 4064 ver·

227 4073 358 4146 multiafit.
388 4073 555 4138 cruditionem]
569 4077 792 4140 Condittoestpae·
823 4076 882 4125 bum
889 4076 985 4139 judiees
996 4079 1159 4142 pronunciare
1173 4079 1260 4128 solent.
1288 4078 1324 4127 Et
1340 4080 1387 4128 boc

227 4145 271 4194 tro,
291 4147 383 4188 certam
401 4138 481 4201 legem
500 4137 526 4186 in
547 4154 573 4188 se
592 4139 728 4188 continens.
757 4140 790 4189 D.
824 4140 1194 4205 estquodsopraait,1{usm
1207 4145 1387 4203 dederam

227 4203 358 4262 —Aocapit
379 4201 541 4265 madidarent]
564 4203 681 4252 Probavit
696 4203 792 4253 scilicet
823 4207 914 4268 abrepat
928 4209 1020 4255 stadiis.
1040 4238 1044 4244 ·
1057 4209 1089 4256 Ut
1103 4225 1151 4256 aaa
1165 4215 1231 4265 aaut,
1247 4207 1334 4270 m]
1352 4209 1387 4257 Et

228 4262 450 4342 quodoffarebptur
460 4267 491 4316 ab
502 4267 548 4316 liis.
572 4270 666 4342 ¹Deinde
679 4276 791 4344 partes·
821 4269 926 4332 product
941 4270 1047 4334 elegitur
1060 4280 1126 4348 mest,
1138 4282 1167 4320 ut
1180 4272 1263 4322 cibum
1278 4283 1387 4336 caperet,

228 4326 450 4391 1
625 4341 792 4448 nm
823 4336 1275 4465 ,mme-
1289 4353 1386 4458 ne
