2834 4759
417 172 481 233 DE
503 171 769 233 TERENTIO.
1069 176 1170 239 xxxix

56 297 187 377 iateliigera
204 298 337 378 paulatim
356 300 481 361 discant.
523 298 615 381 Cujus
629 302 817 363 incredibiles
830 302 955 381 lepores,
971 316 1005 363 ut
1016 304 1165 384 Josephus

56 381 159 457 Scaliger
171 381 280 442 dicebat
293 382 370 451 olim,
385 383 437 441 vix
451 384 627 443 centesimus
643 383 827 443 eruditorum
848 385 974 463 quisque
987 386 1078 445 videt.
1120 386 1168 447 Ne

56 482 104 519 cum
121 460 164 519 illo
182 462 262 521 simul
283 476 312 521 et
331 464 498 532 Afranium,
517 466 667 542 antiquum
688 466 843 535 comicum,
856 464 1062 537 condemnent,
1083 466 1168 547 cujus

55 544 206 601 termimum
218 556 304 621 atque
316 544 484 603 absolutum
499 558 582 605 extat
591 545 737 621 judicium
749 567 756 603 :

262 636 389 692 Terentio
401 655 457 691 non
470 638 584 693 similem
597 638 669 693 dices
682 639 844 710 quempiam.

53 723 125 783 Nobis
136 725 233 783 eruditi
247 728 405 805 ignoscent,
418 726 498 804 quod
509 728 573 785 haec
586 727 688 796 fusius,
701 728 725 785 si
737 728 867 804 cogitent
878 728 1051 805 praesertim,
1061 750 1167 791 munus

55 807 101 862 reri
112 807 191 865 critici
205 826 267 865 esse
281 828 314 866 ac
329 810 467 876 censoris,
479 828 536 865 non
551 807 697 866 literulam
712 808 818 885 ejicere
832 808 910 880 alibi,
922 824 973 867 aut
985 810 1169 871 innocentem

53 885 163 963 syllabam
182 886 325 957 damnare,
340 908 443 947 vocem
458 888 560 947 tollere
581 888 650 946 aiibi
672 901 723 947 aut
744 888 907 957 emendare,
924 890 975 947 sed
997 891 1109 950 sincere
1129 894 1168 951 de

53 969 187 1026 auctoribus
205 989 237 1027 ac
256 972 344 1030 rebus
361 969 513 1047 judicare:
535 970 614 1045 quod
628 982 657 1026 et
675 968 778 1027 solidae
793 982 824 1027 et
837 970 982 1029 absolutae
996 971 1168 1033 eruditionis

53 1060 91 1104 est.
128 1048 198 1115 Quo,
221 1050 250 1107 ni
275 1051 370 1118 fallor,
394 1070 494 1107 omnes
517 1050 687 1127 aspiramus.
738 1049 844 1127 Neque
872 1050 932 1108 ulla
959 1051 988 1109 in
1012 1072 1044 1111 re
1073 1054 1167 1133 magia

52 1130 176 1205 antiquitas
197 1132 314 1207 praeivit
335 1131 430 1189 nobis·
474 1130 520 1187 De
542 1130 708 1189 auctoribus
728 1143 825 1188 autem
841 1131 969 1201 comicis,
985 1145 1051 1191 uter
1064 1134 1170 1193 melius

50 1206 150 1282 judicare
165 1213 310 1289 potuerit;
334 1212 395 1269 isne
414 1212 466 1288 qui
484 1222 572 1269 :etate
591 1210 639 1269 illa
661 1210 744 1280 vixit,
757 1232 815 1288 qua
834 1212 872 1269 ad
889 1232 1035 1271 summurn
1049 1215 1167 1275 culmen

52 1290 121 1362 poesis
138 1294 271 1369 pervenit,
292 1294 344 1369 qui
358 1306 445 1369 poeta
459 1312 598 1359 summus,
614 1312 746 1349 summus
761 1293 887 1361 criticus,
902 1292 1083 1353 familiariter
1101 1316 1168 1355 cum

54 1366 138 1429 Caeam
148 1372 279 1452 Augusto
294 1393 329 1431 ac
344 1372 509 1431 Maecenate
524 1372 607 1441 vixit,
622 1392 784 1449 eorumque
797 1386 885 1449 atque
900 1372 1022 1431 aliorum
1034 1375 1166 1450 quotidie

56 1446 121 1509 teht·
128 1452 233 1529 judicia
247 1453 379 1525 audivit3
401 1472 437 1511 an
451 1453 502 1530 qui
516 1452 603 1512 hodie
613 1453 718 1511 harum
732 1472 830 1511 rerum
845 1453 931 1532 plane
949 1454 1077 1533 imperiti
1087 1456 1168 1535 judi·

58 1544 114 1597 cant:
129 1535 177 1611 ipsi
191 1535 329 1593 viderint.

203 1972 250 2019 DE
269 1970 410 2021 ORDINE
428 1971 683 2021 COMOEDIARUM
701 1972 778 2019 PUB.
795 1971 977 2022 Tanaum

53 2074 133 2143 Urnis
145 2106 199 2144 non
213 2100 284 2146 sunt
298 2085 385 2164 plana
396 2100 483 2163 atque
498 2085 618 2163 liquida.
648 2085 777 2145 Primam
787 2087 918 2145 omnium
932 2086 1082 2147 Attamen
1092 2110 1167 2155 esse,

50 2159 115 2237 liquet
126 2186 159 2225 ex
174 2168 296 2235 Donato,
312 2167 484 2245 praei'atione
503 2167 531 2224 in
547 2166 700 2226 Andriam.
736 2167 813 2225 Haec
830 2166 925 2246 prima
940 2178 1009 2227 acto
1022 2180 1065 2228 eat
1077 2169 1166 2228 Ludis

49 2240 234 2321 Megalensibus,
249 2260 305 2307 etc.
343 2247 491 2306 Suetonius
519 2246 702 2326 Tranquillus
730 2248 760 2305 in
788 2248 848 2306 vita
869 2248 1018 2308 Terentii:
1046 2250 1170 2327 Scripsit

50 2327 165 2385 :aaudiat
181 2349 237 2397 ree,
253 2350 289 2386 ex
305 2328 404 2407 quibus
419 2328 544 2406 primam
557 2328 707 2399 Andriam,
721 2348 784 2385 curn
796 2328 929 2387 aeditibus
941 2330 1034 2388 daret.
1077 2331 1168 2397 Quod

50 2416 202 2468 attestantur
215 2411 244 2468 hi
257 2429 363 2467 versus
376 2409 405 2467 in
421 2409 544 2466 Andmoe
553 2410 693 2487 prologo:

224 2504 334 2566 Favete,
348 2502 438 2556 adeste
451 2519 527 2573 aequo
540 2502 641 2566 animo,
655 2510 682 2557 at
694 2518 751 2555 rem
764 2503 930 2573 cognoscite,

225 2573 266 2628 Ut
278 2574 454 2644 pernoscatis,
468 2573 563 2643 ecquid
577 2574 633 2643 spei
646 2574 681 2627 sit
693 2573 842 2644 reliquum:

224 2644 343 2699 Posthac
356 2661 422 2715 quas
433 2644 514 2697 faciet
527 2642 559 2697 de
571 2642 677 2712 integro
690 2643 846 2707 comoedias,

224 2713 394 2785 Spectandae,
408 2732 443 2769 an
456 2712 593 2784 exigenda
604 2715 660 2769 sint
671 2714 750 2769 vobis
762 2715 846 2784 prius.

49 2794 138 2861 Ediurn
156 2816 299 2863 testantur
318 2824 384 2863 cum
403 2802 590 2870 Didascaliae,
605 2815 668 2861 tum
689 2802 858 2871 Suetonius,
881 2802 927 2861 M.
942 2802 1095 2871 Marcello.
1111 2804 1167 2865 Cn.

48 2876 144 2957 Sdpitio
157 2885 237 2944 Coss.
254 2886 313 2943 hoc
326 2898 380 2952 est,
395 2904 470 2942 anno
484 2886 521 2942 ab
536 2882 618 2941 Urbe
633 2883 750 2941 condita
764 2903 935 2942 nantem.

76 2960 187 3024 Hrcrna
204 2965 298 3025 semel
316 2978 404 3042 atquc
423 2965 528 3023 iterum
541 2980 656 3033 exacta,
677 2964 766 3023 tertio
786 2965 888 3033 stetit:
912 2965 987 3023 uude
1002 2965 1121 3035 factum,
1135 2980 1169 3026 ut

48 3058 90 3113 quo
106 3044 162 3104 loco
180 3047 259 3105 edita
279 3046 406 3124 primum
428 3046 466 3103 sit
486 3065 503 3103 a
524 3044 674 3113 Terentio,
695 3064 752 3103 non
773 3064 811 3103 ex
831 3065 903 3103 vero
922 3046 1072 3123 proditum
1092 3048 1131 3105 sit
1151 3068 1169 3106 a

49 3116 142 3193 Durata,
154 3128 327 3204 praefatione
347 3128 375 3185 in
396 3125 470 3184 hanc
485 3126 677 3184 comoediam:
700 3124 845 3204 Factaque
857 3135 885 3183 et
897 3127 974 3185 edita
988 3128 1083 3205 quinto
1096 3128 1168 3198 ioco,

50 3200 88 3257 Cn.
107 3206 214 3265 Octauio
237 3218 265 3265 et
295 3207 328 3265 T.
347 3205 463 3265 Montio
488 3208 568 3265 Cosa.
612 3206 705 3283 Atqui
734 3208 758 3265 si
781 3207 859 3265 facta
880 3206 1017 3285 editaque
1041 3223 1086 3266 est
1111 3208 1165 3268 Cn.

49 3276 154 3353 Octavio,
172 3287 207 3347 T.
224 3288 341 3347 Manlio
355 3285 440 3347 Coss.
459 3306 518 3345 non
539 3288 628 3365 igitur
649 3288 755 3364 quinto
768 3286 853 3345 loco:
874 3308 941 3346 nam
956 3286 1009 3346 Cn.
1025 3287 1169 3348 Octavius

49 3375 70 3417 tt
85 3362 114 3422 T.
126 3366 250 3429 Manlius
265 3367 401 3429 eonsules
414 3369 533 3427 suerunt
550 3388 626 3426 anno
645 3372 682 3426 ab
699 3368 737 3425 U.
754 3366 789 3426 C.
804 3386 953 3426 ccxxxix.
996 3369 1077 3446 Ergo
1090 3371 1169 3429 facta

48 3456 145 3520 etpost
161 3450 313 3517 Andriam,
330 3470 417 3526 quam
432 3448 525 3508 edidit
544 3448 701 3507 Terentius
719 3468 795 3506 anuo
816 3450 950 3525 proxime
968 3450 1166 3526 praecedenti:

48 3526 143 3595 proinde
154 3529 271 3608 Hecyra
286 3530 412 3589 secunda
426 3542 480 3597 est,
495 3529 597 3587 ordine
611 3527 786 3597 fabularum,
801 3550 875 3606 quas
889 3529 960 3587 fecit
972 3530 1139 3589 Terentius.

76 3604 159 3667 Tertia
169 3612 224 3671 fuit
239 3610 620 3679 Haauaourrrroausrsnos,
632 3624 665 3668 ut
679 3623 795 3669 constat
807 3630 847 3667 ex
860 3608 1045 3675 Didascaliis.
1055 3632 1123 3689 quae
1138 3612 1169 3670 in

50 3680 120 3745 ftmta
138 3689 210 3750 illius
230 3692 379 3771 leguntur,
401 3691 431 3749 in
450 3691 514 3751 haec
535 3694 641 3749 verba:
668 3690 748 3749 Aeto
767 3691 853 3748 tertio
871 3690 918 3749 M.
931 3690 1062 3749 lucentio
1078 3701 1106 3750 ct
1120 3691 1168 3751 M.

51 3759 180 3843 impressio
197 3773 277 3831 Coss.
316 3772 376 3838 Qui
391 3772 525 3831 eonsules
539 3772 660 3831 fuerunt
673 3792 752 3829 anno
765 3774 803 3829 ab
818 3769 857 3828 U.
869 3769 903 3828 C.
920 3791 1002 3829 nxcr.

78 3845 194 3925 Sequitur
215 3872 322 3930 quarta
343 3853 494 3921 Peroratio,
519 3852 556 3911 dc
578 3873 638 3930 qua
658 3850 857 3910 Itidascutiae:
873 3851 963 3929 sucta
985 3862 1027 3910 est
1045 3852 1100 3910 IV.
1132 3852 1168 3912 C.

52 3920 141 4011 ituit,
161 3933 205 3991 M.
223 3934 336 3993 Valerio
352 3934 429 3992 Coae.
473 3932 564 3998 Quod
586 3933 673 3991 etiam
695 3947 820 3991 testatur
834 3931 974 4001 Donatus,
995 3934 1169 4009 praefatione

52 4020 72 4059 n
83 4006 141 4069 hanc
153 4014 297 4073 fabulam:
318 4014 410 4072 Edita
429 4024 472 4073 est
492 4022 592 4092 quarto
606 4014 666 4071 Meo
679 4012 727 4071 M.
746 4013 858 4071 Valerio
870 4023 899 4069 et
915 4014 948 4070 C.
963 4012 1074 4071 Fannio
1088 4014 1168 4073 Coss.

53 4080 105 4145 Pan
121 4090 317 4153 Phormionem
341 4096 444 4172 quinta
467 4108 512 4153 est
535 4095 615 4153 edita
637 4094 812 4161 Eunucnus,
838 4092 941 4150 iisdem
963 4112 1041 4152 coss.
1065 4094 1170 4155 iisdem

53 4165 175 4245 edilium
204 4176 295 4234 habes
320 4176 351 4233 id
377 4196 416 4233 ex
438 4174 625 4242 Didaacotiir,
649 4187 679 4232 et
699 4174 809 4232 Donati
835 4172 1008 4249 praefatione
1037 4174 1068 4231 in
1093 4175 1171 4236 hanc

53 4242 167 4311 fibulam:
188 4276 264 4315 anno
276 4257 414 4315 nimirum
430 4258 467 4315 ab
483 4254 523 4315 U.
535 4254 570 4313 C.
586 4274 690 4314 nacnr.

82 4324 121 4387 Bit
132 4334 225 4395 Mem
238 4338 287 4397 die
307 4336 451 4415 producta
471 4337 500 4394 in
518 4354 645 4405 scenam,
661 4334 781 4393 tertium
794 4330 921 4405 denique
934 4342 1021 4389 acta:
1042 4334 1171 4411 pretium

52 4418 103 4467 ⁰⁰¹⁰
112 4414 226 4478 millibus
238 4418 408 4479 medum
420 4430 604 4477 numeratum
616 4430 663 4475 est
676 4426 786 4493 poetoe.
