2834 4759
28 149 233 237 scrutur]
486 148 758 217 PHORMIO.
1135 152 1201 219 605

84 284 207 351 Donec
220 286 389 371 perfecero
402 284 478 351 hoc.
517 284 582 349 ΡΗ.
599 285 734 371 Ineptir.
774 285 842 352 Dr.
859 286 937 353 Sine
950 288 1059 353 modo.

86 382 157 448 ΡΗ.
172 383 343 450 Postremo
356 394 463 450 tecum
478 383 557 448 nihil
570 385 619 449 rei
632 386 738 461 nobie,
755 384 931 471 Demipho,
945 396 1016 451 eat:

31 493 73 547 7⁵
87 480 188 547 Tuus
203 494 254 547 est
268 483 437 551 damnatus
452 493 582 567 gnatus,
597 504 661 547 non
676 492 733 546 tu:
757 504 831 547 nam
845 494 902 547 tua

89 579 302 646 Praeterierat
313 583 381 667 jam
395 582 437 645 ad
452 581 635 645 ducendum
650 592 742 644 aetas.
781 580 848 645 Dr.
863 580 983 645 Omnia
996 582 1069 647 haec

87 678 186 743 lllum
200 690 326 764 putato,
340 702 413 764 quae
428 700 490 763 ego
505 701 590 744 nunc
605 679 689 757 dico,
705 680 833 744 dicere:

87 776 163 841 Aut
177 778 308 861 quidem
322 799 394 842 eum
410 798 511 842 uxore
526 776 587 841 huc
601 776 705 862 ipsum
721 776 904 862 prohibebo
918 779 1025 844 domo.

90 874 161 939 Gr.
178 875 285 940 Iratus
300 886 361 941 est.
400 874 464 940 Pu.
481 874 570 939 Tute
583 876 669 939 idem
683 874 797 939 melius
812 876 938 940 feceris.

35 986 77 1034 so
90 972 161 1037 Du.
178 973 269 1038 Itane
284 996 319 1037 es
334 984 468 1059 paratus
483 972 590 1037 facero
604 995 655 1037 me
669 973 842 1037 advorsum
857 975 973 1052 omnir,

88 1070 236 1136 Infelix?
274 1071 337 1136 Pu.
355 1072 477 1136 Metuit
490 1071 543 1135 hic
558 1092 628 1149 uos,
644 1071 772 1135 temetsi
786 1070 901 1136 sedulo
1002 1143 1005 1148 ⁴

92 1168 296 1234 Dissimulet.
342 1168 410 1235 Gr.
430 1169 521 1235 Bene
547 1168 670 1235 habent
698 1172 758 1235 tibi
784 1171 952 1257 principis.
1005 1170 1071 1237 ΡΗ.
1101 1170 1215 1250 Quin,

159 1268 248 1353 quod
262 1276 313 1333 est
375 1310 398 1333 „

92 1363 290 1439 Ferendum,
306 1364 389 1431 fers:
413 1366 476 1429 tuis
492 1365 624 1451 dignum
638 1366 732 1433 factis
747 1367 874 1446 feceris,

92 1465 145 1531 Ut
158 1468 250 1531 amici
263 1468 348 1531 inter
361 1489 420 1531 nos
436 1468 546 1531 simus.
583 1468 651 1533 Du.
668 1470 786 1555 Egone
800 1482 890 1535 tuam
904 1481 1055 1557 expetam

41 1578 81 1626 85
94 1562 302 1631 Amicitiam?
325 1575 383 1629 aut
397 1575 429 1630 te
443 1566 558 1643 visum,
574 1576 631 1630 aut
645 1568 792 1633 auditum
805 1568 922 1634 velim?

95 1664 162 1729 ΡΗ.
178 1662 214 1727 Si
229 1664 441 1729 concordabis
457 1686 530 1729 cum
545 1664 611 1743 illa,
627 1666 765 1731 habebis
780 1689 854 1752 quae
868 1678 957 1733 tuam

95 1764 304 1829 Senectutem
318 1764 478 1830 oblectet:
502 1768 627 1851 respice
643 1776 771 1851 petatem
785 1777 883 1830 tuam.

96 1862 165 1929 Du.
182 1863 234 1928 Te
246 1864 405 1929 oblectet:
422 1866 481 1930 tibi
491 1864 586 1930 habe.
625 1864 691 1929 Pu.
704 1864 819 1929 Minue
830 1887 908 1929 vero
921 1866 1012 1929 imm.
1047 1864 1115 1929 Du.
1131 1863 1208 1929 Hoc

96 1960 184 2025 Satis
195 1962 263 2046 jam
278 1962 508 2027 verborum'st:
533 1964 595 2027 nisi
610 1974 646 2028 tu
661 1984 818 2047 properas
832 1962 998 2027 mulierem
1112 1966 1207 2049 [aget

47 2072 85 2121 90
97 2056 286 2137 Abducere,
302 2081 365 2145 ego
380 2058 465 2124 iliam
481 2062 625 2147 ejiciam:
649 2062 730 2138 dixi,
746 2059 911 2126 Phormio.

98 2156 163 2223 Pu.
180 2157 216 2221 Si
231 2167 267 2220 tu
283 2156 368 2222 illam
382 2159 528 2244 attigeris
544 2181 638 2224 secus
653 2180 750 2243 quam
765 2159 898 2244 dignum
912 2171 963 2225 est
976 2158 1121 2239 liberam,

87 2341 127 2393 78.
139 2342 215 2390 Donec
224 2340 338 2404 perfecero
348 2339 400 2403 hoc]
414 2340 501 2403 virgil.
519 2341 575 2390 AEu.
588 2339 614 2389 ii.
647 2339 693 2403 ris]
707 2339 763 2388 Hoc
775 2338 855 2403 ipsum
867 2340 1074 2390 turecteieoeris.
1098 2342 1128 2391 E.

50 2406 111 2458 ⁷19.
124 2408 237 2455 donarem
248 2408 342 2467 ,iumine
357 2409 406 2455 oiso
417 2408 522 2454 Abluero.
556 2408 614 2455 Per·
680 2406 719 2453 81.
732 2403 826 2467 Sedulo]
839 2404 898 2453 Sine
908 2404 971 2463 dolo,
987 2405 1114 2455 instanter.
1143 2407 1210 2455 D.-

42 2469 141 2536 ficere]
158 2471 207 2519 Pro
220 2473 342 2532 perficiant.
376 2470 476 2533 Ineptit]
494 2470 529 2519 Ut
546 2486 560 2519 t
576 2488 614 2519 so·
647 2471 734 2519 Metuit
749 2473 787 2517 hic
802 2468 986 2532 sor]Quouiem
999 2471 1094 2520 dixerat
1104 2472 1208 2521 subruis·

45 2538 220 2599 pientimopis
231 2534 348 2583 dicimus:
365 2534 400 2583 ita
409 2536 439 2584 ab
447 2538 541 2596 ineptia,
550 2538 614 2597 inep-
647 2534 712 2583 tiore
725 2534 839 2593 dictione,
857 2536 923 2583 Itone
933 2552 957 2583 es
971 2544 1069 2598 perotus
1078 2536 1159 2598 facere
1174 2552 1210 2586 tas

52 2604 94 2651 tis.
123 2602 175 2649 bitte
187 2597 262 2662 modo]
275 2600 334 2648 Herc
343 2599 614 2649 minantiesuntverbtt:
647 2602 766 2648 numm
782 2603 877 2647 onnia!
907 2600 969 2656 Quae
983 2616 1024 2649 rer
1039 2602 1145 2651 ostendit
1160 2601 1210 2649 ira-

53 2676 82 2714 et
98 2666 173 2713 bene:
191 2664 301 2713 imitatus
317 2665 430 2713 estenim
444 2665 477 2727 (et
495 2668 548 2713 bens
563 2667 615 2713 imi·
648 2663 944 2713 cundiamerseienittm.
968 2665 998 2713 Ε.

53 2738 120 2779 totas
138 2738 172 2778 est
188 2732 283 2786 modum,
297 2729 338 2777 lib.
357 2734 446 2793 uterq.)
465 2730 614 2778 comminun·
681 2730 720 2776 82.
732 2728 883 2792 Dissimulet]
897 2729 986 2793 Pingit,
998 2730 1121 2779 mentitur.
1145 2732 1212 2778 D.-

52 2808 113 2845 tem.
139 2795 169 2843 D.
651 2796 718 2846 Quod
733 2801 768 2841 est
780 2792 914 2857 sendum]
934 2794 999 2849 Quis
1016 2810 1056 2843 res
1075 2795 1211 2845 tolerandas

89 2862 128 2910 74.
141 2862 255 2908 Postremo
267 2866 338 2907 tecum
349 2862 409 2907 nihil
418 2856 465 2921 rei]
482 2858 537 2907 Jam
554 2857 618 2907 ludit
648 2858 769 2907 sustinere
786 2856 909 2970 §minere
924 2862 992 2908 retu
1008 2860 1057 2923 Z.),
1069 2870 1094 2909 et
1109 2860 1211 2924 dignum

52 2924 190 2989 parasitus:
208 2936 242 2979 tu,
260 2923 345 2985 inquit,
363 2938 438 2971 senex
451 2926 502 2986 jam
518 2922 617 2973 alterius
649 2923 779 2972 tuisiactis
799 2923 882 2973 coeris.
906 2923 935 2971 E.

53 2988 135 3039 etatis
146 3004 180 3045 es,
192 2988 302 3036 addictur
314 2988 378 3036 fliius
390 2998 446 3036 tuus
458 2998 501 3036 est
526 2987 555 3036 E.
682 2990 721 3036 88.
737 2990 797 3039 Quin
808 2990 868 3051 quod
882 2996 917 3036 est
925 2986 1055 3051 smerdem,
1065 2986 1145 3051 seror]
1158 2989 1211 3037 Cur

90 3054 129 3105 78.
149 3056 210 3102 Tuae
226 3062 260 3102 est
276 3056 396 3101 damnatur
410 3062 502 3115 matus,
519 3070 562 3101 stes
579 3050 616 3115 tu]
650 3068 707 3110 uon,
723 3052 811 3114 inquit,
827 3055 994 3102 sccommodas
1013 3054 1151 3103 necescitati
1166 3069 1210 3101 vo·

55 3118 134 3168 Ludit
153 3118 267 3167 Phormio
285 3132 358 3180 quum
378 3118 445 3175 dicit,
465 3135 509 3165 oon
527 3126 568 3165 tc.-
592 3131 617 3165 et
649 3117 788 3165 iuntatemt
813 3118 928 3165 D.-Pro
937 3118 1073 3181 serr,quod
1084 3118 1162 3167 solum
1173 3128 1212 3167 est

55 3182 283 3233 contemtihiiiorem
296 3182 321 3230 in
333 3183 378 3230 hac
388 3182 513 3231 causasibi
525 3198 616 3240 senem,
648 3182 808 3247 probandum,
821 3182 905 3231 Bemb.
919 3184 992 3232 hahet
1001 3182 1084 3247 seret:
1101 3183 1143 3232 aiii
1152 3181 1210 3246 sm

56 3262 129 3311 quam
138 3247 303 3323 Antiphonem
314 3247 395 3303 fuisse,
406 3246 479 3295 dicit:
496 3247 617 3309 simulque
649 3242 770 3307 aiiiseror.
806 3246 879 3295 Maie.
904 3248 932 3296 Β.

55 3324 153 3363 aetatem
173 3312 239 3361 illrus
255 3328 309 3361 esse
325 3312 470 3375 despectam.
507 3314 618 3360 inanest
683 3313 721 3359 84.
735 3312 784 3359 Pro
794 3314 873 3374 Egone
889 3328 974 3361 omues
991 3313 1080 3362 Faerni
1093 3321 1120 3362 et
1135 3312 1212 3362 nostri

55 3382 179 3428 &matur
204 3385 296 3441 potus,
325 3394 369 3424 rost
397 3374 435 3439 tu]
461 3376 509 3425 Pro
532 3376 618 3424 volun·
652 3375 721 3424 codd
733 3377 917 3439 habeutligon'.
941 3378 970 3426 B.

56 3441 322 3493 tutecoutendentisest
328 3441 432 3505 prolatio
439 3440 573 3489 sententie.
588 3440 619 3489 D.
685 3443 724 3491 87.
739 3440 795 3494 Qua
811 3450 872 3489 raon
882 3451 1017 3491 mercarer·
1029 3442 1136 3506 obiectet]
1154 3444 1212 3491 Nou

91 3508 130 3559 77.
148 3509 215 3555 rtrum
231 3514 319 3567 putato,
330 3522 380 3569 qius
391 3522 433 3569 ego
443 3522 502 3554 nunc
513 3508 570 3563 dico,
582 3508 618 3553 di·
653 3504 962 3563 tesedrenectatesrtaon.
988 3508 1018 3555 D.

56 3570 123 3689 mii
135 3570 517 3698 [gippuiffoerpesmppnptdtoelttffl
554 3635 620 3683 D-
652 3571 966 3684 digbhdizuirbdbddiffl
978 3572 1213 3700 cplzmpgeppsppt

58 3702 108 3751 Pro
116 3704 224 3763 prohibeo
235 3699 347 3748 meliores
355 3710 381 3747 et
390 3700 473 3764 plures
484 3697 540 3747 libri
550 3699 618 3748 exhi·
652 3700 751 3749 uuentis
763 3710 806 3747 est.
831 3700 860 3747 D.

57 3768 254 3829 beutprohibe'bo.
279 3764 306 3812 B.
686 3766 725 3812 88.
740 3764 788 3812 Pro
802 3764 886 3813 Demb.
899 3764 963 3813 Vict.
976 3774 1002 3813 et
1017 3765 1119 3813 aliorum
1139 3764 1213 3812 libro-

92 3832 130 3883 79.
145 3833 204 3879 Tute
218 3832 277 3877 idem
288 3832 368 3877 stelias
376 3827 476 3892 seceris]
494 3828 572 3877 Locus
584 3838 621 3877 est
653 3844 707 3878 rum
726 3828 814 3876 Foerni
828 3846 946 3891 properos,
959 3830 1037 3879 nostri
1052 3830 1145 3878 hubent
1156 3846 1213 3891 pro·

58 3897 106 3953 hic,
129 3908 157 3944 ut
175 3895 287 3944 ostendat
310 3894 425 3942 Phormio
445 3894 475 3941 de
495 3904 621 3957 compacto
651 3910 725 3957 peres.
749 3893 778 3941 B.

59 3962 138 4025 egisse
158 3975 213 4008 cunr
235 3958 383 4022 Antiphone.
420 3960 478 4007 Tute
496 3961 555 4006 idem
575 3974 620 4006 ms·
687 3960 725 4006 90.
744 3959 802 4006 Diri
821 3958 939 4022 Promo]
961 3962 1019 4007 Diri
1036 3958 1115 4007 solent
1132 3958 1213 4007 dicere

60 4030 104 4075 iius
113 4024 212 4089 seem]
230 4023 335 4079 Quidam
352 4023 387 4072 sic
403 4022 551 4085 intelligunt,
564 4026 622 4072 Pete
653 4034 767 4087 perorata
778 4038 857 4071 causa.
882 4024 914 4071 D.

60 4094 121 4141 iden
131 4089 308 4152 neiissseceris,
320 4098 348 4137 ut
358 4104 434 4137 senex
451 4088 532 4152 potius
543 4098 621 4146 exeat,
688 4088 766 4136 cist
782 4090 886 4136 trilices
900 4087 1021 4151 attigeris]
1039 4088 1149 4137 Revocat
1163 4088 1213 4137 ira·

63 4170 134 4220 quam
161 4154 242 4217 ejiciat
262 4153 346 4201 fliium.
381 4152 519 4201 Artificiose
541 4162 622 4201 autem
654 4152 775 4209 cundiam,
791 4152 848 4214 quia
864 4152 906 4200 iiie
923 4154 1031 4202 dixerat:
1051 4156 1105 4201 Nisi
1119 4161 1144 4201 ts
1160 4170 1214 4215 pro·

62 4221 169 4283 loquitur
186 4219 308 4275 Phormio,
320 4228 347 4266 ut
359 4218 450 4265 adimat
460 4217 622 4281 suspicionem
652 4234 721 4279 peras
732 4220 846 4265 muham
856 4220 975 4274 obducere,
985 4221 1096 4281 egoiiiour
1106 4219 1214 4281 ejicias.-

63 4284 116 4335 aeui
126 4284 293 4333 consensionis
304 4293 329 4331 et
344 4282 506 4331 conhibentia
517 4281 624 4345 (contem
655 4292 680 4331 et
695 4282 736 4330 hic
746 4292 844 4330 contra:
863 4284 890 4330 Si
905 4290 932 4331 tu
947 4286 1011 4332 iilum
1022 4286 1130 4347 attigerit
1145 4286 1215 4332 oiitet·

62 4352 133 4401 tiorir
152 4350 200 4398 his.
223 4348 313 4397 Doend.
332 4358 358 4396 et
380 4347 417 4397 ed.
439 4348 481 4396 Du
500 4346 541 4411 B.)
559 4346 623 4397 inter
654 4364 723 4410 mom
740 4350 834 4411 mgnum
850 4356 886 4395 ert
902 4350 1004 4406 liberm
1021 4352 1097 4401 deon
1112 4352 1156 4398 titt
1170 4350 1214 4396 ist·

63 4412 328 4482 prruitrmetfilium.
353 4411 624 4476 D.-Ysteidemstre·
652 4414 875 4477 pirgoargmdess.
898 4411 929 4463 li.
1177 4437 1181 4441 -
1207 4418 1214 4431 ’
