2834 4759
55 228 158 273 scena
176 208 236 293 nn]
473 206 787 275 EUNUCHUS.
1051 277 1058 285 ,
1143 214 1208 279 231

98 345 130 409 Ο
156 344 327 411 scelestum
353 346 608 411 Parmenonem!
639 344 695 428 qni
718 344 814 409 iatum
837 345 902 411 huc
924 346 1072 412 adduxit.
1120 347 1207 414 Pm.

219 444 226 457 .
331 447 344 492 φ
1000 448 1006 461 ,

95 442 388 607 PmQMuiiirdesttrite:
413 543 521 627 itaque
535 552 570 606 ut
579 562 620 605 ne
632 540 785 613 viderem.
795 541 913 607 misera
921 542 987 608 huc
997 543 1101 630 effugi
1107 544 1207 611 foras.

97 639 185 713 Quae
197 639 306 705 sutura
315 639 464 725 exempla
473 641 586 705 dicunt
594 640 706 705 ineunt
717 639 874 723 indignat
899 638 985 705 Pan.
997 642 1030 707 0
1041 642 1208 728 duppiter,

58 748 86 795 ²⁵
98 738 186 811 Quae
207 737 289 803 illaec
303 739 465 804 turba'sti
487 760 639 803 numnam
653 758 717 822 ego
738 738 842 821 periit
864 737 981 803 adibor
1010 741 1090 824 quid
1111 742 1208 820 iatuc,

253 836 260 851 ·
309 839 323 883 r

96 834 324 1007 Quiiiiaiiiaiti
336 958 432 1020 quem
443 934 592 1021 exempla
602 934 703 999 fient?
735 933 799 999 Pr.
812 933 964 1019 Rogitas,
973 937 1208 1004 audacissime?

95 1031 276 1097 Perdidisti
289 1034 397 1109 iatum,
414 1056 510 1118 quem
524 1033 662 1099 adduxti
676 1054 739 1117 pro
752 1032 904 1099 eunucho
918 1033 1208 1114 adolescentulum,

96 1129 189 1195 Dum
212 1129 324 1195 studea
346 1132 423 1197 dare
447 1132 547 1210 verba
569 1132 672 1195 nobis.
722 1129 810 1196 Pan.
835 1130 927 1204 Quid
948 1133 1019 1197 irat
1048 1145 1108 1199 aut
1129 1134 1210 1218 quid

161 1228 350 1295 factum’ati
373 1230 466 1296 cedo.

96 1327 160 1393 Pr.
178 1328 317 1395 Dicam:
341 1330 496 1415 virginem
510 1331 615 1407 iatam,
630 1326 754 1393 Thaidi
768 1351 843 1414 quoe
863 1328 963 1395 hodie
977 1332 1064 1396 dono
1079 1330 1207 1409 data’at,

55 1427 170 1493 aoScia
199 1450 270 1493 eam
297 1428 373 1493 hinc
404 1429 505 1493 civem
528 1450 613 1505 ease,
640 1440 674 1493 et
703 1428 837 1493 fratrem
863 1430 935 1514 ejna
964 1451 1037 1494 eoae
1063 1430 1208 1514 apprime

230 1527 237 1542 ·
311 1530 324 1573 o

94 1525 328 1691 Pffiflgcnito:
361 1625 424 1689 Pr.
434 1623 540 1710 Atqui
549 1626 594 1689 sic
603 1624 791 1699 inventa’ot:
816 1624 960 1689 eamiate
968 1626 1091 1689 vitiavit
1099 1626 1208 1691 mirer.

94 1719 154 1787 lile
170 1722 228 1787 ubi
242 1724 371 1789 rescivit
385 1723 506 1789 factum
521 1723 622 1788 irater
634 1721 894 1788 violentissimus.

53 1958 122 2005 quam
142 1939 217 1989 irasci
236 1940 267 1989 ei.
299 1942 412 1990 D.-Pro
431 1944 496 1990 deum
510 1938 613 2003 fiderat]
679 1940 718 1991 27.
736 1943 864 1991 Perdidisti
875 1942 1209 2007 irtam.qumaddarti,etc.]

54 2008 117 2056 Dum
134 2006 293 2071 progreditur
309 2006 417 2069 Pythiae,
434 2006 505 2069 tingit
519 2005 613 2054 adolea-
647 2005 787 2055 Artificioae
807 2022 856 2055 non
871 2018 977 2065 accuam,
995 2007 1053 2071 quid
1072 2009 1210 2072 peccaverit

52 2083 147 2120 centem
168 2072 293 2120 Cboeream
312 2071 378 2120 intua
397 2081 503 2134 captum.
524 2080 550 2119 et
569 2085 614 2134 pro
646 2070 763 2120 adversor
779 2070 905 2129 Thaidem,
922 2071 992 2134 quati
1008 2088 1041 2121 ex
1060 2089 1135 2136 poena
1149 2074 1208 2122 ado-

53 2137 146 2186 moecho
167 2136 354 2199 deprehensum,
374 2152 422 2198 quo
438 2136 533 2186 facilius
553 2136 613 2183 Par·
646 2134 761 2185 lomentis
772 2136 828 2199 plna
838 2136 926 2195 doleat,
935 2152 1007 2199 quam
1018 2137 1136 2187 irascatur
1148 2138 1207 2187 Par-

53 2218 121 2249 meno
129 2211 258 2250 terreatur.
277 2200 504 2258 Pt-Omnealibri,
512 2210 615 2263 excepto
647 2200 753 2248 menoni.
778 2202 810 2249 D.

55 2266 181 2323 Bembina,
204 2264 330 2323 collocant,
355 2268 417 2314 Proh
440 2269 505 2315 deam
526 2268 614 2325 fidem.-
680 2267 720 2313 28.
736 2265 1119 2329 Durnrtaderdaraoerbonobr'r]
1133 2267 1210 2325 Bene,

52 2342 122 2380 recte.
142 2330 245 2379 Servius
256 2331 287 2379 ad
297 2330 353 2379 AEn.
367 2330 391 2379 ii.
405 2333 459 2379 5⁰2
472 2330 507 2379 aie
518 2330 614 2379 laudat:
646 2332 724 2379 studea
742 2333 817 2379 darc:
835 2330 996 2394 nequeenim
1014 2331 1111 2379 dedisti.
1147 2334 1210 2384 Quid

53 2398 395 2458 Proddrumatquetaorm'nam
404 2400 482 2457 fidem.
512 2395 615 2443 B.-ab
647 2393 714 2457 aar]
735 2396 812 2443 Deest
829 2400 903 2445 dicte.-
928 2405 957 2444 ut
976 2395 1017 2455 ait,
1039 2396 1102 2449 Quid
1118 2399 1153 2445 ita
1170 2400 1208 2446 di·

53 2462 183 2510 hoererau
196 2476 384 2509 novamexoraa
394 2471 432 2511 est
447 2476 545 2509 scenam
563 2460 614 2508 Da·
647 2464 699 2508 cta?
723 2460 755 2509 D.

54 2526 123 2575 ceria.
150 2526 179 2575 Z.
680 2524 719 2573 29.
748 2524 889 2580 collocatio.
914 2528 980 2573 hodie
1005 2542 1062 2588 qua,
1086 2525 1210 2575 codicibua

82 2594 120 2640 22.
135 2593 282 2639 Oreticum
293 2592 454 2639 Parmenonem
461 2588 485 2651 1]
499 2589 535 2637 Ut
541 2588 616 2638 verba
646 2590 772 2653 probatur,
783 2601 810 2637 et
824 2589 956 2653 gratiorem
967 2591 1042 2639 efficit
1053 2605 1157 2640 vertum.
1178 2592 1209 2641 B.

53 2668 114 2713 mna
136 2655 215 2731 periit
241 2655 349 2719 proiecto
371 2655 446 2703 mirer
467 2654 614 2713 adolescent,
680 2656 719 2701 30.
748 2658 798 2703 Sota
820 2672 869 2702 eam
890 2658 943 2703 tine
965 2659 1034 2703 cim
1055 2654 1117 2717 erre]
1140 2658 1209 2715 Ean,

52 2738 122 2783 quum
134 2736 163 2769 ιιι
175 2719 263 2769 eodem
274 2729 374 2784 peccato
389 2719 502 2768 irascitur
514 2720 613 2767 Parme·
647 2719 770 2767 abundat:
788 2718 989 2782 quemadmodum
1001 2735 1082 2783 supra,
1097 2724 1170 2771 Qum
1180 2738 1208 2771 a·

51 2787 107 2835 noni
120 2785 234 2849 Pythiae,
246 2800 295 2833 non
307 2784 420 2833 Charete.
445 2784 477 2833 D.
647 2787 725 2831 matut
740 2788 857 2846 virginem,
874 2801 923 2832 earn
937 2782 1022 2846 conseri
1035 2787 1083 2833 rina
1098 2788 1208 2835 notaria.

81 2854 120 2899 23.
139 2853 240 2899 Miseret
256 2848 303 2913 me]
323 2849 382 2897 Hac
396 2848 478 2899 omnia
489 2848 559 2911 quari
574 2864 613 2897 ae·
647 2851 681 2897 Et
691 2848 743 2910 ejas
746 2848 849 2910 fratrem
859 2852 962 2910 opprime
971 2848 1098 2912 nubilant]
1110 2850 1208 2900 Hoeead

49 2932 103 2965 rum
120 2915 248 2977 loquitur:
267 2926 292 2963 et
307 2914 377 2978 fingit
393 2930 419 2963 ae
436 2912 538 2971 nescire,
550 2904 615 2976 duod
647 2922 766 2961 terrorem
785 2923 811 2961 et
830 2914 933 2976 gratiam
951 2926 1023 2962 aucta
1044 2924 1108 2963 aunt.
1143 2916 1209 2965 Nam

50 2982 150 3029 amiatat
162 2980 291 3027 Parmeno.
315 2978 347 3027 D.
646 2978 727 3042 primo
742 2981 853 3041 angium
869 2979 958 3041 potuit,
1038 2980 1207 3037 madui-

79 3049 119 3094 24.
142 3048 201 3096 Qnae
210 3043 297 3105 sutura
312 3047 413 3106 exempla
428 3048 507 3093 dieunt
524 3046 548 3092 ir
564 3059 614 3091 eum
646 3042 733 3091 timum
745 3046 827 3091 mittis
836 3060 940 3093 sororem
993 3046 1084 3091 .-Scr'r
1094 3048 1163 3093 tatum
1173 3048 1207 3093 ei·

49 3108 181 3175 indignat]
193 3110 287 3157 Graves
298 3124 383 3172 poenae,
393 3125 448 3171 quae
455 3116 613 3173 poaauntcte·
646 3106 705 3170 uam]
725 3107 760 3155 Ut
776 3108 884 3157 vitiatori
899 3108 992 3157 crimen
1008 3108 1135 3167 increscat,
1149 3108 1209 3159 dicit

49 3177 107 3225 teria
128 3176 280 3223 documento
296 3189 357 3231 ease,
374 3177 475 3236 exempta
491 3172 612 3223 dicuntur.
646 3176 757 3236 virginem
772 3190 820 3222 ersa
836 3176 912 3230 duur,
930 3182 955 3221 et
970 3175 1024 3234 ejua
1039 3174 1139 3223 stenem
1151 3178 1208 3223 odo-

50 3242 76 3289 la
87 3258 141 3289 enm
149 3236 279 3301 indignat]
291 3238 367 3287 Modo
397 3254 423 3287 er
431 3241 534 3300 indigno,
544 3238 613 3295 toeda,
648 3240 766 3287 terrentem
776 3240 879 3295 flottam,
887 3237 928 3300 qui
940 3238 1011 3287 facile
1022 3237 1099 3302 poerit
1107 3255 1207 3289 conaur·

49 3305 209 3367 crudeliaque
220 3303 348 3365 rigniiicat.
408 3303 500 3366 tVirg.
514 3302 546 3350 ri.
561 3302 613 3350 162.
647 3317 713 3365 gere.
747 3302 869 3351 Praeterea
879 3302 943 3351 dixit
954 3319 1007 3351 eoae
1018 3307 1208 3354 munnam

49 3379 153 3432 -atqua
171 3371 210 3416 itti
227 3370 341 3419 noenum
359 3372 384 3415 ιἰι
403 3372 479 3417 littora
494 3372 560 3424 sirco,
584 3370 616 3415 Ut
649 3366 805 3415 E.-Veraua
815 3366 895 3430 gratia
907 3383 1007 3431 repone,
1021 3371 1210 3419 &aemam

48 3452 137 3491 reare,
150 3436 229 3482 rident
243 3436 339 3497 indigna
350 3436 559 3494 morte'parerrtam.
583 3432 614 3480 D.
648 3434 780 3481 itinerare?
808 3436 890 3494 Atque
899 3448 951 3496 pro,
961 3434 1112 3495 ejur,renaua
1122 3430 1209 3499 poscit,

48 3497 176 3562 asaph]
188 3501 322 3560 Ειειιιρὶιιιιι
329 3497 495 3560 dicitgmem
507 3512 613 3561 poenam,
646 3500 685 3557 eit,
697 3496 754 3559 quia
771 3496 925 3555 Parmenoni‚
937 3498 980 3560 qui
995 3515 1027 3547 ne
1042 3498 1122 3562 ipsam
1138 3499 1208 3563 puel-

49 3564 145 3613 rcilicet
156 3579 212 3627 quae
223 3562 317 3611 caeterir
328 3578 381 3611 eoae
398 3562 475 3627 possit
485 3562 516 3610 ad
530 3578 612 3611 exem·
646 3560 694 3609 lam
705 3562 812 3624 quidem,
824 3578 877 3625 quae
890 3573 962 3621 emet,
979 3564 1060 3623 acuet,
1071 3565 1147 3613 trater
1157 3568 1210 3627 ejus

48 3630 135 3693 pium:
154 3644 211 3677 num
223 3628 283 3675 aliar
295 3627 361 3685 dicit,
373 3630 612 3690 aterqaaiateerem-
646 3636 845 3675 notuaeaaenon
889 3628 943 3676 tuit.
967 3628 996 3676 Β.

46 3696 174 3755 ptaodent.
198 3692 227 3741 Ε.
679 3692 718 3739 31.
736 3690 832 3754 Nescio]
871 3694 1009 3740 ertnrbatua
1026 3692 1146 3741 Parmeno
1161 3708 1210 3743 nec

82 3761 122 3807 25.
144 3758 202 3811 Qua
212 3760 262 3806 illio
272 3754 613 3820 turbarat-Nuaeloquiturt
646 3770 736 3818 negare
752 3755 839 3820 potuit,
856 3772 902 3805 nec
912 3757 1051 3807 consentire
1069 3756 1154 3815 voluit,
1165 3759 1209 3807 aad

48 3834 91 3873 aut
102 3838 177 3887 quam
189 3820 419 3871 ostentatexmltu
430 3837 458 3869 ac
473 3820 545 3869 dictio
556 3822 613 3883 (Aa,
646 3819 1106 3883 quaaidefentionialocodixitnereio.
1135 3826 1210 3885 Atqui

48 3906 117 3951 μαι
129 3891 250 3951 loquitar?
266 3904 305 3945 aa,
314 3904 381 3949 quam
389 3894 488 3935 ostentat
495 3902 523 3933 ea
530 3887 614 3934 uultu?
645 3890 679 3935 rt'c
696 3889 788 3934 irrorato
803 3884 851 3948 ert]
869 3885 950 3934 Facile
965 3897 1003 3934 eat
1017 3896 1045 3935 ut
1061 3886 1150 3945 credat,
1166 3888 1208 3950 qui

49 3954 98 4002 Ma
118 3952 176 4015 Η.),
193 3951 237 4001 aed
253 3962 362 4016 apparet,
379 3950 472 4000 vultum
486 3950 525 4013 (ea
541 3953 612 4009 vulta,
645 3950 705 3998 dicit
714 3953 795 3999 rareio.
824 3951 891 4014 Ergo
900 3950 1001 4013 Pythias
1009 3966 1059 4001 non
1071 3950 1170 4009 laborat,
1181 3963 1209 4001 ut

49 4019 98 4067 Ma.
125 4018 168 4079 B.)
192 4016 285 4081 Pythiae
305 4016 399 4065 turbam
419 4015 516 4071 dicere;
541 4024 568 4063 ut
586 4014 613 4064 in
646 4014 836 4065 suadeatcivem
848 4031 909 4064 erae.
937 4017 1208 4081 Atqataict'aoeatoert]

47 4083 153 4139 Andria,
170 4086 217 4131 Sed
227 4084 286 4145 qaid
300 4084 445 4143 Pamphilum
461 4083 614 4129 ereaturarum
646 4080 767 4142 Magnum
783 4080 908 4129 horrorem
923 4079 1014 4128 incutit
1024 4080 1141 4139 audienti,
1158 4096 1209 4131 non

47 4152 136 4197 rideat
157 4150 240 4195 Vereor
250 4150 308 4210 qaid
317 4150 379 4195 rtet:
396 4149 493 4208 operiar.
506 4154 532 4193 at
542 4147 613 4193 retum
645 4144 788 4201 accusando,
800 4146 844 4194 aed
855 4144 994 4193 mirerando
1005 4145 1138 4193 Chartam.
1162 4146 1196 4196 D.

45 4232 115 4271 nac,
138 4215 248 4277 qaam
269 4214 398 4261 tartaria
421 4212 524 4260 tristitia
546 4208 612 4273 adsa-
678 4212 718 4258 32.
742 4212 827 4259 Frater
842 4207 1028 4272 uiolentissimus]
1047 4208 1103 4258 Hoc
1119 4210 1207 4261 inven-

47 4288 92 4327 rot.
118 4278 151 4327 D.
645 4282 697 4323 tum
715 4284 760 4333 eat,
777 4274 842 4338 quod
859 4274 958 4323 daretur
976 4274 1007 4323 ad
1024 4274 1131 4323 nobilem
1150 4277 1206 4342 (qm

79 4346 119 4392 26.
140 4345 245 4405 Rogitas,
261 4340 444 4403 audooirrimet]
461 4340 550 4389 Tourm
567 4339 612 4389 hoc
644 4339 873 4388 declurarcturadeo
888 4338 1002 4388 nobilem.
1030 4339 1094 4389 Vide
1103 4343 1205 4406 anprai.

49 4408 158 4458 terribile
169 4416 208 4457 eat
224 4407 250 4454 in
266 4420 337 4469 gestu
348 4422 375 4453 ac
388 4404 456 4453 vultu
475 4404 575 4469 Pythie,
588 4414 613 4455 at
645 4406 668 4452 2.
682 4404 757 4464 122).
779 4404 1012 4453 D.-0mneocodd
1042 4408 1204 4456 raeterBemb.

48 4470 252 4525 nimiauaitatum
264 4480 291 4520 et
299 4470 437 4520 femineum.
462 4470 494 4519 D.
645 4468 1014 4533 etunumeltcgimltieutti
1042 4476 1141 4521 rescivit.
1164 4474 1193 4521 11.
