2834 4759
200 80 270 145 ΒΕ.
288 78 321 144 0
336 77 446 157 stulte,
460 78 553 144 tude
567 78 702 164 psaltria
715 98 765 143 me
781 78 918 143 somnias

198 177 330 263 Agere3
353 176 417 243 hoo
431 187 601 263 peecatum
614 178 648 241 in
662 178 818 263 virginem
833 186 884 241 eat
898 176 1009 241 civem.
1047 175 1110 241 Mt.
1127 174 1213 243 Scio.

199 277 270 342 ΒΕ.
286 275 375 353 ouo,
389 276 453 342 scia
464 287 498 341 et
511 279 647 361 pateret
678 275 742 342 Mn
759 275 883 349 Quidni
896 275 1025 361 patiar?
1057 274 1124 340 ΒΕ.
1142 276 1206 342 Dic
1218 277 1260 341 mi

196 374 278 439 Non
292 373 433 440 clamas?
455 398 521 440 non
534 376 680 441 insania?
717 370 781 439 ΜΕ.
799 373 886 439 Non.
927 373 995 438 ΒΕ.
1017 372 1130 439 Malim
1144 375 1261 461 quiden

158 486 188 533 ιο
200 472 290 538 Puer
299 485 396 537 natue
407 484 468 537 est.
502 473 566 538 Mt.
583 473 630 538 Di
639 473 723 539 bene
735 482 873 538 vortant.
906 472 973 537 ΒΕ.
991 471 1096 557 Virgo
1108 472 1261 539 nihilhab

199 570 266 635 Mn
282 571 414 635 Audivi.
453 570 520 635 ΒΕ.
537 570 585 636 Et
600 572 750 637 ducenda
764 571 974 636 indotata’stt
1012 569 1075 635 Mr.
1091 570 1231 637 Scilicet.

200 669 271 735 ΒΕ.
288 668 378 743 Quid
392 692 478 735 nunc
492 669 704 737 firturum‘stt
741 669 805 735 Mt.
823 666 863 733 Id
878 670 961 734 enim
974 668 1063 754 quod
1077 690 1129 734 rea
1143 670 1215 756 ipsa
1228 669 1265 735 fei

198 766 292 833 Illinc
306 767 371 833 huc
386 770 599 835 transferetur
613 771 714 855 virgo.
752 768 819 833 ΒΕ.
837 767 870 833 0
884 767 1056 853 duppiter!

197 866 341 931 Istocine
355 876 453 951 paeto
467 872 618 953 oportet?
657 869 721 934 Mr.
738 866 828 941 Quid
844 866 957 931 faciam
971 864 1130 951 amplius?

158 978 186 1025 tt
199 966 270 1031 ΒΕ.
288 964 377 1039 Quid
392 965 514 1031 facies?
537 968 564 1031 si
578 990 643 1031 non
656 968 729 1053 ipaa
743 988 778 1032 re
793 967 853 1031 tibi
866 968 950 1030 istuc
964 963 1064 1044 dolet,

198 1062 359 1129 Simulare
374 1075 462 1131 certe
477 1077 528 1129 est
542 1065 690 1131 hominis.
729 1064 793 1130 ΜΕ.
810 1064 900 1139 Quin
909 1064 977 1148 jam
992 1064 1145 1148 virginem

197 1162 392 1249 Despondit
416 1184 467 1229 res
483 1166 659 1250 composita
672 1175 742 1230 est:
764 1164 848 1229 fiunt
861 1162 1001 1247 nuptiae:

196 1261 315 1327 Demsi
324 1272 445 1327 metum
453 1284 591 1327 omnem:
607 1262 788 1348 haecmagis
797 1260 1027 1327 sunthominis.
1055 1259 1122 1327 ΒΕ.
1133 1260 1273 1325 Caeterur

157 1372 300 1438 possibilem
311 1372 359 1422 cibi
370 1372 437 1434 (ficri
448 1376 517 1432 unat,
528 1382 552 1423 et
560 1382 641 1437 postca
651 1377 719 1423 bilem
751 1372 899 1423 AEaclrinua:
921 1380 946 1421 ct
965 1370 1011 1421 hoc
1033 1372 1134 1421 verbum
1155 1370 1273 1421 ueceaaita

157 1439 206 1501 ejus
221 1441 269 1487 atti·
287 1436 329 1499 Z.)
347 1438 460 1502 mitigare
477 1448 557 1503 queat.
592 1439 656 1487 Nam
672 1443 719 1488 acio
750 1438 800 1487 vim
823 1438 908 1486 habet:
937 1446 971 1495 ut,
995 1436 1052 1485 AEn.
1075 1436 1110 1486 xi.
1130 1438 1185 1485 280.
1224 1437 1274 1485 Pon

158 1504 187 1551 ad
202 1501 298 1567 negotii
308 1502 383 1552 totius
400 1502 535 1567 gestionem
552 1503 650 1553 retulit:
669 1520 718 1553 non
753 1503 851 1565 Trojano
867 1506 897 1551 ab
913 1518 966 1566 rege
978 1504 1107 1565 patenulam.
1132 1502 1275 1551 D.-Duccn

158 1568 187 1615 ad
198 1567 259 1617 illud
271 1567 337 1630 quod
348 1568 389 1626 ait,
401 1570 485 1617 Nesco
496 1572 536 1631 qui
545 1572 582 1616 etr
591 1572 630 1617 n‘t.
652 1570 684 1619 D.
750 1566 897 1629 indototo'at]
910 1567 975 1631 Lege
993 1567 1083 1625 Attica,
1095 1566 1116 1615 ai
1131 1566 1185 1631 quia
1201 1564 1276 1631 puella

188 1634 380 1682 6.Pr00uoatri
389 1648 481 1691 omnes,
489 1637 534 1682 At.
543 1632 616 1682 Forte
623 1642 716 1682 utrum·
751 1632 933 1696 devirginaatet,
952 1634 1004 1695 ejus
1022 1632 1037 1689 ἡ
1057 1629 1136 1692 γόμον
1154 1630 1271 1695 ἄπροικον,

158 1712 202 1759 que
212 1708 250 1747 eat
261 1697 430 1752 retinendum:
442 1707 470 1746 ut
476 1699 570 1747 Dernea
580 1714 632 1763 prae
642 1698 718 1747 animi
751 1692 851 1745 odram
858 1697 947 1759 eligere
957 1697 1094 1760 cogebatur.
1119 1696 1212 1761 Syrien.
1224 1696 1278 1760 Sept

157 1762 237 1811 dolore
247 1762 295 1811 vix
304 1762 371 1825 loqui
386 1762 465 1827 poaait
479 1763 532 1812 aine
549 1764 718 1825 interjectione
751 1760 776 1811 in
796 1762 945 1826 Hermogen.
964 1761 1042 1810 Plaut
1060 1761 1142 1810 Aulul.
1160 1761 1192 1809 iv.
1212 1763 1247 1808 10.
1268 1762 1278 1808 i

159 1827 267 1876 dolentia
295 1827 324 1875 B.
750 1830 845 1889 Siquid
856 1830 1138 1891 egoergateimprudena
1151 1830 1279 1889 peccarit

191 1895 213 1940 8.
230 1896 306 1942 nto!
322 1895 367 1941 teis
386 1899 410 1941 at
425 1891 542 1955 pateret]
566 1894 622 1942 lam
640 1902 665 1941 et
683 1893 719 1943 illi
750 1900 846 1955 gnatam
867 1901 936 1948 tuom,
960 1894 992 1939 Ut
1011 1894 1066 1939 miii
1086 1896 1196 1955 ignoscan
1216 1907 1279 1955 eamq
1309 1918 1310 1926 .

161 1955 278 2016 inanitur,
286 1972 336 2005 non
343 1956 504 2022 (addentium)
512 1957 636 2007 AEachino.
654 1959 720 2007 Ι).-
752 1974 841 2005 acorem
852 1960 908 2005 mvii
918 1960 964 2016 dcc,
975 1964 1002 2005 ut
1012 1955 1168 2019 legeajubcnt.
1185 1955 1281 2003 L.-Po

163 2022 244 2071 Nostri
253 2026 323 2079 Elio,-
335 2022 613 2087 aedmeliua'liembinua
623 2026 677 2072 Oto.
690 2024 719 2073 B.
752 2023 886 2070 indototo'at
898 2021 954 2070 tolle
966 2032 1048 2070 notam
1065 2018 1268 2084 interrogationis,
1280 2036 1282 2057 t

192 2088 214 2136 9.
226 2090 297 2136 Non:
313 2090 391 2135 molita
400 2086 504 2151 quidem]
515 2087 566 2135 Alii
575 2088 660 2136 volunt
669 2087 719 2136 Mi·
750 2085 815 2135 infra
825 2088 862 2135 33.
886 2086 915 2134 Β.

163 2150 254 2200 cionem
277 2152 367 2208 dicere,
387 2154 469 2201 Malim
484 2154 589 2215 quidem
608 2152 650 2201 alii
667 2154 718 2201 De·
787 2153 822 2200 12.
837 2153 899 2203 Quid
907 2148 1152 2213 nuncfuturomestt]
1165 2150 1236 2198 More
1245 2148 1283 2197 ira

164 2231 246 2266 meam.
273 2216 476 2266 D.-Bcntleiua
498 2233 553 2266 curn
577 2218 672 2267 Faerno
694 2226 720 2267 et
751 2216 865 2273 centium,
876 2231 949 2279 quum
959 2216 1012 2281 ipae
1021 2214 1119 2265 sciverit
1130 2214 1188 2277 quid
1199 2214 1284 2263 litturui

165 2280 260 2331 Mureto
267 2282 361 2331 rectiua
373 2283 448 2331 verba
463 2284 546 2330 Malim
561 2286 650 2344 quidem
668 2282 717 2331 Mi·
752 2282 790 2339 ait,
804 2281 936 2330 Micionem
948 2280 1088 2344 interrogat
1123 2280 1156 2328 Et
1169 2279 1285 2341 hujusmet

164 2346 224 2395 tioui
232 2362 330 2411 quoque
338 2347 430 2395 tribuit
452 2347 515 2395 Nam
527 2346 618 2396 mitiori
629 2348 718 2396 Micio·
751 2345 915 2409 interrogatio,
927 2346 1060 2394 seeundum
1072 2346 1248 2409 figuramsuam
1258 2360 1286 2392 no

165 2411 201 2459 uia
211 2412 311 2525 ³3⁹⁰?
326 2412 404 2476 magia
416 2413 547 2461 convenire
560 2424 618 2461 tunt
634 2412 719 2461 existi-
751 2410 838 2524 hibet1i
840 2410 1053 2523 {⁸⁸P0035‘3fflf5.
1064 2410 1114 2491 sed⁸
1124 2408 1200 2485 Micio
1216 2408 1251 2522 {lc
1267 2425 1287 2522 rIt

165 2490 217 2524 tuan
302 2511 309 2524 .
751 2491 812 2524 son
851 2511 857 2533 ,
886 2490 994 2524 uastum
1022 2486 1130 2524 reiterrn
1147 2489 1244 2524 urren.

194 2542 229 2589 111.
246 2544 311 2590 Puer
326 2549 396 2589 natat
411 2550 453 2590 eet.
475 2543 510 2590 Di
526 2544 580 2590 benc
595 2540 719 2607 ocrtcntt]
763 2492 823 2588 Ρ13.
843 2493 912 2589 Illinc
923 2544 967 2589 ltuc
988 2492 1147 2603 tllangseret'urq
1154 2538 1230 2602 uirgo]
1250 2540 1288 2587 Vir

164 2604 210 2653 llic
224 2607 289 2655 bono
300 2606 415 2669 exemplo
426 2605 550 2655 inducitur
568 2606 645 2655 Micio
657 2606 719 2655 iraa-
750 2610 826 2669 ginem
842 2620 896 2669 quae
916 2605 989 2653 etiam
1008 2620 1063 2653 cum
1083 2605 1136 2653 viro
1154 2603 1208 2661 luit,
1229 2620 1287 2653 voca

163 2680 253 2719 tentem
259 2673 329 2734 juste
342 2670 459 2720 Demeam
471 2670 559 2719 leniter
569 2670 718 2734 ferrezquia
751 2670 837 2734 virgit
850 2670 997 2721 Ect.vi.47.
1014 2672 1134 2733 Atalmo
1145 2667 1244 2731 trifelt'c!
1271 2670 1290 2717 t

164 2736 298 2784 exanimato
308 2736 342 2784 ob
352 2750 480 2784 moerorem
492 2751 541 2783 non
554 2735 668 2785 convenit
679 2736 718 2784 in·
785 2738 821 2783 14.
837 2736 971 2797 otupptter
979 2740 992 2782 !·
1006 2738 1099 2784 tatuvino
1109 2742 1177 2797 pacto
1185 2737 1290 2795 oportet?

164 2799 290 2850 elementer
310 2801 349 2848 ire
370 2800 473 2857 obviam,
496 2816 571 2864 quum
592 2801 670 2865 poaait
691 2801 719 2850 in
753 2802 917 2863 otuppttert
939 2799 1029 2863 tragice
1051 2799 1139 2862 adjecit
1160 2814 1175 2848 a
1198 2798 1291 2848 Micion

164 2872 268 2929 tempore
289 2865 422 2929 objurgari,
444 2876 571 2930 postquam
597 2866 718 2914 deatoma-
751 2880 836 2914 versun
860 2865 962 2925 (evermo
984 2864 1032 2923 Z.).
1061 2867 1158 2913 Istocine
1178 2872 1252 2926 pacto,
1275 2878 1292 2910 a<

165 2928 243 2979 ehatm
269 2930 353 2979 fuerit.
397 2931 431 2978 Et
453 2930 509 2979 vide
530 2945 602 2994 quam
624 2931 718 2979 facete:
751 2928 832 2995 ipsum
846 2930 976 2979 Micionem
989 2929 1122 2993 respiciens
1132 2928 1202 2977 dixit.
1227 2929 1257 2977 D.

165 2994 563 3055 quumillePuernataaeat,ada
609 3007 718 3044 mentum
786 2997 822 3042 lt.
835 2993 1219 3057 Sinonoeipaotitiittucdolct]
1234 2994 1291 3042 Nun

165 3058 218 3106 mali
233 3059 360 3109 attulerit:
377 3060 418 3108 hic
434 3060 468 3108 ita
484 3075 571 3123 reapon
590 3061 616 3118 it,
633 3076 717 3123 quem·
750 3076 797 3108 rem
813 3074 858 3123 pro
874 3063 969 3108 ueritate
986 3060 1073 3124 posuit.
1100 3060 1294 3120 D.-—Sinonipn

166 3122 288 3174 admodum
298 3124 379 3173 uolent
386 3124 430 3182 illi,
440 3125 528 3189 quibua
536 3124 642 3187 puellam
651 3126 718 3173 nasci
750 3142 775 3172 re
791 3128 835 3173 tibi
851 3129 910 3173 istuc
925 3128 999 3173 dolet:
1017 3128 1123 3173 simulare
1139 3132 1200 3173 carte
1216 3133 1251 3172 cat
1266 3127 1295 3172 lo

165 3190 333 3247 uenientibus,
354 3190 484 3238 nunciatur
509 3204 612 3253 puerum
634 3200 718 3238 natum
751 3188 831 3252 minu]
852 3189 877 3237 Si
897 3205 946 3238 non
964 3204 991 3238 re
1007 3205 1065 3237 vara
1081 3189 1125 3237 tibi
1143 3189 1215 3247 dolet,
1233 3188 1296 3237 debe

166 3266 222 3301 tate.
254 3255 321 3303 Nam
338 3254 364 3302 in
380 3255 492 3303 omnibus
509 3270 563 3316 qua
577 3254 660 3319 cupite
677 3270 718 3303 ee·
751 3254 835 3303 saltem
853 3254 892 3302 vel
909 3254 1007 3318 lingere.
1031 3254 1204 3305 E.-Verbum
1220 3257 1297 3317 rogito

167 3318 242 3367 nerim
250 3316 343 3383 (cupita
353 3318 485 3381 motat),
504 3322 547 3367 Dii
557 3322 611 3368 tene
621 3328 719 3379 ocrtont,
747 3328 801 3381 post
816 3317 902 3383 sociat,
920 3319 984 3382 quod
1005 3320 1077 3383 vulgo
1096 3319 1123 3368 in
1145 3319 1212 3367 codd.
1231 3328 1297 3367 extat

167 3380 212 3430 diei
221 3384 295 3432 uolet:
312 3383 371 3447 quia
381 3400 446 3449 caepe
457 3384 567 3433 homines
578 3400 607 3433 ea
618 3396 717 3449 optave-
750 3394 816 3432 recte
825 3384 852 3432 in
865 3382 948 3433 Bemb.
961 3385 1041 3433 abest:
1059 3399 1116 3432 narn
1128 3384 1207 3433 versui
1217 3398 1298 3449 repug-

167 3458 227 3504 runt,
238 3464 292 3511 quae
303 3448 359 3497 aliia
367 3446 440 3513 (tttts)
451 3450 522 3497 aliter
532 3459 605 3512 atque
616 3464 717 3513 exapec-
750 3458 800 3497 nat.
824 3449 852 3497 B.

168 3520 281 3571 mount,
293 3514 460 3577 contigiment.
482 3514 562 3570 Quam
573 3524 718 3578 potestatem
785 3515 821 3562 16.
835 3516 948 3563 Simulare
956 3522 1016 3562 certe
1027 3521 1062 3562 eat
1072 3512 1179 3577 tonino]
1193 3513 1249 3561 Non
1260 3511 1300 3560 ho<

167 3590 244 3625 rerum
266 3580 414 3627 vertentium
442 3590 520 3627 temet
543 3579 569 3627 in
592 3589 718 3642 utramque
750 3577 819 3637 dixit,
831 3578 887 3642 quia
898 3577 1003 3627 hominis
1014 3588 1051 3627 eat
1062 3578 1174 3627 mentiri:
1192 3577 1235 3626 aed
1249 3576 1301 3639 quia

168 3650 263 3703 putem
271 3643 409 3692 vertunno
417 3643 471 3692 Deo
481 3658 608 3707 superesse
617 3646 718 3706 (autom
750 3658 814 3707 saepe
832 3641 963 3691 iracundia
979 3642 1108 3701 simulatio,
1128 3641 1236 3691 custodia
1255 3640 1301 3690 dia-

170 3703 215 3765 Z.),
228 3716 324 3757 vetere·
337 3708 544 3757 existimaverunt.
581 3711 721 3772 Vargoui'ht't
750 3708 847 3773 ciplinae
859 3718 902 3757 eet.
926 3708 956 3755 D.

169 3770 243 3834 laid]
265 3773 328 3822 Vult
346 3788 398 3821 rem
418 3774 473 3822 aine
494 3774 602 3822 remedio
623 3773 717 3823 viderit
785 3773 821 3824 17.
834 3776 887 3822 Jam
902 3776 1011 3835 virginem
1027 3774 1152 3835 despondi:
1169 3787 1205 3820 rea
1220 3786 1303 3834 cumpo·

170 3834 349 3945 {muttitpoaae
356 3838 449 3903 nuptiia
458 3838 522 3887 finiri
531 3837 717 3887 aolicitudiuem.
751 3840 797 3886 alto
807 3846 857 3887 cet.-
869 3840 931 3899 fluat
941 3836 1039 3900 nupta]
1053 3838 1092 3886 Ne
1103 3836 1201 3893 dlceret,
1211 3838 1304 3897 dornon-

193 3908 203 3946 t
227 3901 281 3950 lide
304 3902 491 3952 amaritudinem
515 3903 614 3951 Demere
634 3914 720 3952 centn
751 3905 783 3961 dt,
796 3901 990 3965 commiscuit.
1025 3900 1058 3950 Et
1072 3904 1193 3963 derpondct
1205 3903 1305 3963 puellm

109 4011 110 4024 ,
171 3976 351 4024 mutnet
361 3967 451 4031 virgini
462 3967 510 4033 ipsi
521 3977 611 4032 parcat.
638 3969 669 4017 D.
752 3967 793 4029 qui
805 3967 878 4031 petit:
896 3970 990 4029 apmdct
1004 3980 1019 4014 a
1035 3982 1082 4030 quo
1097 3966 1195 4030 petitur.
1230 3966 1306 4014 llecte

109 4067 110 4096 3
198 4030 232 4076 11.
242 4031 339 4095 Audiui]
351 4034 461 4095 Ἀφελῦς
469 4042 558 4081 etcum
568 4034 721 4095 ἔξουθενισμᾷ
752 4047 810 4096 ergo
821 4030 998 4090 socerl'uturu,
1011 4034 1126 4094 despondi,
1137 4030 1206 4080 dixit.
1231 4031 1262 4079 D.

109 4101 110 4106 ’
172 4095 368 4156 mpondendum
385 4097 453 4161 qumi
469 4098 522 4146 leve
539 4099 578 4154 ait,
595 4098 659 4161 quod
675 4098 718 4146 ad·
786 4098 822 4146 18.
835 4100 894 4146 Haee
909 4099 983 4159 magia
998 4106 1052 4145 runt
1068 4094 1176 4160 luminii]
1189 4096 1306 4145 Benene-

173 4157 267 4207 mittuut
287 4161 326 4209 ait.
370 4164 403 4210 Et
424 4165 526 4210 ducenda
548 4166 651 4211 indotata
671 4161 718 4225 eat]
751 4162 814 4226 petit
824 4165 934 4211 laminis:
951 4160 992 4209 ille
1004 4162 1070 4211 enirn
1081 4160 1183 4221 dixerat,
1196 4164 1307 4211 Sinelon

176 4220 285 4274 Ducenda
308 4225 407 4286 scilicet,
436 4228 484 4276 nini
510 4228 660 4277 damnandus
687 4228 720 4276 ait
751 4230 978 4277 ccertccetlcninia.
1002 4226 1033 4275 D.
