2834 4759
596 632 1011 702 ARGUMENTUM.

263 804 406 854 Virtarau
423 802 450 852 in
461 801 568 853 tenebris
584 812 642 852 ante
659 800 764 867 nuptias,
780 800 820 851 cui
832 802 949 851 annulum
966 808 1108 860 extorserat,
1125 800 1279 851 meretricem
1295 814 1366 848 amaus

230 886 289 935 dum
300 886 396 950 ignorat
408 885 557 951 Pamphilus,
569 884 640 934 duxit
650 900 751 933 morem
762 884 887 949 gravidam
899 900 930 933 ex
941 899 1081 949 compressu
1096 898 1147 932 suo.
1180 882 1264 938 Quam
1279 896 1366 950 peregre

229 968 360 1033 proiectura
371 982 446 1031 quum
457 965 595 1031 reliquisset
612 965 686 1024 domi,
696 964 795 1014 rediens
811 965 947 1031 parientem
959 964 1059 1014 offendit
1070 963 1151 1013 furtim
1164 974 1189 1013 et
1200 964 1269 1028 apud
1279 972 1367 1011 mancae

230 1064 307 1098 suam
340 1050 396 1104 Qua
412 1064 439 1097 te
458 1057 600 1105 commotus,
620 1046 679 1096 dum
699 1046 837 1112 repudium,
856 1045 940 1096 invitia
958 1046 1101 1111 parentibus
1120 1054 1146 1095 et
1165 1060 1266 1095 cauum
1284 1040 1367 1108 repudii

230 1128 402 1187 nescientibus,
420 1138 498 1194 parat.
516 1144 561 1193 per
580 1126 741 1187 meretricem,
760 1127 826 1193 apud
842 1143 915 1191 quam
932 1125 1037 1177 muulue
1053 1126 1169 1176 iuventus
1189 1137 1238 1185 eat,
1258 1123 1369 1191 cognoscit

230 1210 330 1259 tandem
345 1210 382 1269 ita
396 1225 412 1259 a
426 1225 454 1259 se
468 1200 819 1267 vitiatamnxosemctexse
834 1206 1016 1257 nammfilium.
1048 1205 1368 1269 Psimacomcolloquitm

230 1291 341 1340 continet
349 1286 483 1340 meretricis
492 1290 622 1340 Philotidis
631 1305 660 1339 ac
669 1288 732 1338 lente
741 1289 808 1353 Syru
818 1288 883 1337 iuter
891 1304 918 1338 sc
928 1287 1042 1353 primum,
1051 1288 1139 1338 deinde
1147 1304 1204 1337 cum
1214 1288 1367 1337 Parmenone:

230 1381 259 1421 ut
275 1386 321 1438 per
336 1372 423 1421 harum
438 1386 562 1437 muas,
574 1386 628 1435 quse
643 1369 782 1434 πρακτικαὶ
799 1370 921 1429 dicuutur,
938 1378 1107 1434 argumentum
1125 1380 1251 1437 spectator
1267 1369 1368 1419 addiscat
1414 1371 1415 1391 ¹

231 1455 330 1503 &condi
347 1462 416 1502 actus
429 1461 500 1501 tenor
515 1451 542 1501 iu
558 1450 604 1500 hoc
615 1459 666 1508 est;
683 1450 830 1500 immeritam
847 1466 956 1509 uxorem,
968 1450 1044 1500 veluti
1060 1451 1149 1500 malem
1164 1466 1272 1510 merum,
1287 1458 1370 1501 accunt

231 1534 340 1583 Laches:
357 1543 384 1583 et
398 1533 514 1583 convenit
530 1533 680 1599 Phidippum
697 1532 729 1581 de
741 1532 825 1581 eadem
840 1548 920 1582 causa
954 1532 1042 1581 Statim
1053 1542 1110 1598 post
1119 1548 1225 1597 quorum
1237 1532 1371 1596 colloquium

230 1614 373 1679 conquestio
380 1613 506 1664 inducitur
520 1614 642 1673 Sostrstte
654 1614 719 1677 quod
729 1612 815 1663 Qum
826 1613 920 1664 crinon
936 1613 1131 1678 invidiosumque
1142 1614 1273 1665 sustineat.
1307 1614 1371 1663 rats

231 1695 297 1745 actiui
318 1695 371 1745 htec
393 1695 577 1745 adscrihuumr:
601 1694 744 1759 conquestio
763 1694 886 1760 Pamphili
905 1710 1008 1760 peregre
1030 1694 1162 1754 redeuntis,
1183 1695 1216 1745 de
1237 1711 1318 1747 amore
1335 1710 1370 1743 acc

230 1777 296 1827 circa
314 1792 429 1826 uxorem:
452 1775 576 1841 penitudo
594 1774 760 1825 Philumenae:
785 1776 900 1825 Sostratae
921 1776 996 1825 verba
1014 1792 1088 1842 super
1107 1776 1282 1841 mgrimdinem
1301 1790 1372 1829 oum

231 1873 305 1922 quam
321 1857 406 1906 morbo
416 1856 495 1907 credit
504 1856 632 1905 afflictam:
650 1856 722 1905 fletus
734 1855 855 1923 Pamphili
868 1856 979 1917 errantis,
991 1872 1065 1921 quum
1076 1867 1148 1923 putat
1158 1872 1210 1906 nou
1222 1874 1297 1923 canae
1308 1856 1372 1905 filium
1415 1864 1416 1867 ’

232 1950 318 1989 natum
341 1956 413 1988 ease:
441 1938 588 2002 colloquium
611 1936 772 1987 Parmenonis
791 1954 846 1986 cum
869 1938 953 2004 pueris
974 1954 990 1988 a
1011 1939 1069 1987 navi
1091 1938 1259 1999 venientibus,
1280 1948 1307 1988 ut
1327 1950 1373 1986 mox

231 2020 345 2084 loquanu·
367 2036 423 2069 oum
439 2019 493 2085 ipso
509 2018 624 2081 (Rectius
646 2019 695 2068 Ma.
707 2027 732 2067 et
746 2036 796 2068 asos
812 2036 862 2068 csta
878 2022 927 2081 ipso
943 2016 985 2084 L.)
1002 2018 1143 2085 Pamphilo;
1160 2035 1176 2069 s
1194 2035 1245 2084 quc
1262 2020 1289 2069 in
1305 2033 1372 2068 arcem

230 2102 355 2159 mittimrt
383 2102 442 2151 item
465 2101 587 2161 Lwhotis,
606 2097 780 2165 Phidippique‚
802 2109 828 2150 ct
851 2100 972 2166 Pamphili
995 2102 1070 2149 socha
1091 2099 1122 2149 de
1143 2100 1327 2151 reconcilianda
1345 2098 1374 2146 illi

232 2185 350 2247 conjunct
367 2193 494 2232 eteorum
511 2181 647 2232 miuvicem
662 2180 770 2246 litigiosa
783 2179 909 2231 dissensio.
945 2181 1058 2235 &armas
1074 2193 1155 2232 ectum
1174 2182 1228 2233 haec
1245 2182 1372 2248 complent:

231 2263 383 2330 perturbatio
401 2264 536 2328 Myrrhina
551 2279 583 2312 ex
599 2262 740 2312 interventu
755 2262 852 2319 meriti3
871 2272 896 2311 et
913 2263 1021 2325 ejusdem
1039 2280 1095 2313 cum
1113 2279 1142 2313 eo
1158 2263 1235 2315 nimis
1252 2264 1337 2314 collida
1352 2277 1374 2309 so

233 2345 359 2396 muliebris
380 2344 476 2394 astutioe
496 2344 654 2410 disceptatio:
679 2342 801 2403 Sosnstae,
825 2342 954 2408 Pamphili,
976 2343 1138 2408 Lachetioque
1160 2345 1323 2411 colloquium:
1344 2343 1374 2392 io·

233 2426 346 2476 clamatio
367 2426 446 2492 penis
467 2437 493 2476 et
511 2426 589 2475 soceri
610 2426 740 2475 maenum
761 2424 917 2490 Pamphilum
938 2441 1039 2475 uxcmm
1062 2436 1232 2477 recusantem:
1258 2425 1375 2477 conventio

233 2508 369 2558 meretricis
379 2506 544 2573 promittentis
555 2523 582 2556 se
596 2505 767 2570 jtujuraudum
784 2504 901 2555 matronis
913 2506 1076 2557 exhibiturum
1092 2508 1123 2557 de
1134 2522 1184 2557 ocu
1201 2507 1309 2558 admisso
1319 2506 1347 2557 sd
1355 2521 1376 2555 ae

235 2588 370 2655 Pamphilo.
405 2589 435 2637 lu
452 2592 531 2652 quinto
547 2599 602 2637 ectu
623 2586 753 2636 Bacchidis
769 2586 876 2636 amatio
893 2587 925 2636 de
940 2586 1007 2637 intua
1023 2588 1107 2652 gestis,
1124 2598 1150 2637 et
1164 2589 1315 2654 colloquium
1329 2602 1375 2637 cun

235 2670 388 2720 Parmenone
409 2666 552 2725 inducitun
576 2682 649 2732 quem
671 2666 789 2717 nundum
810 2666 887 2717 mittit
908 2668 940 2717 ad
963 2668 1135 2734 Pamphilumt
1163 2670 1335 2737 Pamphilique
1352 2666 1377 2716 ad

234 2748 348 2800 ultimm
363 2749 427 2799 actio
443 2749 576 2815 gratiarum
592 2749 658 2815 apud
672 2747 752 2814 ipsam
770 2748 922 2799 lleochidem.
957 2750 1036 2799 Docet
1053 2761 1135 2801 sutem
1152 2752 1245 2811 Varro,
1263 2749 1376 2816 uequciu

234 2830 280 2880 hac
296 2831 383 2892 labda,
400 2847 479 2895 neque
495 2830 522 2879 in
538 2830 593 2880 aliis
609 2846 663 2879 ease
678 2829 825 2887 mirandum,
842 2831 906 2894 quod
926 2840 994 2881 sotus
1010 2831 1117 2896 impares
1133 2848 1265 2883 scenarttm
1284 2832 1375 2899 pagiua·

234 2928 337 2978 rumque
347 2914 398 2963 siut
408 2928 523 2963 numeros
540 2927 615 2977 quum
625 2912 678 2961 huc
688 2910 829 2961 distributio
842 2911 870 2961 iu
886 2927 968 2963 rerum
985 2912 1156 2979 descriptione,
1171 2930 1223 2965 uon
1241 2915 1270 2965 iu
1286 2926 1377 2965 numm

235 3010 350 3045 nauum
360 2994 494 3045 constituto
504 2992 552 3049 titt
569 3008 619 3042 uon
630 2993 696 3058 apud
707 2992 809 3042 Latinos
820 2993 901 3053 modo,
912 3009 998 3043 verum
1008 2994 1083 3044 etium
1092 2994 1157 3061 opud
1168 2997 1272 3047 Graecos
1282 2995 1350 3062 ipsos

477 3303 671 3365 FABULAE
698 3302 1142 3369 INTERLOCUTORES.

160 3530 164 3536 .
270 3482 401 3541 Baccara
412 3486 541 3541 maio.
693 3484 841 3543 Pautaattc
853 3504 950 3543 mss.
1040 3488 1238 3547 Sonam

270 3570 482 3628 hacassmc.
693 3572 956 3629 Parmenonem.
1037 3574 1186 3633 Sosreara
1198 3578 1299 3634 nolin.

271 3656 553 3715 Mrauusaasttsls'er.
694 3658 977 3717 Putuortaraershiu.
1038 3660 1202 3721 Sinuessa.

270 3743 447 3802 Patsonteos
456 3744 611 3802 αὼὶαωη.
691 3744 876 3803 Patuuuatta
886 3748 1014 3807 mos.
