2834 4759
204 62 301 127 Sensi
315 62 398 127 illico
413 62 448 127 id
462 60 531 127 illas
548 64 724 148 suspicari,
748 62 807 127 sed
821 85 871 127 me
887 62 1082 147 reprehendi
1095 72 1213 142 tamen,

158 176 189 222 15
203 164 260 227 Ne
275 163 353 247 quid
369 162 410 227 de
425 162 525 227 fratre
541 161 679 246 garrulae
694 161 739 227 illi
754 163 905 239 dicerem,
921 184 958 227 ac
973 162 1068 227 lieret
1082 160 1199 248 palam.

202 262 305 327 Nunc
327 263 405 347 quid
427 261 562 327 faciam?
592 263 696 327 dicam
717 262 826 326 fratris
848 262 945 325 esset
975 260 1009 324 id
1030 260 1160 345 quidem
1181 261 1276 325 minin

269 370 320 425 est
336 382 418 445 opus

201 458 353 544 Usquam
367 457 495 525 efferri:
519 482 556 523 ac
571 460 681 523 mitto:
703 457 776 523 lieri
789 458 876 545 potis
891 468 953 536 est,
969 469 1006 522 ut
1021 481 1061 523 nc
1076 482 1141 543 qua
1154 471 1262 524 exeat.

200 556 316 642 Ipsum
331 557 365 622 id
380 568 488 621 metuo
504 570 540 622 ut
554 557 707 622 credant:
732 568 782 621 tot
795 567 992 621 concurrunt
1005 556 1204 622 verisimilia:

202 656 348 741 Egomet
371 658 485 741 rapui:
510 657 579 742 ipse
594 667 723 743 egomet
741 654 820 719 solvi
834 666 1022 738 argentum:
1046 655 1153 720 adme
1167 656 1280 722 abduc:

268 766 319 819 est
335 755 483 819 domum:

152 863 188 909 2⁰
201 850 288 917 Haec
302 854 384 917 adeo
399 876 471 917 mea
487 852 581 939 culpa
596 854 699 919 fateor
713 854 804 918 lieri:
827 876 892 918 non
906 876 957 918 me
972 854 1057 919 hanc
1072 876 1140 918 rem
1155 856 1251 939 patri,

202 949 292 1015 Utut
306 961 375 1015 erat
390 962 494 1035 gesta,
509 953 691 1017 indicasse?
715 974 900 1018 exorassem
916 966 952 1018 ut
967 975 1038 1018 eam
1052 953 1215 1018 ducerem.

201 1048 375 1113 Cessatum
382 1050 668 1133 usqueadhucest:
683 1052 1285 1137 nuncporro,AEschine,expergiscer‹

199 1146 311 1310 Nuppl
317 1146 380 1310 1}oe
395 1150 590 1234 primum'st:
613 1151 656 1215 ad
674 1150 753 1215 alias
772 1152 838 1229 ibo,
854 1163 891 1216 ut
909 1174 1044 1237 purgem
1064 1173 1136 1215 me:
1159 1150 1286 1215 accedas

340 1268 424 1311 ores.

200 1343 310 1409 Perii!
333 1344 488 1410 horresco
505 1368 641 1431 semper,
657 1349 715 1412 ubi
728 1347 855 1434 pultare
869 1348 968 1413 hasce
984 1347 1107 1432 occipio
1121 1347 1229 1412 miser.

151 1456 186 1502 25
203 1442 312 1520 Heus,
337 1442 438 1508 heus:
468 1442 648 1510 AEschinus
673 1468 736 1530 ego
763 1470 851 1527 sum;
880 1448 1003 1532 aperite
1026 1446 1140 1532 aliquis
1166 1457 1289 1513 actutur

266 1540 394 1605 ostium.

198 1638 319 1705 Prodit
332 1640 441 1705 nescio
455 1642 527 1725 quis
540 1667 548 1705 z
572 1642 748 1707 concedam
761 1640 837 1707 huc.

188 1810 228 1857 14.
242 1811 283 1858 Me
297 1809 444 1873 reprehendi]
460 1810 490 1858 V.
504 1811 536 1872 C.¹
548 1828 583 1860 me
593 1814 666 1874 pallio
679 1828 716 1860 re-
749 1828 837 1860 meam:
849 1827 881 1859 an
891 1809 1098 1873 ideoodme,quia
1107 1818 1133 1857 et
1144 1809 1194 1858 illic
1203 1809 1294 1859 luctatu

148 1877 275 1937 pretendi.
299 1875 410 1923 L—Pro
427 1878 561 1938 reprehendi
579 1886 629 1925 tres
647 1877 717 1925 codd.
749 1876 807 1925 leno
823 1876 903 1926 estin
919 1875 1048 1925 retinenda
1062 1884 1148 1923 contra
1164 1874 1295 1923 AEschinur

151 1956 213 1989 cum
228 1940 283 1988 edd.
299 1948 359 1988 vett
376 1940 467 1988 habent
483 1945 602 2003 repperiri.
636 1941 720 1990 Etiam
751 1941 852 2005 puellai
871 1942 1032 2003 D.—Egomet
1042 1938 1124 2003 rapui]
1137 1939 1254 1988 Priscian
1265 1940 1296 1988 lil

151 2005 240 2069 probe.
269 2004 359 2053 Heaut.
372 2005 387 2054 i
401 2007 423 2053 2.
437 2007 475 2053 25.
488 2016 513 2053 et
527 2006 590 2055 lieo.
605 2022 626 2055 v.
643 2008 663 2055 1.
679 2008 718 2055 39.
751 2006 803 2055 xiii.
828 2007 856 2055 L.

152 2070 183 2119 B.
784 2074 823 2120 21.
840 2074 897 2120 Uist
907 2079 958 2119 erat
970 2077 1044 2132 gesta,
1056 2071 1168 2117 indicasse
1177 2068 1204 2132 i]
1222 2068 1252 2117 Id
1264 2079 1297 2119 est

189 2136 229 2182 15.
248 2133 370 2198 Garralm]
387 2135 480 2200 Utpote
494 2150 555 2184 anus
568 2134 654 2198 (anui).
682 2140 719 2185 Ac
751 2134 803 2185 sive
814 2136 884 2194 male,
896 2136 949 2184 sive
960 2136 1022 2184 bene
1034 2144 1103 2197 gesta
1114 2142 1179 2182 eret:
1197 2142 1223 2182 ut
1234 2134 1298 2183 enirn

144 2203 220 2260 fleret
231 2198 324 2261 mium]
338 2200 438 2248 Demem
453 2200 552 2257 scilicet,
565 2201 604 2250 cui
616 2200 717 2249 minime
750 2211 841 2249 certam
856 2200 997 2265 qualitatem
1014 2199 1148 2263 significat:
1166 2206 1218 2247 utet
1228 2198 1299 2248 incer>

150 2280 218 2328 opus
229 2263 283 2312 luit.
307 2265 411 2313 D.—-Ne
421 2268 516 2328 quidde
526 2264 605 2328 fratre
613 2270 717 2329 garrula
750 2274 813 2320 tam;
840 2264 909 2330 quasi
926 2265 998 2323 dicat,
1016 2264 1120 2327 Quoquo
1139 2263 1219 2320 modo,
1237 2265 1299 2313 male

150 2332 190 2377 ilii
208 2328 323 2391 dicerem]
344 2330 466 2378 Convenit
485 2330 558 2389 enim,
576 2346 607 2379 ne
626 2331 716 2394 aliquid
750 2332 818 2379 bene.
852 2333 988 2379 lixarum
1010 2336 1037 2376 ai
1055 2345 1106 2377 eam
1127 2328 1243 2391 dsemem]
1267 2329 1301 2378 Sir

150 2395 265 2443 dicerem
286 2394 318 2441 de
340 2394 413 2443 fratre
430 2394 467 2443 illi
486 2396 582 2445 mulieri
604 2396 717 2460 garrulae,
750 2395 816 2443 enim
828 2396 972 2459 promiserat
983 2394 1134 2443 Sostratscse
1144 2392 1219 2442 fuisse
1230 2394 1301 2443 factu·

149 2460 174 2507 h.
190 2458 483 2523 e.verbosaeetloquaci.
508 2460 537 2508 E.
749 2475 811 2508 rum
834 2460 866 2508 D.

189 2524 228 2571 16.
241 2526 311 2571 Nune
322 2527 378 2586 quid
385 2522 488 2587 sarium]
502 2524 593 2589 Figura
606 2524 716 2589 διαπόρη-
783 2527 821 2573 22
834 2528 903 2573 Nemo
917 2540 993 2587 perro,
1008 2526 1125 2582 AEscirirse,
1138 2523 1303 2588 expergiscere]

149 2606 197 2638 σις.
221 2587 370 2651 D.-Nsme]
390 2589 540 2637 Deliberatio
556 2590 609 2653 ipsa
625 2606 716 2655 suppo·
750 2589 791 2637 Sic
802 2600 828 2639 et
842 2589 907 2647 alibi,
919 2592 1046 2647 Ertimoero,
1059 2591 1131 2645 Dave,
1143 2591 1203 2636 aiiii
1216 2591 1259 2636 ioci
1273 2605 1304 2637 en

148 2655 222 2703 nitur
242 2655 363 2717 Numquid
379 2656 461 2713 dicam,
482 2664 612 2718 catagam,
627 2654 717 2717 fratris
748 2658 942 2717 segnitiamque
951 2656 1066 2702 socordia.
1095 2653 1198 2715 Legitur
1209 2653 1304 2715 etjam:

147 2736 200 2768 esse
220 2722 301 2767 hanc?
327 2719 388 2766 llaec
406 2734 455 2767 non
473 2730 586 2783 oportent
604 2720 715 2778 indicari,
749 2720 814 2782 quod
825 2718 1177 2782 estcorreptivuminterdum.
1202 2717 1234 2766 D.

148 2800 182 2831 ne
201 2782 267 2831 fiant
283 2782 370 2847 palam.
405 2788 463 2847 Age,
482 2784 555 2832 celari
573 2784 651 2849 possit
666 2784 715 2833 ior·
781 2786 819 2833 23.
837 2787 906 2833 Nunc
922 2788 962 2831 hoc
975 2782 1087 2845 primm]
1103 2784 1213 2840 Primam,
1232 2784 1306 2831 abeo

148 2860 225 2896 mssa.
252 2848 417 2907 llludmetuo,
431 2848 578 2906 ancredant,
591 2849 654 2913 quod
666 2849 714 2897 ira-
763 2850 812 2897 nod
829 2848 951 2913 rogandus
970 2858 1008 2896 est
1024 2860 1101 2912 pater.
1142 2850 1256 2897 Accedam
1275 2850 1306 2897 ad

149 2914 183 2961 tri
199 2912 282 2978 rapui,
296 2912 387 2977 quippe
402 2930 457 2962 cum
473 2924 569 2977 egomet
582 2914 714 2978 rapuerim,
741 2865 820 2977 deret]
833 2915 948 2962 Sostrate
958 2912 1059 2962 scilicet.
1084 2914 1115 2961 D.

148 2994 198 3042 ego
215 2986 345 3041 argentum
364 2978 485 3036 solverim,
503 2980 533 3026 ad
551 2994 591 3027 me
611 2979 715 3027 adducta
780 2981 819 3026 24.
838 2981 951 3027 Horresco
969 2977 1068 3041 semper]
1087 2977 1152 3026 Satis
1174 2977 1305 3027 amatorie:

148 3043 254 3091 domurn
274 3042 313 3091 sit.
354 3042 456 3107 Repetit
476 3042 611 3103 eonsilium,
633 3056 661 3091 ut
683 3044 715 3092 ad
748 3057 805 3091 narn
821 3043 925 3091 nimium
941 3052 1091 3107 temperent
1105 3042 1178 3101 calor,
1190 3043 1306 3107 etirigus

148 3108 206 3156 illas
218 3116 339 3171 pergeret,
352 3118 378 3156 et
388 3123 414 3155 se
425 3120 548 3183 purgaret.
572 3108 713 3157 E.-Bent-
746 3108 839 3157 recedit
860 3108 931 3172 (leg.
952 3108 999 3165 vel,
1022 3126 1074 3156 sam
1094 3111 1119 3156 irs
1140 3111 1210 3156 simio
1231 3125 1306 3157 umore

149 3172 216 3220 leius
228 3188 286 3220 cum
301 3171 355 3220 aliis
369 3172 454 3231 edidit,
469 3176 552 3225 Dicam
561 3172 650 3235 fratris
666 3190 714 3222 esse
740 3171 822 3236 frigas
838 3182 879 3231 est,
896 3181 920 3221 et
935 3176 998 3221 color
1013 3176 1116 3221 recedit:
1138 3173 1185 3232 vel,
1206 3190 1260 3221 scm
1280 3177 1306 3221 ia

149 3240 230 3285 karse?
247 3238 438 3300 quodminims’si
447 3254 509 3300 opus.
533 3238 562 3285 Z.
747 3254 822 3286 umore
838 3241 932 3287 nimiam
947 3254 1034 3299 emper
1048 3245 1083 3287 ert
1097 3235 1185 3301 frigus,
1202 3246 1226 3286 et
1243 3241 1306 3286 calor

186 3303 225 3352 17.
253 3305 285 3350 Ui
305 3318 333 3349 ss
354 3320 400 3365 qua
420 3301 500 3366 creat]
524 3302 657 3366 Erumpat:
678 3312 713 3361 ut,
746 3302 900 3351 secessasct
915 3302 980 3351 Eun.
994 3302 1010 3349 i.
1025 3303 1096 3363 24.)
1111 3317 1250 3367 acorpore:
1268 3312 1304 3359 ut,

151 3366 211 3415 AEn.
224 3366 251 3414 ii.
264 3367 421 3430 illd-qaum
433 3382 537 3429 spuerem
552 3372 625 3415 onmis
638 3369 713 3425 Exiit,
750 3370 826 3425 Totae,
837 3369 956 3425 Parmeno,
968 3376 1039 3416 trem
1048 3370 1176 3430 horreoque,
1185 3375 1305 3430 postquam

149 3434 310 3495 oppositasque
317 3435 564 3495 evicitgurgitemolcs.
584 3432 712 3481 D.-Vul·
745 3438 825 3495 asperi
835 3436 901 3481 hane.
923 3432 955 3480 D.

148 3512 182 3559 go
199 3512 244 3559 nge
261 3500 343 3545 mitio:
361 3496 493 3545 Victoriam
514 3502 607 3546 emitto:
625 3497 711 3545 Bemli
778 3500 817 3545 25.
829 3500 925 3559 Aperite
935 3500 1020 3560 aliquis
1030 3494 1233 3559 aciutammtium]
1246 3494 1304 3544 Vim

149 3578 179 3610 ne
199 3565 272 3620 mitto,
288 3560 361 3609 utin
379 3562 477 3611 Phorm.
494 3579 523 3611 cc
537 3566 603 3611 mitto
618 3565 712 3625 imperi-
745 3562 864 3675 pluralem
886 3563 960 3610 habet
980 3564 1072 3625 aliquis,
1091 3561 1201 3624 quamvis
1219 3561 1302 3624 singu·

148 3643 194 3673 sm.
222 3626 249 3674 B.
756 3627 948 3676 ariterdicatur:
966 3627 1141 3675 nonestenim
1151 3625 1303 3689 aliquianisi

94 3708 95 3719 ³
184 3692 223 3738 18.
237 3692 353 3753 lpsumid
368 3696 487 3748 metuant
502 3689 609 3754 medani]
628 3694 712 3755 ipsum,
747 3692 777 3740 de
797 3691 893 3741 multis:
910 3701 978 3740 recte
994 3706 1053 3753 ergo
1069 3694 1157 3751 aperite
1176 3692 1261 3753 aliquis
1278 3700 1304 3738 et

148 3755 292 3819 quediratri
301 3757 383 3821 rapuit
402 3764 466 3822 etat,
477 3771 610 3819 proneam
620 3758 710 3822 posuit.
744 3772 814 3806 nove.
851 3757 915 3805 Nam
928 3756 1049 3818 (Uterque
1060 3754 1122 3804 liber
1133 3754 1207 3813 addit,
1219 3759 1302 3803 reteri-

151 3822 194 3867 Tei
211 3830 349 3871 mmmm
364 3820 511 3884 verisimilia]
535 3821 570 3869 Ut
585 3836 641 3870 mea
657 3836 712 3871 esse
745 3822 799 3884 iae)
819 3837 869 3870 nou
886 3820 966 3885 placet
985 3820 1053 3877 illud,
1073 3819 1116 3869 ubi
1134 3818 1303 3868 distinctiones

94 3904 96 3919 ι
148 3886 271 3935 credatur.
296 3886 329 3934 D.
677 3910 687 3929 ο
744 3900 815 3935 sunt:
831 3886 994 3948 undeoperite
1005 3895 1043 3933 est
1056 3884 1301 3947 assumatque.

184 3951 222 3999 19.
235 3954 276 3999 Aa
286 3968 322 3999 sse
332 3953 433 4011 abducta
443 3950 587 4015 andenam]
600 3950 710 4016 Proprie,
744 3956 854 4000 Actutum
876 3949 969 4013 uuum]
991 3949 1027 3997 Ut
1052 3961 1189 3999 assumatur
1210 3964 1302 4008 rursus,

150 4030 200 4065 non
212 4014 396 4073 dissitudinem
408 4016 576 4064 sedabducta:
589 4019 714 4065 adducitur
745 4020 852 4079 operim:
869 4015 967 4079 pmprie
978 4014 1045 4063 enim
1060 4023 1155 4063 veteres
1168 4023 1194 4063 et
1207 4018 1265 4077 quir,
1277 4026 1304 4064 et

150 4080 344 4135 enimslienums
357 4080 417 4129 utin
426 4081 712 4141 Heautontimorumeno,
745 4084 836 4144 aliquis,
848 4091 874 4129 et
884 4083 1010 4143 quisquam,
1023 4094 1072 4127 non
1084 4080 1245 4129 observabant
1255 4096 1304 4143 quo

150 4148 357 4194 aideeimastuem
367 4148 512 4203 Bacchidem.
535 4148 576 4193 Ad
585 4163 619 4194 me
630 4156 713 4195 autern
745 4162 842 4209 genere,
854 4156 953 4207 autquo
963 4159 1066 4193 numero
1076 4144 1234 4195 declinarent.
1258 4146 1305 4193 Est

150 4212 248 4267 domem
269 4209 395 4259 moraliter
414 4210 485 4268 dixit,
507 4224 553 4274 pro
576 4214 608 4259 nd
624 4214 713 4260 mnam
745 4226 803 4274 ergo
815 4212 893 4275 figura
901 4206 1041 4272 ἂρχαῖσμόι.
1064 4210 1095 4258 D.

910 4277 947 4321 31
