2834 4759
255 193 326 253 'xiv
539 188 688 251 RUFINI
709 191 749 250 V.
770 189 808 249 D.
830 190 1119 251 GRAMMATICI.

260 324 289 382 in
302 320 485 381 modulandis
499 320 642 399 rhythmis
655 340 708 379 seu
720 320 832 391 metris,
846 321 956 381 veteris
968 322 1123 381 comoediae
1137 320 1303 401 scriptores
1319 342 1354 381 se
1369 321 1416 399 qui

260 404 434 471 maluerunt,
448 402 467 460 i.
483 399 631 479 Eupolim,
648 399 810 471 Cratinum,
825 401 1069 480 Aristophanem:
1091 400 1230 481 prologos
1249 402 1373 479 itaque,
1391 416 1416 461 et

259 485 419 564 primarum
432 501 583 541 scenarum
597 492 679 541 acms
698 482 837 542 trimetris
855 482 1156 561 comprehenderunt:
1177 483 1291 542 deinde
1306 483 1416 561 longia·

260 566 364 625 simos:
384 565 403 622 i.
419 576 604 623 tetrametros
619 562 812 622 subdiderunt
825 564 875 640 qui
890 563 1072 643 appellantur
1087 563 1239 642 quadrati:
1262 579 1378 643 postea
1391 565 1416 622 in

261 645 449 724 sequentibus
464 644 666 703 variaverunt:
688 643 786 702 modo.
800 663 830 703 n.
843 645 1000 715 trimetros,
1017 646 1106 704 modo
1126 645 1227 704 additu
1244 645 1413 723 quadrant

262 727 309 785 vel
330 726 449 785 semisse
466 737 636 803 posuerunt,
654 725 674 782 i.
696 725 844 803 semipede
863 724 987 803 adjecto,
1006 726 1053 785 vel
1073 728 1189 805 integro
1210 726 1293 805 pede
1320 727 1411 785 iamu

262 807 310 866 ve'l
324 806 496 885 sesquipede
509 806 573 864 haec
587 826 641 883 per
654 805 767 864 medios
781 821 872 877 actus,
886 807 966 865 varie
979 827 1081 865 rursus
1094 808 1123 866 in
1139 808 1222 866 exitu
1241 807 1390 866 fabulata
1408 835 1411 856 ι

263 888 432 967 quadratos,
450 886 551 964 quales
572 885 700 945 diximus
721 887 751 944 in
773 886 900 946 secunda
920 907 1007 946 scena
1026 887 1206 947 locaverunt.
1247 888 1318 946 Sed
1342 887 1417 945 ide

264 968 398 1048 quadrati
420 966 544 1046 legitimi
567 986 633 1026 cum
658 966 744 1025 XVI.
770 966 890 1046 syllabis
913 967 1002 1046 juxta
1024 968 1074 1046 jus
1097 969 1249 1048 proprium
1276 981 1380 1027 const
1408 995 1417 1016 a

263 1050 399 1118 debeant,
419 1048 590 1127 plerumque
610 1048 797 1108 inveniuntur
814 1048 884 1107 XX.
905 1060 956 1108 aut
974 1049 1099 1128 amplius
1119 1049 1328 1128 syllabarum:
1351 1049 1417 1106 bin

264 1128 468 1189 existimantur
482 1140 607 1187 metrum
621 1148 679 1187 non
696 1129 832 1199 tenuisse,
848 1149 901 1188 nec
919 1150 972 1187 aua
990 1130 1055 1208 lege
1072 1130 1285 1208 composuisse.
1326 1128 1416 1195 Quod

199 1236 202 1245 ’
264 1232 335 1269 vero
357 1210 395 1269 ad
413 1208 557 1269 clausulas
578 1209 598 1267 i.
623 1209 785 1269 minuscula
804 1210 868 1269 cola
888 1211 1023 1287 pertinet,
1042 1225 1118 1288 quot
1141 1230 1250 1289 genera
1271 1230 1410 1268 versuu

265 1302 341 1359 sunt,
357 1290 479 1351 totidem
492 1292 623 1349 membra
635 1310 690 1369 pro
704 1290 841 1350 clausulis
860 1291 928 1369 poni
947 1304 1079 1370 possunt,
1092 1304 1122 1350 et
1135 1291 1229 1349 solent
1242 1292 1275 1349 in
1293 1290 1411 1350 cantici

264 1373 357 1451 magis
371 1392 459 1449 quam
470 1370 612 1430 diverbiis
625 1392 692 1449 quoe
711 1391 750 1430 ex
768 1372 900 1431 trimetro
919 1372 1012 1450 magis
1030 1373 1202 1438 subsistunt,
1216 1371 1375 1438 collocari,
1389 1390 1417 1427 e·

264 1453 412 1532 praecipuc
426 1451 504 1531 apud
515 1452 655 1511 Plautum
669 1465 699 1510 et
712 1451 850 1511 Naerium
863 1464 894 1512 et
907 1452 1072 1512 Afranium.
1094 1453 1172 1512 Nam
1183 1453 1215 1511 bi
1228 1454 1368 1511 maxime
1382 1470 1398 1508 e
1412 1477 1417 1498 ι

264 1535 399 1593 omnibus
416 1533 553 1592 membris
572 1553 727 1603 versuum:
749 1532 821 1592 culis
838 1535 875 1592 ab
895 1534 941 1592 bis
959 1533 1101 1611 separatis
1118 1533 1240 1593 licenter
1256 1534 1309 1592 usi
1333 1551 1416 1609 repe·

262 1616 379 1675 riantur
392 1616 422 1674 in
436 1612 583 1673 clausulis.
619 1614 701 1673 Idem
715 1612 884 1673 Victorinus
902 1614 932 1673 in
948 1614 1006 1673 alio
1021 1613 1087 1673 loco
1100 1613 1137 1673 de
1149 1614 1247 1674 iambo
1262 1615 1311 1673 sic
1326 1614 1416 1672 dicit·

264 1688 445 1774 improbatur
460 1708 511 1753 aut
523 1693 601 1773 apud
616 1695 750 1773 tragicos,
765 1714 868 1753 versus
881 1713 921 1753 ex
935 1696 1070 1755 omnibus
1090 1695 1193 1755 iambis
1211 1695 1416 1773 compositus:

264 1796 403 1854 namquo
418 1775 456 1834 sit
469 1774 600 1853 amplior,
615 1786 645 1835 et
658 1795 711 1853 par
726 1775 845 1853 tragicae
863 1775 1007 1853 dignitati,
1024 1776 1212 1855 interponunt
1229 1774 1412 1853 frequentia

265 1856 336 1916 locis
360 1856 504 1915 duntaxat
526 1856 684 1933 imparibus
707 1856 816 1934 pedum
835 1856 1046 1934 dactylicarum
1067 1876 1164 1916 moras
1185 1870 1215 1916 et
1236 1856 1407 1935 spondeum

265 1936 404 2005 Similiter
416 1936 494 2015 apud
507 1936 633 1996 comicos
647 1936 744 1995 laxius
758 1938 887 2015 spacium
901 1938 1002 1996 datum
1015 1951 1077 1997 est:
1090 1951 1199 1996 namet
1211 1937 1253 1996 illi
1267 1936 1371 2014 locaq
1397 1963 1409 1985 ε’

287 2018 383 2096 roprie
405 2017 548 2076 debentur
566 2017 679 2089 iambis,
693 2017 829 2095 spondeis
847 2030 999 2095 occupant,
1014 2018 1191 2097 dactyloque
1212 2030 1243 2077 et
1262 2030 1411 2095 anapaest·

264 2039 336 2158 lbcis
360 2098 482 2175 adaeque
505 2098 681 2175 disparibus.
723 2097 769 2157 lta
791 2098 862 2157 dum
883 2098 1085 2175 quotidianum
1111 2119 1278 2159 sermonem
1307 2095 1416 2156 imitari

264 2180 406 2249 nituntur,
420 2192 513 2237 metra
527 2178 630 2237 vitiant
644 2177 752 2249 studio,
768 2198 826 2238 non
844 2179 1008 2257 imperitia:
1029 2179 1109 2257 quod
1130 2180 1319 2257 frequentius
1338 2197 1408 2256 apu·

264 2274 382 2320 nostros
402 2278 488 2337 quam
509 2258 589 2337 apud
609 2258 732 2318 Graecos
752 2259 891 2319 invenies.
933 2258 1050 2320 Genera
1067 2273 1166 2320 autem
1185 2261 1307 2320 iambici
1330 2255 1416 2317 metri

265 2355 334 2400 sunt
355 2340 433 2401 duo:
461 2360 527 2398 nam
552 2360 591 2399 ex
612 2340 647 2398 iis
669 2339 727 2399 alis
746 2340 870 2419 integra,
892 2340 949 2399 alia
969 2340 1082 2410 clauda,
1106 2361 1174 2419 quae
1196 2354 1341 2400 scazonta
1365 2356 1415 2395 seu

264 2421 429 2483 choliamba
448 2431 562 2491 vocant,
582 2432 666 2479 sunt:
693 2441 819 2498 quorum
837 2421 1030 2482 differentiam
1048 2421 1211 2499 penultima
1227 2442 1337 2481 versus
1358 2416 1416 2495 syl·

264 2503 332 2563 laba
344 2502 565 2561 demonstrabit.
604 2502 681 2561 Nam
694 2503 720 2560 si
733 2503 831 2561 brevis
844 2502 1007 2579 contigerit,
1023 2504 1079 2561 erit
1093 2514 1206 2561 rectum
1220 2517 1251 2561 et
1265 2503 1415 2579 integrum

264 2584 431 2653 iambicum,
452 2583 501 2650 ita,
527 2583 664 2660 “vigetis
686 2582 762 2642 adde
784 2585 930 2642 concitum
949 2582 1073 2642 celerem
1094 2583 1228 2661 pedem!¹
1268 2584 1325 2642 Sin
1347 2598 1415 2638 vero

264 2662 360 2743 longa,
384 2663 519 2723 delumbe
542 2674 572 2720 et
593 2662 739 2734 claudum,
762 2674 796 2722 ut
818 2674 880 2722 est:
912 2666 1072 2722 “novitate
1094 2664 1201 2723 ductus
1221 2669 1278 2723 ιιῡιι
1301 2671 1350 2721 est
1370 2667 1413 2715 ῖιι·

266 2746 343 2803 scius
366 2742 468 2823 legis.”
516 2743 608 2801 “Le’'
635 2743 724 2822 longa
745 2764 812 2821 quae
834 2743 995 2822 penultima
1016 2745 1168 2822 reperitur,
1192 2758 1323 2804 metrum
1352 2760 1415 2800 cor·

265 2826 392 2904 rumpit:
416 2823 503 2903 hujus
516 2836 649 2903 repertor
664 2825 846 2903 Hipponax3
871 2844 939 2883 nam
952 2844 1006 2902 pro
1019 2825 1117 2884 iambo
1134 2825 1261 2884 inductis
1275 2820 1414 2883 trochaeis

210 2960 213 2974 ,
266 2920 367 2965 contra
388 2906 483 2984 legem
505 2905 628 2964 trimetri
649 2905 776 2975 iambici,
799 2919 925 2965 metrum
946 2906 1106 2976 innovavit,
1125 2906 1205 2983 quod
1228 2906 1357 2983 adaeque
1378 2919 1414 2957 ex

267 2987 397 3065 spondeo
411 2985 564 3064 contingit.
1228 2993 1232 3013 ¹

423 3156 635 3223 VERSUS
667 3156 863 3222 'RUFINI
895 3157 1257 3224 GRAMMATICI

496 3292 534 3329 DE
547 3290 655 3328 MBTBIS
668 3292 808 3330 sessuri!
823 3293 858 3329 ΒΤ
871 3292 977 3331 susum
992 3295 1027 3331 st·
1038 3294 1184 3332 antonum.

491 3409 611 3475 Agnoscit
625 3420 738 3469 metrum,
755 3421 884 3476 servatque
900 3412 1030 3462 Terentius
1046 3422 1132 3471 amem,

460 3476 523 3523 Nam
540 3474 653 3539 prologos
669 3476 780 3525 trimetro
796 3477 882 3526 didicit
898 3494 1044 3543 componere
1061 3494 1140 3537 remu,

460 3542 640 3615 scenarumquc
657 3551 725 3590 actus
740 3542 833 3606 primos
848 3543 911 3607 pede
926 3544 1019 3592 claudit
1034 3544 1127 3592 eodem.

460 3605 495 3653 Ut
512 3614 569 3654 sunt
586 3606 610 3653 br
627 3620 712 3655 versus
728 3606 837 3670 prologi:

458 3670 535 3720 Postu
551 3672 609 3718 ct'rm
624 3672 730 3733 prImum
748 3674 855 3720 tntmum
873 3672 904 3721 iad
920 3673 1075 3722 scribendum
1094 3671 1197 3737 ippdlit,

458 3736 484 3783 id
501 3736 547 3783 sibl
567 3738 649 3799 negoti
665 3736 770 3784 credldit
785 3735 861 3785 solum
879 3738 933 3785 dtri

459 3800 553 3864 Pbpulo
570 3802 597 3847 ιἰι
613 3799 740 3863 pltcerent
756 3807 817 3864 quas
833 3802 932 3851 fecisset
947 3802 1051 3852 fibulas.

460 3866 509 3913 Vos
524 3866 591 3913 istaec
607 3866 672 3913 intro
689 3865 790 3925 auferte,
808 3868 891 3917 tbite:
915 3868 984 3917 Sasu

458 3929 590 3985 ltdesdumr
613 3932 697 3993 paucis
714 3934 739 3978 te
756 3931 818 3981 volo.
858 3932 957 3981 Dictum
974 3935 1040 3997 pdtu.

457 3994 622 4043 Tetrsmetros
638 3994 749 4057 sequitur
765 4011 837 4059 quem
854 3996 960 4045 fluxerat
975 3996 1016 4046 illa
1034 3996 1143 4046 Bciscus

650 4072 752 4139 Quales
770 4084 834 4130 sunt
851 4076 898 4130 isti
915 4094 1026 4131 versus:

458 4160 568 4211 Mirabtr
583 4156 628 4210 bbc
645 4164 667 4210 ιῑ
682 4164 718 4210 sic
735 4164 820 4222 lbirtt,
838 4168 863 4212 et
878 4164 932 4213 heri
947 4168 1045 4229 sempsir
1060 4164 1157 4214 lenitas.

325 4225 383 4293 Qui
400 4224 520 4297 sequitur
538 4224 667 4280 dimetrus
686 4234 736 4291 est,
755 4226 784 4281 id
802 4235 852 4292 cst,
873 4237 990 4300 quatuor
1007 4229 1142 4300 simplices
1158 4226 1241 4301 pudes
1257 4226 1347 4282 habet.

458 4297 569 4345 verebar
584 4302 700 4361 quorsum
717 4298 842 4348 eraderet.

547 4374 616 4431 Item
634 4378 783 4433 tetrametri
800 4378 901 4434 similes
917 4378 947 4434 hi
965 4378 999 4434 dc
1015 4378 1123 4435 iambo:

455 4449 580 4497 tnimrero
597 4450 669 4499 Dare
685 4450 747 4499 amit
763 4450 810 4500 luci
827 4456 865 4503 est
881 4456 999 4516 segnitie,
1015 4457 1096 4517 neque
1112 4452 1233 4503 sooordloe.
