2834 4759
230 159 291 224 122
542 154 821 222 TERENTII
851 150 1078 221 ANDRIA.

493 487 832 562 APPENDIX
877 489 1127 562 SPURIA.

229 685 269 751 P.
286 684 338 751 Te
354 687 605 769 exspectabam:
628 696 680 750 est
695 686 737 749 de
754 696 811 749 tua
824 706 871 763 re,
888 686 976 769 quod
993 707 1090 770 agere
1105 706 1167 770 ego
1181 694 1292 750 tecum
1312 684 1403 749 volo.

230 783 320 848 Dedi
336 806 480 869 operam,
495 806 536 848 ne
551 806 603 847 me
618 806 691 847 esse
707 781 843 847 oblitum
859 782 950 847 dicas
965 792 1030 846 tuae
1047 793 1155 867 gnatae
1170 782 1295 848 alterae.

228 882 307 947 Tibi
321 905 372 947 me
388 883 504 967 opinor
519 882 682 967 reperisse
698 882 833 965 dignum
848 892 880 944 te
896 890 994 964 atque
1010 878 1064 944 illa
1078 881 1192 944 virum.

229 980 340 1044 Cuia,
358 979 465 1057 Dave,
480 978 523 1044 ah
537 980 638 1064 perii:
662 980 705 1043 de
720 1001 793 1043 meo
808 1000 916 1043 amore
932 1000 970 1043 ac
986 980 1051 1043 vita
1066 1002 1153 1044 nunc
1171 1001 1240 1043 sors
1256 977 1404 1043 tollitur.

230 1078 319 1143 Cua.
335 1077 415 1141 Non
430 1100 513 1141 nova
527 1078 619 1141 istaec
634 1076 713 1140 mihi
728 1076 871 1141 conditio
887 1088 949 1154 est,
967 1077 995 1140 si
1009 1073 1192 1153 voluissem,
1209 1075 1404 1161 Pamphile.

230 1174 295 1239 Cu.
312 1174 440 1251 Occidi,
458 1175 564 1252 Dave,
587 1176 687 1259 perii!
728 1173 816 1238 Cua.
835 1174 902 1239 Sed
925 1175 959 1238 id
982 1176 1193 1260 quamobrem
1214 1194 1284 1239 non
1299 1176 1405 1253 volui,

293 1272 437 1357 eloquar.

227 1370 308 1436 Non
323 1370 455 1448 idcirco,
471 1371 561 1455 quod
575 1391 650 1434 eum
665 1369 794 1434 affinem
808 1370 887 1434 mihi
901 1368 1031 1434 nollem.
1069 1369 1109 1433 P.
1126 1370 1225 1447 Hem,
1240 1380 1332 1435 tace.

229 1468 318 1533 Cun.
336 1468 404 1532 Sed
419 1469 558 1533 amicitia
572 1479 694 1545 nostra,
711 1491 784 1553 quae
800 1479 851 1533 est
867 1491 886 1532 a
901 1468 1049 1551 patribus
1065 1468 1185 1532 nostris
1201 1464 1341 1547 tradita,

228 1566 308 1631 Non
322 1564 462 1650 aliquam
476 1576 603 1650 partem
618 1567 718 1630 studii
733 1567 909 1632 adductam
923 1567 1009 1631 tradi
1022 1565 1145 1642 liberis,

228 1663 328 1729 Nunc
344 1686 417 1727 cum
431 1663 526 1748 copia
540 1674 638 1747 atque
659 1664 791 1729 fortuna
812 1666 942 1748 utrique
964 1675 1002 1729 ut
1024 1666 1274 1749 obsequeretur,
1292 1664 1403 1743 dedit,

293 1761 401 1826 detur.
439 1760 479 1825 P.
496 1760 590 1826 Bene

229 1859 382 1924 Factum:
407 1859 472 1936 abi,
489 1869 587 1943 atque
602 1881 663 1943 age
678 1861 801 1943 gratias
817 1858 949 1923 homini.
989 1858 1076 1922 Cun.
1093 1856 1217 1937 SalveS,
1234 1858 1403 1925 Chremes

293 1977 467 2020 amicorum

228 2053 886 2137 Meorumomniummihicarissime,quod
894 2054 1180 2118 mihicommodum
1190 2065 1252 2131 est,
1259 2057 1403 2139 gaudio,

229 2152 338 2226 Quam
349 2151 394 2228 id,
407 2151 496 2233 quod
511 2164 578 2216 ate
593 2162 726 2235 expeto,
741 2174 792 2216 me
807 2154 981 2237 reperisse,
993 2164 1031 2218 ut
1043 2153 1176 2218 habitus
1192 2155 1338 2221 antehac
1356 2157 1404 2221 fui

229 2248 307 2313 Tibi
322 2250 473 2325 animum,
490 2271 555 2332 quo
570 2249 753 2333 adeumque
768 2249 939 2334 applicatis
957 2250 1100 2315 studium
1114 2252 1234 2317 exinde
1249 2262 1289 2317 ut
1304 2256 1386 2333 erit,

229 2346 558 2411 Tuteexistimaveris
566 2346 842 2413 iditaessefacere
852 2371 895 2413 ex
903 2370 953 2413 me
964 2350 1182 2433 conjecturam
1193 2372 1235 2414 ex
1244 2372 1298 2415 me
1307 2350 1402 2417 licet.

230 2442 367 2508 Alienus
383 2444 442 2507 abs
457 2453 489 2507 te
505 2454 611 2508 tamen
627 2445 699 2529 quis
721 2454 756 2508 tu
779 2468 881 2521 esses,
896 2468 1045 2523 noveras,
1062 2448 1108 2511 ita
1128 2470 1181 2511 res
1203 2458 1266 2512 est.
1303 2448 1402 2514 Cua.

294 2540 437 2604 Gnatam
452 2542 512 2605 tibi
525 2563 629 2605 meam

231 2636 455 2703 Philumenam
469 2660 616 2716 uxorem,
632 2649 666 2703 et
680 2640 767 2703 dotis
784 2661 841 2705 sex
859 2640 979 2705 talenta
996 2642 1152 2725 spondeo.
