2834 4759
46 192 146 238 actua
162 172 248 259 vnn]
474 172 753 244 'Pnouuto
1130 178 1195 243 ott

83 308 150 374 Da.
166 308 254 373 Nam
269 329 374 394 neque
389 307 586 395 negligentia
598 323 667 390 tua,
683 336 790 398 neque
803 312 881 378 odio
894 313 928 379 id
943 313 1021 381 fecit
1033 324 1102 379 tuo.

82 406 287 485 Vinolentus,
303 407 373 472 fere
386 407 504 473 abhinc
520 430 621 474 annos
636 412 830 495 quindecim,
845 411 1065 478 mulierculam

84 506 166 571 Eam
184 509 386 591 compressit,
402 507 490 571 unde
512 506 583 573 haec
605 510 744 573 nata'st:
773 531 880 595 neque
902 509 1032 596 postilla
1053 532 1196 596 unquam

146 606 263 689 attigit.

42 715 72 761 uo
84 702 135 768 Ea
148 715 284 767 mortem
299 703 395 767 obiit:
420 726 438 768 e
453 704 560 768 medio
574 706 664 783 abiit,
680 706 736 791 qui
750 706 812 770 finit
825 708 859 770 in
872 728 907 771 re
921 706 984 772 hac
998 707 1182 793 scrupulus.

83 803 304 875 Quamobrem
315 813 345 867 te
355 814 468 879 oro,ut
476 801 538 866 alia
550 814 606 866 tua
617 802 702 869 facta
713 816 900 889 sunt,a2quo
909 807 1015 870 artium
1026 805 1089 872 hoc
1097 807 1194 871 feras.

81 900 149 967 Nn.
158 901 248 975 Quid
255 923 318 985 ego
324 899 547 985 aequoanimoi
562 902 659 986 cupio
665 904 782 967 misera
789 904 823 967 in
829 903 891 967 hac
898 926 933 967 re
937 905 1006 989 jam
1013 904 1194 990 defungier.

83 1000 148 1065 Sed
165 1001 244 1086 quid
261 1002 412 1085 sperem?
435 1011 531 1064 aetate
545 1022 643 1084 porro
658 1001 762 1065 minus
778 1013 987 1086 peccaturum
1004 1006 1138 1087 putemi

82 1098 155 1163 dam
170 1111 239 1165 tum
254 1109 325 1163 erat
339 1119 450 1175 senex,
467 1108 616 1163 senectus
632 1099 658 1161 si
673 1101 875 1165 verecundos
890 1099 978 1165 facit.

42 1210 71 1255 ³5
83 1197 137 1262 An
149 1220 222 1262 mea
233 1197 336 1261 forma
346 1208 444 1280 atque
456 1207 536 1260 aetas
548 1218 633 1261 nunc
644 1199 746 1281 magis
756 1198 993 1283 expetenda’st,
1010 1197 1195 1283 Demipho?

83 1297 174 1370 Quid
197 1296 275 1361 mihi
297 1316 383 1360 nunc
408 1293 518 1372 affers,
541 1297 751 1379 quamobrem
772 1309 971 1382 exspectem,
991 1309 1048 1361 aut
1068 1320 1195 1383 sperem

145 1417 246 1480 porro
260 1416 325 1458 non
340 1392 434 1457 foret

83 1494 147 1559 ΡΗ.
177 1494 363 1578 Exsequias
390 1491 567 1570 Chremeti,
594 1492 714 1578 quibus
739 1504 792 1558 est
814 1494 1028 1571 commodum,
1055 1495 1104 1559 ire
1125 1494 1195 1580 jam

145 1604 275 1678 tempus
287 1604 347 1657 est.

82 1690 136 1756 Sic
150 1693 258 1757 dabo:
280 1714 341 1777 age
355 1712 452 1770 nunc,
470 1689 697 1756 Phormionem
712 1690 769 1774 qui
783 1688 869 1755 volet
882 1689 1051 1756 lacessito:

43 1844 170 1909 explicaret
187 1842 342 1893 sententiam.
376 1843 497 1891 Caeterum
514 1850 600 1891 mortuo
632 1844 682 1889 eim.
706 1840 836 1896 D.—Quia
847 1840 889 1889 ille
900 1840 970 1899 dixit,
982 1860 1052 1891 annos
1061 1844 1130 1891 XVI.
1142 1842 1195 1891 haec

42 1925 88 1957 non
105 1909 135 1958 de
151 1910 283 1958 Chremete
303 1918 341 1956 est
359 1907 535 1971 accipiendum,
556 1908 600 1955 sed
632 1905 738 1969 collegit,
751 1906 818 1960 Quid
833 1922 880 1969 ego
895 1922 995 1971 sperare
1010 1922 1117 1971 possum,
1128 1908 1195 1957 hunc

43 1975 71 2023 de
84 1975 244 2031 Nausistrata,
253 1990 307 2037 quae
317 1988 385 2036 teque
396 1974 485 2021 frustra
497 1983 535 2020 est
545 1987 599 2020 ora·
633 1986 682 2019 non
693 1982 850 2035 peccaturum
862 1987 916 2019 ease
928 1972 993 2020 circu
1009 1982 1113 2031 aetatem,
1125 1972 1195 2036 quasi

43 2049 220 2098 ta,acrnortuo
233 2039 386 2087 verbsfiunt.
410 2038 439 2085 B.
633 2051 682 2084 non
700 2035 742 2084 illo
759 2046 807 2084 tem
826 2052 868 2084 ore
884 2052 961 2084 senex
975 2035 1056 2085 fuerit.
1082 2038 1194 2087 E.—Sed

74 2106 111 2155 at.
130 2108 190 2153 Nom
201 2120 273 2167 neque
284 2106 424 2167 negligentia
436 2110 483 2160 tua,
495 2118 565 2165 neque
577 2104 603 2149 id
634 2104 690 2164 quid
701 2051 825 2163 masnil
835 2101 884 2150 Ma
897 2101 927 2149 lt
944 2104 992 2149 Sed
1000 2106 1040 2164 qai
1050 2118 1144 2163 operm
1164 2102 1193 2151 1..

43 2173 91 2217 edin
99 2167 159 2231 ficit
174 2169 227 2232 tuo]
243 2170 321 2217 Locus
331 2168 358 2216 in
370 2168 414 2217 boo
426 2183 499 2215 causa
527 2167 601 2216 rioci·
634 2166 717 2213 —Pro
728 2168 786 2228 quid
801 2164 857 2229 lego
869 2181 925 2213 cum
936 2166 989 2213 cod.
1002 2167 1067 2230 apud
1085 2167 1194 2216 Linden-

44 2235 157 2298 polirent,
169 2234 274 2291 ἀπὸτῆι
286 2231 479 2295 omrdunanol
497 2184 600 2280 elnotus:
634 2230 754 2293 brogium,
772 2233 820 2293 qui,
831 2230 855 2278 h.
868 2246 888 2279 e.
906 2232 1034 2293 quomodo,
1050 2247 1099 2294 quo
1114 2242 1193 2297 pacto.

45 2310 67 2347 ct
77 2301 130 2349 ideo
140 2300 167 2348 in
176 2300 226 2349 duo
236 2299 327 2356 divisit,
337 2312 382 2345 nec
391 2300 532 2360 negligentia
538 2297 602 2345 circa
636 2296 664 2343 B.

46 2376 74 2423 te,
91 2382 134 2415 nec
150 2369 209 2425 odio,
222 2363 416 2429 iuquitfsctum.
446 2362 566 2410 Proetereu
577 2373 603 2410 et
667 2362 706 2407 34.
724 2362 832 2408 Senectus
850 2363 871 2408 σι’
890 2363 1025 2409 enecandos
1039 2358 1117 2424 fucit]
1137 2362 1194 2412 Mo·

45 2428 200 2493 reptordo'eots
217 2429 311 2478 addidit
327 2427 428 2490 (Prono
443 2430 535 2475 addidit
553 2427 600 2475 Me.
635 2424 703 2473 desis
715 2436 740 2472 et
750 2425 864 2488 graviter.
888 2425 1019 2489 lae-Lego
1029 2442 1074 2489 per
1089 2426 1194 2476 interro·

46 2494 76 2543 ll.
92 2497 118 2543 B.
129 2512 185 2545 cunt
197 2495 253 2545 edd.
266 2495 337 2553 vett.)
347 2492 520 2549 defensionem,
533 2495 601 2540 Vino·
634 2489 766 2552 gestionem,
775 2491 893 2554 utpriora
901 2500 926 2538 et
934 2492 1076 2555 posteriore,
1083 2492 1194 2555 Nonjoar

45 2559 601 2623 lentus,sereabitincaanosquindecimmulier·
636 2559 682 2603 itm
694 2563 827 2613 erasnm,
840 2565 882 2604 ete.
906 2556 935 2603 B.

45 2628 120 2683 caba,
132 2635 174 2675 ete.
192 2626 225 2675 ab
241 2634 311 2673 utute
328 2626 415 2685 ajunt
432 2632 541 2686 ternpore
552 2620 600 2669 cri·
666 2622 704 2667 tt.
723 2620 758 2667 Ut
774 2619 895 2683 mugistis
912 2620 937 2668 in
953 2620 1012 2679 ictu,
1028 2635 1121 2685 repone
1137 2630 1195 2673 atos

46 2686 601 2750 miniandiminutionecontemtoquepelliois,
633 2688 707 2749 magis
717 2702 778 2733 nune
787 2688 949 2746 expetendo'st.
970 2687 999 2733 B.

45 2754 73 2802 ab
81 2766 174 2816 eventu,
187 2757 219 2805 ab
229 2752 444 2803 animofacientis:
462 2752 526 2814 quod
536 2766 601 2799 mor·
666 2751 705 2797 86.
720 2753 849 2802 Quantus·
859 2767 919 2799 asne
928 2749 1011 2813 offers]
1022 2750 1141 2800 Callidius
1150 2768 1196 2801 usa

46 2828 84 2867 tua
105 2831 158 2870 est:
200 2830 307 2870 ostremo
330 2828 355 2867 et
377 2832 391 2865 a
412 2817 533 2882 precibus
568 2816 602 2864 Et
634 2815 714 2863 estad
726 2814 838 2863 ultimum
852 2814 1194 2880 rdnpeeteontersostm·

46 2885 163 2949 epilogum
215 2886 290 2943 δτῆς
305 2884 396 2932 ebroine
415 2884 459 2940 τῆς
480 2878 602 2937 ἐκβάσεως
633 2882 720 2943 τροφῇ,
736 2896 850 2938 mursa
867 2880 959 2929 Victor.
973 2880 1003 2928 V.
1017 2880 1044 2928 1..
1060 2882 1129 2929 xxiii.
1143 2884 1194 2943 24.)

46 2948 106 3006 fecit,
116 2951 251 3000 admonens
265 2949 332 2997 illam
344 2946 449 2996 oratorie
460 2956 600 2995 mansuetu·
634 2946 665 2993 ad
681 2946 762 3009 ipsum
779 2944 930 2993 defensorem
947 2945 1042 2993 maritis
1059 2946 1091 2993 de
1105 2962 1154 3009 qus
1168 2946 1195 2995 ti

47 3012 174 3065 dinissuoe.
200 3016 233 3064 D.
634 3009 835 3059 contradictionis
860 3008 967 3057 asulmt
987 3011 1116 3074 parasitus,
1140 3020 1195 3060 tsn-

76 3082 111 3128 28.
127 3078 272 3142 finalenttu]
285 3078 325 3127 Ab
340 3074 504 3141 imprudentis
516 3074 601 3124 defen·
634 3090 706 3137 quom
716 3074 826 3122 confecto
837 3086 980 3137 mortuoque
992 3075 1131 3124 adversario
1142 3091 1193 3125 suo.

46 3141 85 3191 sio
112 3148 203 3195 Abhinc
214 3162 284 3193 annea
295 3140 435 3206 quadrant]
453 3143 475 3190 A
493 3151 602 3206 tempora
636 3140 739 3188 D.—Ut
755 3154 840 3187 versus
854 3148 909 3196 stet,
922 3140 1063 3203 recipienda
1074 3140 1195 3191 estlectio

46 3207 155 3260 defensio
180 3207 409 3271 D.-SubJ'ungitur
428 3205 543 3265 narratio,
561 3210 601 3254 Vt·-
635 3203 749 3253 Bembini
759 3212 785 3252 et
795 3204 931 3252 Victoriani
941 3214 967 3253 et
978 3205 1078 3264 Donati,
1091 3206 1197 3260 Quidni

45 3276 237 3325 amensamens
248 3291 318 3323 maor
328 3276 353 3321 Χ
358 3271 412 3335 Vt]
432 3272 494 3320 Cum
512 3270 601 3320 veniali
633 3273 671 3318 tie
682 3271 759 3331 offers.
782 3269 886 3317 Fnsnrt.

46 3348 113 3398 statu,
125 3342 190 3404 quod
206 3342 334 3389 oiaobntus
352 3338 385 3385 sit
402 3336 488 3399 (fuerit
507 3337 555 3399 Z.),
575 3338 601 3385 itt
667 3334 705 3384 37.
719 3337 847 3396 &nquius
863 3332 989 3398 Chremeti]
1007 3336 1077 3385 Bono
1094 3336 1194 3387 ordine:

46 3416 89 3463 qua
99 3420 125 3454 re
136 3403 258 3469 ignoratio
270 3414 294 3452 et
308 3402 444 3451 obsecratio
455 3402 600 3466 opponitur:
633 3398 721 3464 primo,
740 3402 826 3448 delirat
844 3404 913 3449 miser
929 3405 1027 3449 tinore.-
1047 3410 1110 3465 post,
1126 3406 1196 3452 mbo

45 3474 181 3527 quemobrem
197 3480 221 3519 te
235 3486 281 3519 oro.
305 3464 517 3530 E.—Vinolentus]
529 3467 559 3514 V.
572 3466 599 3514 C.
627 3468 689 3525 fiunt
701 3473 805 3513 mtto:
822 3466 852 3514 ad
863 3464 984 3522 ultimum,
996 3469 1114 3528 samios
1123 3470 1194 3516 ctos-

49 3532 179 3585 Vinntenm.
204 3536 233 3583 E.
633 3533 688 3578 meti
695 3550 704 3577 .·
721 3530 815 3587 delirat,
827 3530 937 3588 moritur,
950 3530 1055 3579 effertur.
1080 3532 1195 3581 It-aae-

76 3600 112 3647 29.
130 3602 189 3649 Ean
205 3597 349 3661 compendi]
371 3598 439 3645 Bene
460 3594 531 3644 dixit.
541 3612 599 3643 eont-
633 3598 724 3657 sequias
737 3595 862 3658 Chremeti]
882 3595 921 3643 ltu
931 3610 963 3642 ex
979 3595 1121 3644 melioribus
1136 3596 1195 3647 libb.

43 3668 137 3721 nunt:
154 3665 220 3729 quod
237 3663 360 3713 interdum
380 3671 418 3711 est
438 3676 486 3710 non
504 3662 600 3718 amoris,
634 3660 789 3708 emendatum
801 3671 846 3717 est,
858 3660 889 3708 ad
904 3659 978 3707 ritum
990 3659 1104 3709 funerum
1115 3660 1195 3711 indic·

46 3726 198 3793 sedinjurise.
228 3732 308 3791 Neque
322 3729 418 3789 partilio
433 3730 600 3789 naquomotti-
633 3722 747 3780 tinorum,
759 3724 785 3772 in
797 3724 867 3789 queis
882 3725 934 3771 haec
950 3723 1053 3773 formula
1069 3724 1196 3776 sollemnis

46 3791 91 3855 git]
112 3795 147 3843 lta
165 3794 223 3844 facti
244 3792 365 3859 penituit.
400 3791 450 3839 Hic
468 3790 535 3839 locus
555 3790 601 3838 &ab
634 3788 795 3838 iuusueratz
813 3790 1195 3841 1..T1nusv1m.t.rmo.

46 3858 86 3913 τῆι
98 3858 218 3915 ἐκβάσεως
236 3869 281 3917 est,
298 3857 323 3905 id
336 3866 384 3915 est,
393 3858 423 3905 ab
440 3871 470 3904 eo
486 3856 551 3919 quod
562 3855 600 3904 fu·
635 3866 787 3904 axsoourns
811 3867 859 3901 ran
882 3868 929 3903 cur
952 3868 1108 3902 couttoontt
1136 3869 1194 3907 sar.

47 3926 184 3975 amnne:
204 3924 298 3973 facilius
318 3922 384 3971 enim
402 3919 536 3986 ignoscitur
553 3935 602 3969 non
636 3932 704 3967 trax.
728 3932 836 3966 rastros
856 3932 913 3967 ner.
937 3932 1024 3966 onnus
1045 3932 1195 3971 seruaret.

46 3984 105 4035 ultra
115 3988 258 4054 peccaturis.
288 3988 318 4036 D.
635 3984 711 4032 Silius
731 3984 808 4031 ltslic.
828 3983 869 4032 lib.
886 3999 928 4031 xv.
948 3985 1088 4032 tou-m
1104 3989 1138 4033 ite
1154 4004 1195 4036 ste·

47 4071 51 4077 *
76 4054 112 4100 tl.
126 4055 160 4104 Ut
176 4065 217 4104 tua
233 4062 341 4111 acuatur,
358 4050 536 4115 leg.cumcod.
555 4051 601 4099 Pe·
633 4052 710 4111 perde
721 4052 850 4112 Eusenos
864 4052 955 4107 mista,
966 4053 1098 4097 etcinerem
1113 4053 1196 4102 dnum

48 4118 118 4167 trettai
130 4125 170 4168 tud
180 4128 235 4170 eant
244 4117 314 4184 saeta
320 4138 329 4174 ,·
347 4126 419 4180 atque
436 4128 464 4165 ut
474 4118 549 4164 anino
562 4115 602 4164 hic
634 4118 733 4177 rupem
748 4116 853 4162 Muneris
863 4117 939 4175 officia
962 4113 1132 4176 l..—Projost
1142 4132 1195 4166 me·

46 4180 125 4231 eodem
146 4186 179 4235 sit
199 4194 308 4242 accentu,
328 4198 375 4245 quo
393 4197 452 4229 mox
473 4181 601 4245 repetitur,
635 4178 695 4227 trica
715 4178 779 4227 ratio
797 4178 874 4241 exigit
893 4178 1041 4242 optimorum
1057 4180 1126 4229 codd,
1143 4181 1194 4231 lec·

46 4240 425 4313 lttuaequoontnoetntesem.
449 4247 478 4295 B.
634 4243 808 4292 tionemtent!
830 4243 935 4291 Panna.

77 4312 113 4359 tt.
125 4313 265 4379 Defnngter]
278 4312 387 4376 Desungi,
397 4310 515 4360 desinere.
540 4310 572 4359 D.
666 4311 704 4357 38.
718 4311 740 4357 A
756 4324 847 4366 samo,
884 4326 912 4357 e.-
926 4312 1083 4358 Phormionem
1091 4315 1196 4374 putenm

78 4376 206 4430 ienitate
220 4396 290 4443 porro
307 4382 382 4427 minut
392 4384 538 4439 peceowrum
554 4392 598 4438 pu-
632 4326 850 4437 mentoivugil.
896 4390 920 4422 n.
932 4374 958 4421 ii.
971 4376 1027 4423 549.
1044 4378 1195 4439 Degenerem·

48 4439 119 4505 W]
141 4444 293 4505 Quiadixit,
314 4446 398 4495 obtine
416 4458 486 4491 amos
505 4444 602 4505 quiade·
634 4440 859 4503 quartanum
868 4456 966 4491 merare
975 4448 1091 4491 maesto.
1113 4441 1146 4491 D.
