2834 4759
193 197 196 207 ,
226 146 298 211 620
663 142 942 210 TERENTII
1197 142 1395 227 [sermm.

272 279 342 346 Art.
361 278 525 343 Setin’illi
541 278 592 343 Di'
604 291 680 345 sunt
693 281 848 365 propitii?
886 279 953 343 Gn.
968 276 1056 343 Nam
1071 289 1128 343 sat
1137 278 1214 356 seio,
1284 328 1290 337 .

274 378 360 443 Situ
376 376 514 461 eliquans
528 388 653 462 partem
667 380 753 462 aequi
767 379 913 461 bonique·
922 376 1057 454 dixeris,

274 475 324 541 Ut
336 486 387 541 est
401 474 453 539 ille
468 476 573 539 bonus
588 478 648 551 vir,
664 478 726 541 tris
739 498 805 541 non
818 476 1054 541 commutabitis

275 573 388 639 Verba
401 572 500 637 hodie
514 574 681 639 intervos.
720 573 788 639 Dn.
804 573 888 646 Quis
903 585 937 638 te
950 574 1040 638 istaec
1050 574 1151 659 jussit
1162 572 1278 657 loqui?

231 686 263 733 ιι
276 672 339 737 Cu.
357 670 458 735 Immo
472 693 537 736 non
552 673 659 757 potuit
669 670 786 737 melius
799 673 996 755 pervenirier

276 770 341 848 Eo,
356 792 422 855 quo
436 792 494 833 nos
510 768 667 835 volumus.
706 770 775 834 Au.
793 769 931 835 Occidi!
968 770 1032 834 Cu.
1049 768 1156 854 Perge
1170 768 1296 853 eloqui.

276 869 343 933 Gn.
361 868 393 933 A
408 870 513 953 primo
528 868 625 933 homo
639 870 812 934 insanibat.
849 868 913 933 Cn.
931 868 1035 946 Cedo,
1050 869 1129 952 quid
1144 867 1321 952 postulati

240 1015 242 1021 -
277 967 343 1032 Gn.
362 968 475 1041 Quid?
498 968 628 1031 nimium
644 978 799 1051 quantum
821 966 925 1031 libuit.
971 967 1035 1031 Cu.
1059 966 1136 1031 Die.
1179 964 1247 1029 Gn.
1266 965 1309 1028 Si
1324 965 1397 1049 quis

343 1066 437 1129 daret

277 1163 451 1230 Talentum
465 1174 631 1247 magnum
662 1163 727 1228 Cn.
740 1163 842 1229 Immo
851 1163 968 1229 malum
979 1162 1106 1228 hercle:
1129 1175 1167 1227 ut
1176 1162 1258 1226 nihil
1266 1161 1394 1248 pudet!

234 1276 267 1323 ιο
279 1263 346 1328 Gn.
363 1261 463 1336 Quod
479 1262 547 1325 dixi
563 1262 646 1326 adeo
660 1264 711 1328 ei:
734 1285 858 1347 quaeso,
873 1263 974 1347 quidt
998 1263 1026 1325 si
1038 1261 1136 1325 filiam

278 1362 377 1426 Suam
393 1361 519 1424 unicam
533 1358 655 1425 locaret
667 1363 679 1424 l
702 1362 794 1445 parvi
808 1360 919 1425 retulit

278 1460 357 1525 Non
371 1460 571 1543 suscepisse:
596 1460 726 1524 inventa
739 1472 790 1525 est
805 1482 879 1543 quae
893 1460 1002 1523 dotem
1015 1469 1117 1543 petat.

277 1558 326 1623 Ut
341 1558 383 1621 ad
398 1579 502 1641 pauca
517 1557 657 1633 redeam,
674 1580 713 1622 ac
724 1559 849 1623 mittam
862 1557 945 1622 illius
959 1559 1109 1642 ineptias,

278 1656 362 1720 Haec
378 1656 517 1739 denique
532 1656 603 1739 ejus
617 1655 678 1720 fuit
692 1668 856 1741 postrema
870 1656 992 1721 oratio:

232 1769 263 1816 ss
278 1754 364 1839 Ego,
380 1753 494 1837 inquit,
505 1754 573 1836 jam
588 1777 607 1817 a
620 1755 780 1839 principio
794 1755 886 1819 amici
900 1754 1010 1832 filiam,

274 1853 325 1918 Ita
340 1863 376 1916 ut
390 1874 517 1935 aequom
532 1851 650 1931 fueret,
664 1852 750 1918 volui
761 1876 897 1918 uxorem
912 1853 1051 1917 ducere:

266 2070 305 2117 32.
317 2071 424 2131 Aliquam
441 2066 543 2130 partem]
564 2067 619 2116 Etsi
639 2083 688 2116 non
709 2076 795 2128 totum,
861 2069 899 2117 89.
915 2070 1033 2116 Talentum
1043 2063 1163 2130 ιιαριιιιιι]
1175 2065 1299 2115 Priscian.
1313 2068 1356 2116 lib.
1366 2066 1397 2113 de

235 2134 274 2183 vel
286 2134 390 2195 aliquam
402 2142 503 2197 partem.
528 2132 559 2181 D.
827 2134 928 2196 ponder.
953 2133 1393 2191 L-Verbalnnonalsnkup

266 2202 305 2247 33.
321 2202 377 2247 Tria
396 2215 440 2246 non
457 2200 622 2247 commutabitis
643 2201 712 2246 oerlaa
730 2200 796 2247 ltodie
828 2197 892 2245 sieut
906 2198 1033 2261 superiora
1044 2200 1179 2260 Cetoque
1190 2198 1395 2258 „euomuisse

233 2268 294 2313 inter
311 2262 361 2325 nos]
381 2264 421 2311 Sic
441 2262 561 2319 dicebant
576 2263 684 2326 jurgium
701 2262 795 2326 signifi-
829 2261 986 2325 Demiphoni,
997 2261 1066 2310 libris
1077 2262 1166 2310 nostris
1174 2262 1290 2310 ducibus.
1323 2263 1395 2309 Hune

233 2340 322 2377 cantes
342 2328 443 2391 Proprie
451 2330 519 2375 verba
530 2336 718 2386 consumment,
730 2328 795 2391 quod
826 2327 892 2375 enirn
903 2327 1018 2375 convenit
1028 2326 1171 2383 exclamare,
1182 2326 1278 2391 quippe
1290 2330 1337 2391 qui
1347 2340 1395 2374 rne-

233 2392 463 2441 altereorldicimus.
488 2392 519 2440 D.
827 2393 917 2449 tuebar,
929 2406 961 2439 ne
972 2392 1003 2439 de
1014 2407 1059 2440 suo
1069 2391 1213 2439 solvendum
1224 2404 1301 2441 esset.
1328 2393 1356 2440 R

269 2460 307 2505 35.
320 2460 390 2505 Immo
407 2474 450 2505 aon
469 2460 545 2517 potuit
563 2456 655 2519 melius]
677 2457 795 2506 Chremes
860 2459 901 2504 40.
921 2456 1008 2513 Qaaeso,
1026 2459 1082 2519 qaid
1097 2460 1119 2504 ai
1137 2460 1227 2504 ιιιιὶωιι
1238 2458 1337 2520 filla]
1356 2455 1393 2509 Ut.

234 2522 321 2585 arripit
338 2520 466 2570 eonsilium
481 2522 546 2583 quod
564 2521 610 2569 fuit
627 2522 794 2570 commodissi·
827 2520 915 2583 inquit,
937 2522 1091 2569 ostenderem
1114 2520 1145 2580 ei,
1167 2522 1259 2583 injuste
1290 2523 1395 2586 positam

233 2603 310 2644 mum,
321 2596 355 2643 ut,
367 2586 466 2633 exclusa
477 2586 531 2641 ists,
544 2586 620 2649 possit
632 2587 706 2635 filiam
725 2601 793 2635 susm
826 2602 953 2643 summam,
970 2586 1029 2644 dixi,
1042 2586 1107 2640 Quid
1124 2587 1143 2634 si
1161 2596 1188 2633 tu
1199 2586 1304 2636 uniosm
1321 2588 1394 2636 sliam

236 2651 399 2714 Demiphonis
410 2650 461 2698 filio
473 2650 597 2699 collocare.
622 2651 651 2699 E.
827 2662 893 2698 tunm
910 2651 936 2698 in
948 2652 1129 2700 matrimonium
1140 2650 1282 2710 collocares,
1296 2664 1394 2701 tantun·

267 2715 340 2767 sm
356 2720 430 2778 primo
446 2715 721 2777 ltomoiruanibatlQuo
734 2716 794 2763 faei-
827 2716 881 2763 dem
893 2716 1055 2764 dotisdnres?
1079 2716 1109 2763 E.

235 2781 283 2830 lius
294 2780 444 2844 persuadeat,
457 2796 575 2828 summam
588 2782 724 2829 necessario
735 2781 796 2828 dicit
859 2783 898 2828 41.
916 2783 988 2829 Paret
1003 2780 1096 2843 retum]
1114 2780 1185 2829 Nihil
1200 2780 1336 2832 interfuit:
1358 2779 1393 2829 rel

232 2849 348 2909 majorem
360 2846 440 2909 primo
454 2844 562 2909 petitam.
576 2845 795 2893 E.—1manlrehie
826 2860 913 2909 parum
921 2845 1071 2902 interfuisti
1079 2856 1123 2903 est,
1132 2846 1194 2893 nihil
1202 2846 1307 2909 profuit.
1332 2848 1393 2895 D.-

233 2926 283 2959 non
302 2926 355 2959 esse
375 2913 517 2966 mbaeclrart,
534 2909 577 2957 aed
593 2913 723 2958 immunem
740 2927 794 2971 pre-
827 2913 899 2958 Parot
908 2909 1002 2973 retellt]
1015 2911 1063 2958 Sed
1074 2910 1225 2958 contemsisti
1236 2910 1311 2969 illud,
1323 2926 1392 2977 prop·

234 2980 291 3025 tiam
310 2979 434 3039 postolare,
456 2985 522 3023 reete
543 2974 605 3022 vidit
631 2975 794 3037 Eugrnphius.
827 2986 894 3023 teres
905 2974 962 3037 qnia
971 2990 1020 3023 non
1031 2974 1167 3040 susceperis
1175 2975 1266 3030 liliatas
1285 2974 1392 3040 sedpsri

233 3044 316 3103 Atque
327 3056 396 3089 usum
413 3040 478 3088 huno
494 3040 562 3087 verbi
579 3038 661 3088 multis
676 3040 796 3103 exemplis
827 3039 989 3088 modoetiam
1006 3040 1133 3088 dominus:
1151 3054 1208 3088 ιιιιιιι
1225 3040 1262 3087 sie
1273 3042 1360 3106 erepit,
1371 3048 1393 3087 et

234 3106 316 3153 docuit
328 3106 439 3168 Cuperus
451 3106 587 3153 Observstt.
600 3104 615 3152 i.
631 3106 667 3153 19.
693 3104 720 3151 Z.
830 3107 1034 3167 invenissetque
1046 3109 1200 3165 dotenpetat.
1224 3104 1256 3152 E.

267 3172 305 3218 38.
325 3172 387 3221 Quid
393 3174 405 3218 l
428 3172 521 3217 nimiam
536 3178 644 3231 quantam
661 3168 743 3231 libuit]
760 3172 795 3216 A·
861 3172 901 3217 42
915 3172 966 3217 Non
977 3174 1117 3231 suscepisset
1134 3174 1227 3217 inventa
1243 3179 1281 3218 est
1292 3172 1391 3234 quado-

234 3234 285 3299 pud
296 3234 413 3296 quosdam
430 3234 531 3281 diverse
548 3250 658 3297 persone
669 3249 724 3282 cum
740 3248 795 3281 ver·
829 3242 873 3281 tm
881 3234 959 3296 petat]
974 3235 1003 3282 ln
1015 3236 1102 3282 Graeea
1112 3234 1193 3283 fabula
1203 3250 1283 3283 senex
1301 3236 1349 3284 hoc
1359 3234 1391 3281 di·

232 3298 271 3347 bia
286 3298 395 3361 singulis
420 3298 580 3360 D.-Lt'lmlt]
595 3298 650 3347 Hoc
662 3310 705 3357 est,
718 3315 795 3361 quan·
828 3300 869 3356 eit,
880 3302 943 3350 Qst'd
950 3304 1087 3348 interestne
1095 3316 1139 3347 m
1150 3300 1392 3360 meeptssefils'ami

232 3374 285 3413 tum
297 3364 321 3412 ei
333 3362 412 3417 libuit,
425 3370 518 3410 tantum
553 3363 674 3411 ostulsvir.
708 3366 797 3426 Siquis
828 3367 891 3411 uodo
901 3367 942 3411 dos
953 3367 1047 3413 dobttm
1061 3368 1164 3412 alena?
1192 3364 1392 3428 D.-·llludqn'⁰

233 3432 301 3477 daret
313 3430 421 3476 talentum
432 3379 551 3489 magnitud
569 3428 680 3476 Dicendo
691 3446 797 3491 magnm
828 3439 885 3476 ante
897 3433 995 3485 inmte,
1006 3429 1069 3491 quod
1080 3429 1106 3476 in
1118 3428 1263 3491 quibusdam
1275 3430 1349 3479 libris
1358 3444 1391 3477 re·

233 3492 316 3543 innuit
342 3492 460 3540 talentum
488 3507 541 3539 esse
564 3502 589 3540 et
616 3496 695 3541 minus.
731 3494 796 3541 Nam
828 3494 930 3558 peritur,
942 3505 979 3542 est
994 3494 1120 3556 glossenm
1132 3493 1312 3555 qnodaversu
1330 3497 1390 3543 dan·

233 3558 308 3621 majas
318 3557 465 3621 appenditur
476 3572 523 3604 cxx
534 3556 609 3605 libris.
630 3558 797 3606 E.-Ntnr'am
829 3569 908 3617 natur,
920 3574 992 3606 neca
1005 3574 1079 3607 sensu
1095 3574 1242 3622 magnopere
1254 3561 1389 3623 requiritur.

233 3622 354 3685 quantum]
374 3622 468 3670 Charis.
490 3621 531 3669 lib.
549 3622 574 3669 ii.
607 3622 728 3670 Is-Cod
748 3625 797 3671 900
828 3624 893 3671 Nam
916 3623 1008 3687 ellipsis
1035 3638 1146 3687 personae
1167 3624 1292 3673 narrantis
1319 3623 1390 3686 inagis

233 3702 354 3736 annorum
376 3696 484 3750 qnantum
505 3688 599 3739 voluit!
618 3697 643 3735 et
666 3690 734 3735 libuit
750 3704 796 3750 pro
828 3689 950 3736 convenit.
974 3689 1003 3735 Z.

234 3752 300 3801 veria
317 3752 421 3801 lectione
437 3752 502 3799 inter
518 3751 602 3800 linens.
636 3752 702 3800 Hinc
720 3762 796 3815 patet,
860 3755 899 3800 45.
914 3756 970 3817 Ego,
988 3755 1069 3815 lnquit,
1086 3753 1140 3814 jaas
1160 3770 1175 3801 ιι
1190 3757 1310 3815 principio
1329 3755 1391 3802 oniti

232 3826 362 3880 utrumque
371 3832 424 3865 esse
436 3816 580 3864 addititium.
609 3816 711 3879 Corrige
722 3818 797 3879 igitur
822 3817 912 3881 filum]
937 3818 984 3866 Per
1006 3818 1152 3881 ethopoeiam
1174 3818 1253 3866 oratio
1269 3820 1390 3868 inducitur

233 3898 288 3931 oum
308 3882 370 3939 aliis,
392 3882 441 3929 Gn.
465 3884 546 3933 Quid?
568 3884 660 3929 ιιὲιιιίιιιιι
677 3891 794 3944 quantam.
829 3883 1327 3932 Phormioniaadsummamneeessariam
1339 3896 1390 3947 pet·

233 3947 281 3995 Cu.
303 3950 438 3999 Quantum?
464 3949 508 3993 die.
542 3946 590 3995 Ge.
609 3950 635 3995 st
651 3950 703 4009 qots
720 3950 794 3995 daret.
828 3948 949 3995 venientia
970 3947 1134 4012 persuasione.
1169 3952 1206 3996 Ae
1222 3948 1307 4011 primo
1323 3960 1388 3997 cause

233 4012 274 4063 stc
283 4012 340 4059 alim
350 4012 445 4074 legebat
452 4010 538 4059 Celsus
548 4012 720 4074 grammaticus
731 4012 796 4075 apud
827 4012 934 4077 ponitur,
945 4028 989 4060 cur
1004 4028 1053 4060 non
1064 4022 1121 4060 anta
1133 4028 1186 4059 eam
1198 4012 1313 4060 duxerit:
1331 4011 1387 4076 qnod

233 4076 326 4125 Charis
342 4092 364 4139 p.
381 4078 433 4123 185.
452 4079 554 4124 Nimium
565 4086 690 4139 qnantum.-
711 4079 794 4125 Teren·
828 4092 890 4140 opus
905 4088 1006 4139 argento
1022 4078 1068 4125 sibi
1085 4077 1172 4125 suerit:
1190 4087 1215 4125 et
1230 4077 1327 4126 idcirco
1341 4091 1388 4125 earn

233 4144 458 4189 tlaslnPhormione.
496 4144 541 4189 Ubi
554 4145 793 4202 Celsuspronunelots
825 4142 914 4190 ducere
930 4141 1014 4198 voluit,
1031 4156 1085 4204 quer
1103 4142 1187 4190 afferat
1205 4140 1306 4205 aliquid,
1330 4142 1387 4191 unde

232 4208 268 4256 ult
284 4204 390 4253 immane
407 4215 531 4267 quantum,
555 4206 698 4254 incredibile
717 4222 794 4268 quan·
827 4206 1048 4269 dissolveretque
1065 4206 1175 4255 debebst.
1210 4208 1278 4271 Ergo
1298 4209 1322 4256 si
1344 4210 1388 4255 hac

233 4278 293 4317 turn.
328 4272 393 4318 Licet
410 4274 503 4333 quidam
518 4275 552 4319 sto
569 4274 653 4334 legant,
670 4275 753 4334 inquit,
769 4280 796 4319 at
828 4271 1031 4333 dabiequantum
1043 4272 1157 4335 promisit
1171 4272 1289 4335 illeque
1304 4285 1387 4336 sponsa

233 4333 335 4389 nimium
347 4350 424 4383 semor
433 4338 503 4394 duat,
524 4348 640 4397 quantum
656 4352 796 4387 vernasset.-
828 4348 867 4385 eat
878 4336 952 4393 mihi;
969 4339 1056 4385 sallom
1066 4340 1122 4385 milti
1137 4340 1222 4393 nolim,
1233 4354 1304 4399 pann
1320 4342 1386 4387 ism

233 4401 621 4463 sedaentsutiomnoniatelligunt.
643 4401 672 4450 Β.
767 4428 772 4446 ·.
806 4402 1043 4461 lammam&
